{"gold_per_floor":[119,138,151,151,162,162,162,162,162,196,206,206],"floor_reached":12,"playtime":478,"items_purged":[],"score":108,"play_id":"12c3687a-d66c-407d-b290-94f0331960a4","local_time":"20190515154013","is_ascension_mode":true,"campfire_choices":[{"floor":6,"key":"REST"},{"data":"Zap","floor":8,"key":"SMITH"}],"neow_cost":"NONE","seed_source_timestamp":43592703724212,"circlet_count":0,"master_deck":["Strike_B","Strike_B","Strike_B","Defend_B","Defend_B","Defend_B","Defend_B","Zap+1","Dualcast","Coolheaded","Glacier","Gash","Creative AI+1"],"relics":["Cracked Core","Happy Flower","Lantern","Frozen Egg 2"],"potions_floor_usage":[10,12],"damage_taken":[{"damage":5,"enemies":"Small Slimes","floor":1,"turns":3},{"damage":1,"enemies":"Cultist","floor":2,"turns":3},{"damage":5,"enemies":"Jaw Worm","floor":3,"turns":4},{"damage":34,"enemies":"Gremlin Gang","floor":5,"turns":6},{"damage":6,"enemies":"3 Sentries","floor":10,"turns":9},{"damage":29,"enemies":"Lots of Slimes","floor":11,"turns":5},{"damage":8,"enemies":"Lagavulin","floor":12,"turns":6}],"seed_played":"2654256494383335984","potions_obtained":[{"floor":2,"key":"AttackPotion"},{"floor":5,"key":"LiquidBronze"}],"is_trial":false,"path_per_floor":["M","M","M","?","M","R","?","R","T","E","M","E"],"character_chosen":"DEFECT","items_purchased":[],"campfire_rested":1,"item_purchase_floors":[],"current_hp_per_floor":[63,62,57,50,16,38,38,38,38,32,3,0],"gold":206,"neow_bonus":"RANDOM_COMMON_RELIC","is_prod":false,"is_daily":false,"chose_seed":false,"campfire_upgraded":1,"win_rate":0,"timestamp":1557949213,"path_taken":["M","M","M","?","?","R","?","R","T","E","M","E"],"build_version":"2019-01-23","purchased_purges":0,"victory":false,"max_hp_per_floor":[75,75,75,75,75,75,75,75,75,75,75,75],"card_choices":[{"not_picked":["Streamline","Barrage","Stack"],"picked":"SKIP","floor":1},{"not_picked":["Compile Driver","Barrage"],"picked":"Coolheaded","floor":2},{"not_picked":["Turbo","Hello World"],"picked":"Glacier","floor":3},{"not_picked":["Stack","Beam Cell"],"picked":"Gash","floor":5},{"not_picked":["Streamline","Storm"],"picked":"Creative AI","floor":10},{"not_picked":["Tempest","Turbo","Redo"],"picked":"SKIP","floor":11}],"player_experience":554713,"relics_obtained":[{"floor":9,"key":"Lantern"},{"floor":10,"key":"Frozen Egg 2"}],"event_choices":[{"damage_healed":0,"gold_gain":0,"player_choice":"Damaged","damage_taken":7,"max_hp_gain":0,"max_hp_loss":0,"event_name":"Wheel of Change","floor":4,"gold_loss":0},{"cards_removed":["Strike_B"],"damage_healed":0,"gold_gain":0,"player_choice":"Purged","damage_taken":0,"max_hp_gain":0,"max_hp_loss":0,"event_name":"Purifier","floor":7,"gold_loss":0}],"is_beta":false,"boss_relics":[],"items_purged_floors":[],"is_endless":false,"potions_floor_spawned":[2,5],"killed_by":"Lagavulin","ascension_level":7}