{"gold_per_floor":[110,110,129,59,59,94,94,121,121,121,155,173,173,204,204,300,300,310,5,5,16,16,16,33,58,70,82],"floor_reached":27,"playtime":799,"items_purged":["Normality"],"score":460,"play_id":"a6cc2be0-841c-4c92-8fc2-b6fe14f00adc","local_time":"20190425000758","is_ascension_mode":true,"campfire_choices":[{"data":"Dagger Spray","floor":7,"key":"SMITH"},{"data":"Sucker Punch","floor":10,"key":"SMITH"},{"floor":13,"key":"REST"},{"floor":15,"key":"REST"},{"floor":23,"key":"REST"}],"neow_cost":"NONE","seed_source_timestamp":204848705317419,"circlet_count":0,"master_deck":["AscendersBane","Defend_G","Defend_G","Defend_G","Defend_G","Defend_G","Strike_G","Strike_G","Strike_G","Strike_G","Survivor","Neutralize+1","Deadly Poison","Sucker Punch+1","Caltrops","Dagger Spray+1","Blur","Dash","PiercingWail","Wraith Form v2+1","Pain","Pain","Cloak And Dagger","Backflip","Noxious Fumes+1"],"relics":["Ring of the Snake","NeowsBlessing","The Courier","Bronze Scales","Bottled Flame","Ninja Scroll","Frozen Egg 2","Calling Bell","Pen Nib","Singing Bowl","Mango","Shuriken","MawBank","PreservedInsect"],"potions_floor_usage":[24,24],"damage_taken":[{"damage":0,"enemies":"Small Slimes","floor":1,"turns":1},{"damage":0,"enemies":"Cultist","floor":3,"turns":1},{"damage":0,"enemies":"Lagavulin","floor":6,"turns":1},{"damage":27,"enemies":"Gremlin Nob","floor":11,"turns":5},{"damage":0,"enemies":"2 Louse","floor":12,"turns":1},{"damage":2,"enemies":"3 Sentries","floor":14,"turns":6},{"damage":12,"enemies":"The Guardian","floor":16,"turns":10},{"damage":8,"enemies":"Chosen","floor":18,"turns":6},{"damage":38,"enemies":"Spheric Guardian","floor":21,"turns":5},{"damage":28,"enemies":"3 Cultists","floor":24,"turns":5},{"damage":17,"enemies":"Book of Stabbing","floor":25,"turns":6},{"damage":25,"enemies":"Slavers","floor":27,"turns":1}],"seed_played":"1092728713970486394","potions_obtained":[{"floor":11,"key":"Strength Potion"},{"floor":12,"key":"SkillPotion"},{"floor":24,"key":"SmokeBomb"},{"floor":25,"key":"FearPotion"}],"is_trial":false,"path_per_floor":["M","?","M","$","?","E","R","T","T","R","E","M","R","E","R","B",null,"M","$","?","M","?","R","M","E","T","E"],"character_chosen":"THE_SILENT","items_purchased":["Caltrops","Shuriken","Backflip"],"campfire_rested":3,"item_purchase_floors":[4,19,19],"current_hp_per_floor":[63,63,63,63,56,56,56,56,56,56,29,29,50,48,69,57,81,73,73,73,37,37,62,36,19,19,0],"gold":82,"neow_bonus":"THREE_ENEMY_KILL","is_prod":false,"is_daily":false,"chose_seed":false,"campfire_upgraded":2,"win_rate":0,"timestamp":1556165278,"path_taken":["M","?","M","?","?","E","R","?","T","R","E","M","R","E","R","BOSS","M","$","?","M","?","R","?","E","T","E"],"build_version":"2019-01-23","purchased_purges":1,"victory":false,"max_hp_per_floor":[70,70,70,70,70,70,70,70,70,70,70,70,70,70,70,70,84,84,84,84,86,86,86,88,88,88,88],"card_choices":[{"not_picked":["Bouncing Flask","Skewer"],"picked":"Deadly Poison","floor":1},{"not_picked":["Heel Hook","Deflect"],"picked":"Sucker Punch","floor":3},{"not_picked":["Setup","Outmaneuver"],"picked":"Dagger Spray","floor":6},{"not_picked":["Expertise","Underhanded Strike"],"picked":"Blur","floor":11},{"not_picked":["Concentrate","Poisoned Stab"],"picked":"Dash","floor":12},{"not_picked":["Unload","Infinite Blades"],"picked":"PiercingWail","floor":14},{"not_picked":["Bullet Time","Night Terror"],"picked":"Wraith Form v2+1","floor":16},{"not_picked":["Underhanded Strike","Quick Slash"],"picked":"Cloak And Dagger","floor":18},{"not_picked":["Cloak And Dagger","Flying Knee","Tactician"],"picked":"Singing Bowl","floor":21},{"not_picked":["Slice","Concentrate","Cloak And Dagger"],"picked":"Singing Bowl","floor":24},{"not_picked":["Setup+1","PiercingWail+1"],"picked":"Noxious Fumes+1","floor":25}],"player_experience":461490,"relics_obtained":[{"floor":6,"key":"The Courier"},{"floor":8,"key":"Bronze Scales"},{"floor":9,"key":"Bottled Flame"},{"floor":11,"key":"Ninja Scroll"},{"floor":14,"key":"Frozen Egg 2"},{"floor":17,"key":"Pen Nib"},{"floor":17,"key":"Singing Bowl"},{"floor":17,"key":"Mango"},{"floor":25,"key":"MawBank"},{"floor":26,"key":"PreservedInsect"}],"event_choices":[{"damage_healed":0,"gold_gain":0,"player_choice":"Upgraded","damage_taken":0,"max_hp_gain":0,"max_hp_loss":0,"event_name":"Upgrade Shrine","floor":2,"gold_loss":0,"cards_upgraded":["Neutralize"]},{"cards_removed":["Strike_G"],"damage_healed":0,"gold_gain":0,"player_choice":"Card Removal","damage_taken":7,"max_hp_gain":0,"max_hp_loss":0,"event_name":"Golden Wing","floor":5,"gold_loss":0},{"damage_healed":0,"gold_gain":0,"player_choice":"Ignored","damage_taken":0,"max_hp_gain":0,"max_hp_loss":0,"event_name":"Beggar","floor":20,"gold_loss":0},{"damage_healed":0,"gold_gain":0,"player_choice":"Ignored","damage_taken":0,"max_hp_gain":0,"max_hp_loss":0,"event_name":"N\u0027loth","floor":22,"gold_loss":0}],"is_beta":false,"boss_relics":[{"not_picked":["Snecko Eye","Runic Dome"],"picked":"Calling Bell"}],"items_purged_floors":[19],"is_endless":false,"potions_floor_spawned":[11,12,24,25],"killed_by":"Slavers","ascension_level":12}