{"gold_per_floor":[113,131,131,24,24,24,55,55,55,55,71,102,14,14,14,92,92,106,120,0,0,0],"floor_reached":22,"playtime":1133,"items_purged":[],"score":380,"play_id":"49fe6810-a0da-4b88-a3dd-d969d967c8d7","local_time":"20190120191406","is_ascension_mode":true,"campfire_choices":[{"data":"Neutralize","floor":6,"key":"SMITH"},{"data":"Cloak And Dagger","floor":8,"key":"SMITH"},{"data":"Blade Dance","floor":10,"key":"SMITH"},{"floor":15,"key":"REST"}],"neow_cost":"","seed_source_timestamp":1005049782614549,"circlet_count":0,"master_deck":["AscendersBane","Defend_G","Defend_G","Defend_G","Defend_G","Defend_G","Strike_G","Strike_G","Survivor","Neutralize+1","Backflip","Poisoned Stab","Cloak And Dagger+1","Blade Dance+1","Noxious Fumes","Predator","Footwork","After Image","Dagger Throw+1","Die Die Die+1","Crippling Poison+1","Poisoned Stab","Calculated Gamble","Decay"],"relics":["Ring of the Snake","Gambling Chip","Mercury Hourglass","Bottled Flame","Pocketwatch","Blue Candle","Astrolabe"],"potions_floor_usage":[7,12,16],"damage_taken":[{"damage":5,"enemies":"Cultist","floor":1,"turns":5},{"damage":2,"enemies":"2 Louse","floor":2,"turns":3},{"damage":35,"enemies":"3 Sentries","floor":7,"turns":17},{"damage":3,"enemies":"Jaw Worm","floor":11,"turns":2},{"damage":11,"enemies":"Lagavulin","floor":12,"turns":5},{"damage":13,"enemies":"Hexaghost","floor":16,"turns":9},{"damage":22,"enemies":"Shell Parasite","floor":18,"turns":5},{"damage":0,"enemies":"3 Byrds","floor":19,"turns":2},{"damage":34,"enemies":"Sentry and Sphere","floor":22,"turns":5}],"seed_played":"3361561338325343519","potions_obtained":[{"floor":2,"key":"Regen Potion"},{"floor":11,"key":"Poison Potion"},{"floor":12,"key":"Strength Potion"}],"is_trial":true,"path_per_floor":["M","M","?","$","?","R","E","R","T","R","M","E","$","T","R","B",null,"M","M","?","?","M"],"character_chosen":"THE_SILENT","items_purchased":["SteroidPotion","Cloak And Dagger","Footwork"],"campfire_rested":1,"item_purchase_floors":[4,4,13],"current_hp_per_floor":[54,52,52,52,52,52,32,32,32,32,29,18,18,18,37,24,56,34,34,34,34,0],"gold":0,"neow_bonus":"","is_prod":false,"is_daily":false,"chose_seed":false,"campfire_upgraded":3,"win_rate":0,"timestamp":1548029646,"path_taken":["M","M","?","$","?","R","E","R","T","R","?","E","?","?","R","BOSS","M","M","?","?","?"],"build_version":"2019-01-17v2","purchased_purges":0,"victory":false,"max_hp_per_floor":[66,66,66,66,66,66,66,66,66,66,66,66,66,66,66,66,66,66,66,66,66,66],"card_choices":[{"not_picked":["Sucker Punch","Slice"],"picked":"Backflip","floor":1},{"not_picked":["Flying Knee","Blade Dance"],"picked":"Poisoned Stab","floor":2},{"not_picked":["Acrobatics","Outmaneuver"],"picked":"Blade Dance","floor":7},{"not_picked":["Dodge and Roll","All Out Attack"],"picked":"Noxious Fumes","floor":11},{"not_picked":["Deflect","Quick Slash"],"picked":"Predator","floor":12},{"not_picked":["Phantasmal Killer","Glass Knife"],"picked":"After Image","floor":16},{"not_picked":["Outmaneuver","Underhanded Strike"],"picked":"Poisoned Stab","floor":18},{"not_picked":["Deflect","Sucker Punch"],"picked":"Calculated Gamble","floor":19}],"player_experience":144574,"relics_obtained":[{"floor":7,"key":"Mercury Hourglass"},{"floor":9,"key":"Bottled Flame"},{"floor":12,"key":"Pocketwatch"},{"floor":14,"key":"Blue Candle"}],"event_choices":[{"damage_healed":0,"gold_gain":0,"player_choice":"Ignored","damage_taken":0,"max_hp_gain":0,"max_hp_loss":0,"event_name":"Shining Light","floor":3,"gold_loss":0},{"damage_healed":0,"gold_gain":0,"player_choice":"Gave Potion","damage_taken":0,"relics_obtained":["Gambling Chip"],"max_hp_gain":0,"max_hp_loss":0,"event_name":"WeMeetAgain","floor":5,"gold_loss":0},{"damage_healed":0,"gold_gain":0,"player_choice":"Paid Fearfully","damage_taken":0,"max_hp_gain":0,"max_hp_loss":0,"event_name":"Masked Bandits","floor":20,"gold_loss":120},{"damage_healed":0,"gold_gain":0,"player_choice":"Smashed Altar","damage_taken":0,"max_hp_gain":0,"max_hp_loss":0,"event_name":"Forgotten Altar","floor":21,"gold_loss":0,"cards_obtained":["Decay"]}],"is_beta":false,"boss_relics":[{"not_picked":["Runic Dome","Orrery"],"picked":"Astrolabe"}],"items_purged_floors":[],"is_endless":false,"potions_floor_spawned":[2,11,12],"killed_by":"Sentry and Sphere","ascension_level":20}