{"gold_per_floor":[209,223,223,94,94,94,113,44,44,44,64,64,64,93,93,195,195,180,198,48,0,10,45,45],"floor_reached":24,"playtime":1085,"items_purged":["Normality"],"score":225,"play_id":"60e6bd15-5a88-4279-91c7-b6dfc6a59e13","local_time":"20181013001328","is_ascension_mode":true,"campfire_choices":[{"data":"Capacitor","floor":6,"key":"SMITH"},{"data":"Defragment","floor":10,"key":"SMITH"},{"data":"Dualcast","floor":12,"key":"SMITH"},{"data":"Conserve Battery","floor":15,"key":"SMITH"}],"neow_cost":"NONE","seed_source_timestamp":611178214002,"circlet_count":0,"master_deck":["Strike_B","Strike_B","Strike_B","Strike_B+1","Defend_B","Defend_B","Defend_B","Defend_B","Zap+1","Dualcast+1","Stack","Ball Lightning","Capacitor+1","Conserve Battery+1","Coolheaded","Defragment+1","Doom and Gloom","Parasite","Cold Snap","Buffer","Injury","Regret","Hologram","Rebound+1","Chaos","Stack"],"relics":["Cracked Core","Shuriken","Nunchaku","Calling Bell","Strawberry","Mummified Hand","Ginger","Shovel"],"potions_floor_usage":[14,16,23,23,23],"damage_taken":[{"damage":8,"enemies":"Jaw Worm","floor":1,"turns":3},{"damage":1,"enemies":"Cultist","floor":2,"turns":3},{"damage":0,"enemies":"2 Louse","floor":7,"turns":2},{"damage":4,"enemies":"Large Slime","floor":11,"turns":4},{"damage":12,"enemies":"Lagavulin","floor":14,"turns":6},{"damage":24,"enemies":"The Guardian","floor":16,"turns":9},{"damage":23,"enemies":"2 Thieves","floor":18,"turns":4},{"damage":19,"enemies":"Shell Parasite","floor":19,"turns":7},{"damage":16,"enemies":"Snecko","floor":22,"turns":6},{"damage":18,"enemies":"Slavers","floor":23,"turns":3},{"damage":7,"enemies":"Centurion and Healer","floor":24,"turns":1}],"seed_played":"2232863411136917453","potions_obtained":[{"floor":7,"key":"SkillPotion"},{"floor":14,"key":"Ancient Potion"},{"floor":16,"key":"SpeedPotion"},{"floor":18,"key":"Explosive Potion"},{"floor":22,"key":"PowerPotion"},{"floor":23,"key":"GamblersBrew"}],"is_trial":false,"path_per_floor":["M","M","?","$","?","R","M","$","T","R","M","R","?","E","R","B",null,"M","M","$","?","M","E"],"character_chosen":"DEFECT","items_purchased":["Capacitor","Conserve Battery","Defragment","Chaos"],"campfire_rested":0,"item_purchase_floors":[4,4,8,20],"current_hp_per_floor":[67,66,66,66,51,51,51,51,51,51,47,47,65,53,53,29,82,59,40,40,40,24,6,0],"gold":45,"neow_bonus":"HUNDRED_GOLD","is_prod":false,"is_daily":false,"chose_seed":false,"campfire_upgraded":4,"win_rate":0,"timestamp":1539400408,"path_taken":["M","M","?","$","?","R","M","$","T","R","M","R","?","E","R","BOSS","M","M","$","?","M","E","M"],"build_version":"2018-10-11","purchased_purges":1,"victory":false,"max_hp_per_floor":[75,75,75,75,75,75,75,75,75,75,75,75,75,75,75,75,82,82,82,82,82,82,82,82],"card_choices":[{"not_picked":["Go for the Eyes","Gash"],"picked":"Stack","floor":1},{"not_picked":["Stack","Hyperbeam"],"picked":"Ball Lightning","floor":2},{"not_picked":["Sweeping Beam","Rip and Tear"],"picked":"Coolheaded","floor":7},{"not_picked":["Steam Power","Leap"],"picked":"Doom and Gloom","floor":11},{"not_picked":["Streamline","Skim"],"picked":"Cold Snap","floor":14},{"not_picked":["Amplify","All For One"],"picked":"Buffer","floor":16},{"not_picked":["Force Field","Barrage"],"picked":"Hologram","floor":18},{"not_picked":["Reprogram","Stack"],"picked":"Rebound+1","floor":19},{"not_picked":["Core Surge","Sweeping Beam+1","Steam"],"picked":"SKIP","floor":22},{"not_picked":["Melter","Sweeping Beam"],"picked":"Stack","floor":23}],"player_experience":129044,"relics_obtained":[{"floor":9,"key":"Shuriken"},{"floor":14,"key":"Nunchaku"},{"floor":17,"key":"Strawberry"},{"floor":17,"key":"Mummified Hand"},{"floor":17,"key":"Ginger"},{"floor":23,"key":"Shovel"}],"event_choices":[{"event_name":"The Woman in Blue","player_choice":"Bought 0 Potions","floor":3,"damage_taken":0},{"event_name":"Shining Light","player_choice":"Entered Light","floor":5,"damage_taken":0},{"event_name":"Mushrooms","player_choice":"Healed and dodged fight","floor":13,"damage_taken":0},{"event_name":"Masked Bandits","player_choice":"Paid Fearfully","floor":21,"damage_taken":0}],"is_beta":false,"boss_relics":[{"not_picked":["Black Star","Nuclear Battery"],"picked":"Calling Bell"}],"items_purged_floors":[20],"is_endless":false,"potions_floor_spawned":[7,14,16,18,22,23],"killed_by":"Centurion and Healer","ascension_level":1}