{"gold_per_floor":[119,119,134,144,122,152,152,180,180,200,200,213,226,260,260,355,355,371,157,168,178,194,221,221,320,320,320,2,32,32,67,67,67],"floor_reached":33,"playtime":2092,"items_purged":["Pain"],"score":368,"play_id":"43294fac-e5f7-4d3a-bdc0-69d83df3045c","local_time":"20190115193100","is_ascension_mode":true,"campfire_choices":[{"floor":7,"key":"REST"},{"floor":11,"key":"REST"},{"data":"Flying Knee","floor":15,"key":"SMITH"},{"floor":24,"key":"REST"},{"floor":27,"key":"REST"},{"floor":32,"key":"REST"}],"neow_cost":"NONE","seed_source_timestamp":888851584204846,"circlet_count":0,"master_deck":["Defend_G","Defend_G","Defend_G","Defend_G","Defend_G","Strike_G","Strike_G","Strike_G","Strike_G","Strike_G","Survivor","Neutralize","Deflect","Flying Knee+1","Riddle With Holes","Outmaneuver","Endless Agony","Endless Agony","Backstab","Blade Dance","Blade Dance","Quick Slash","Die Die Die+1","Poisoned Stab","Footwork","Blade Dance","Cloak And Dagger","Cloak And Dagger","Dagger Spray","Flying Knee+1","Finisher+1","Quick Slash+1","Escape Plan"],"relics":["Ring of the Serpent","WarpedTongs","Nunchaku","Paper Crane","Unceasing Top","Bottled Flame","The Courier","Darkstone Periapt","Happy Flower","Gremlin Horn","Blue Candle","Bag of Marbles"],"potions_floor_usage":[8,12,12,12,14,14,16,20,23,29,33],"damage_taken":[{"damage":4,"enemies":"2 Louse","floor":1,"turns":3},{"damage":4,"enemies":"Cultist","floor":3,"turns":3},{"damage":3,"enemies":"Small Slimes","floor":4,"turns":4},{"damage":32,"enemies":"3 Sentries","floor":6,"turns":10},{"damage":26,"enemies":"Gremlin Nob","floor":8,"turns":4},{"damage":18,"enemies":"Gremlin Gang","floor":10,"turns":6},{"damage":2,"enemies":"Exordium Thugs","floor":12,"turns":5},{"damage":1,"enemies":"Lots of Slimes","floor":13,"turns":3},{"damage":0,"enemies":"Lagavulin","floor":14,"turns":2},{"damage":18,"enemies":"Slime Boss","floor":16,"turns":10},{"damage":5,"enemies":"Shell Parasite","floor":18,"turns":3},{"damage":11,"enemies":"2 Thieves","floor":20,"turns":4},{"damage":24,"enemies":"Centurion and Healer","floor":21,"turns":5},{"damage":10,"enemies":"Cultist and Chosen","floor":22,"turns":7},{"damage":13,"enemies":"Gremlin Leader","floor":23,"turns":6},{"damage":22,"enemies":"Book of Stabbing","floor":29,"turns":6},{"damage":32,"enemies":"Slavers","floor":31,"turns":4},{"damage":43,"enemies":"Automaton","floor":33,"turns":6}],"seed_played":"8279495977232400243","potions_obtained":[{"floor":1,"key":"Strength Potion"},{"floor":10,"key":"EntropicBrew"},{"floor":12,"key":"Fire Potion"},{"floor":13,"key":"Explosive Potion"},{"floor":18,"key":"Weak Potion"},{"floor":22,"key":"Ancient Potion"},{"floor":23,"key":"GamblersBrew"},{"floor":29,"key":"SpeedPotion"}],"is_trial":false,"path_per_floor":["M","?","M","M","$","E","R","E","T","M","R","M","M","E","R","B",null,"M","$","M","M","M","E","R","?","T","R","$","E","?","E","R","B"],"character_chosen":"THE_SILENT","items_purchased":["Outmaneuver","Footwork","Blade Dance","Cloak And Dagger","Happy Flower","Gremlin Horn"],"campfire_rested":5,"item_purchase_floors":[5,19,19,19,28,28],"current_hp_per_floor":[73,73,69,66,66,34,57,31,31,13,36,34,33,33,33,15,77,72,72,61,37,27,14,37,37,37,60,60,38,38,6,29,0],"gold":67,"neow_bonus":"TEN_PERCENT_HP_BONUS","is_prod":false,"is_daily":false,"chose_seed":false,"campfire_upgraded":1,"win_rate":0,"timestamp":1547598660,"path_taken":["M","?","?","M","$","E","R","E","T","M","R","M","M","E","R","BOSS","M","$","M","M","?","E","R","?","T","R","$","E","?","E","R","BOSS"],"build_version":"2019-01-10","purchased_purges":1,"victory":false,"max_hp_per_floor":[77,77,77,77,77,77,77,77,77,77,77,77,77,77,77,77,77,77,77,77,77,77,77,77,77,77,77,77,77,77,77,77,77],"card_choices":[{"not_picked":["Choke","Underhanded Strike"],"picked":"Deflect","floor":1},{"not_picked":["Slice","Heel Hook"],"picked":"Flying Knee","floor":3},{"not_picked":["Prepared","Reflex"],"picked":"Riddle With Holes","floor":4},{"not_picked":["Well Laid Plans","Flechettes"],"picked":"Endless Agony","floor":6},{"not_picked":["All Out Attack","Quick Slash"],"picked":"Endless Agony","floor":8},{"not_picked":["Reflex","PiercingWail"],"picked":"Backstab","floor":10},{"not_picked":["Backflip","Outmaneuver"],"picked":"Blade Dance","floor":12},{"not_picked":["Dagger Spray","Poisoned Stab"],"picked":"Blade Dance","floor":13},{"not_picked":["Acrobatics","Heel Hook"],"picked":"Quick Slash","floor":14},{"not_picked":["Doppelganger","After Image"],"picked":"Die Die Die","floor":16},{"not_picked":["Bane","Tactician"],"picked":"Poisoned Stab","floor":18},{"not_picked":["Sucker Punch","Flying Knee"],"picked":"Cloak And Dagger","floor":20},{"not_picked":["Bane+1","Well Laid Plans"],"picked":"Dagger Spray","floor":21},{"not_picked":["Cloak And Dagger","Doppelganger"],"picked":"Flying Knee+1","floor":22},{"not_picked":["Deadly Poison","Poisoned Stab"],"picked":"Finisher+1","floor":23},{"not_picked":["Sucker Punch","Choke"],"picked":"Quick Slash+1","floor":29},{"not_picked":["Reflex","Outmaneuver"],"picked":"Escape Plan","floor":31}],"player_experience":307192,"relics_obtained":[{"floor":6,"key":"Nunchaku"},{"floor":8,"key":"Paper Crane"},{"floor":9,"key":"Unceasing Top"},{"floor":14,"key":"Bottled Flame"},{"floor":23,"key":"The Courier"},{"floor":26,"key":"Darkstone Periapt"},{"floor":29,"key":"Blue Candle"},{"floor":31,"key":"Bag of Marbles"}],"event_choices":[{"damage_healed":0,"gold_gain":0,"player_choice":"Rummage","damage_taken":0,"relics_obtained":["WarpedTongs"],"max_hp_gain":0,"max_hp_loss":0,"event_name":"Accursed Blacksmith","floor":2,"gold_loss":0,"cards_obtained":["Pain"]},{"damage_healed":0,"gold_gain":99,"player_choice":"Stole From Cult","damage_taken":0,"max_hp_gain":0,"max_hp_loss":0,"event_name":"Nest","floor":25,"gold_loss":0},{"damage_healed":0,"gold_gain":0,"player_choice":"Upgraded","damage_taken":0,"max_hp_gain":0,"max_hp_loss":0,"event_name":"Upgrade Shrine","floor":30,"gold_loss":0,"cards_upgraded":["Die Die Die"]}],"is_beta":false,"boss_relics":[{"not_picked":["HoveringKite","WristBlade"],"picked":"Ring of the Serpent"}],"items_purged_floors":[19],"is_endless":false,"potions_floor_spawned":[1,10,12,13,18,22,23,29],"killed_by":"Automaton","ascension_level":1}