{"gold_per_floor":[118,14,189,189,189,201,235,252,279,290,308,233,248,277,277,277],"floor_reached":16,"playtime":728,"items_purged":["Doubt"],"score":199,"play_id":"79a40f51-eee0-43da-b96c-b2fde9e59c30","local_time":"20190321151343","is_ascension_mode":true,"campfire_choices":[{"floor":15,"key":"REST"}],"neow_cost":"NONE","seed_source_timestamp":684478946371510,"circlet_count":0,"master_deck":["Defend_G","Defend_G","Defend_G","Defend_G","Defend_G","Strike_G","Strike_G","Strike_G","Strike_G","Strike_G","Survivor","Neutralize","Deadly Poison","Caltrops","Dash","Regret","Acrobatics","PiercingWail","Terror","Footwork"],"relics":["Ring of the Snake","NeowsBlessing","Pen Nib","Pear","Dream Catcher","Omamori","Juzu Bracelet"],"potions_floor_usage":[14,14,16],"damage_taken":[{"damage":0,"enemies":"Jaw Worm","floor":1,"turns":1},{"damage":0,"enemies":"Small Slimes","floor":6,"turns":1},{"damage":0,"enemies":"Gremlin Nob","floor":7,"turns":1},{"damage":9,"enemies":"Cultist","floor":8,"turns":5},{"damage":10,"enemies":"Gremlin Gang","floor":10,"turns":7},{"damage":11,"enemies":"Exordium Thugs","floor":11,"turns":6},{"damage":15,"enemies":"Exordium Wildlife","floor":13,"turns":4},{"damage":13,"enemies":"3 Sentries","floor":14,"turns":8},{"damage":56,"enemies":"Hexaghost","floor":16,"turns":12}],"seed_played":"-3257493708607244140","potions_obtained":[{"floor":6,"key":"Regen Potion"},{"floor":7,"key":"Fire Potion"},{"floor":10,"key":"EssenceOfSteel"}],"is_trial":false,"path_per_floor":["M","$","?","?","T","M","E","M","T","M","M","$","M","E","R","B"],"character_chosen":"THE_SILENT","items_purchased":["Caltrops","Dash"],"campfire_rested":1,"item_purchase_floors":[2,2],"current_hp_per_floor":[63,63,63,63,73,73,73,64,64,54,43,43,28,30,54,0],"gold":277,"neow_bonus":"THREE_ENEMY_KILL","is_prod":false,"is_daily":false,"chose_seed":false,"campfire_upgraded":0,"win_rate":0,"timestamp":1553195623,"path_taken":["M","$","?","?","?","?","E","M","T","M","?","?","M","E","R","BOSS"],"build_version":"2019-01-23","purchased_purges":1,"victory":false,"max_hp_per_floor":[70,70,70,70,80,80,80,80,80,80,80,80,80,80,80,80],"card_choices":[{"not_picked":["Deflect","Blur"],"picked":"Deadly Poison","floor":1},{"not_picked":["Concentrate","Distraction"],"picked":"Acrobatics","floor":6},{"not_picked":["Poisoned Stab","Flying Knee"],"picked":"PiercingWail","floor":7},{"not_picked":["Quick Slash","PiercingWail","Bane"],"picked":"SKIP","floor":8},{"not_picked":["Calculated Gamble","PiercingWail","Concentrate"],"picked":"SKIP","floor":10},{"not_picked":["Corpse Explosion","Poisoned Stab"],"picked":"Terror","floor":11},{"not_picked":["Concentrate","Setup","Underhanded Strike"],"picked":"SKIP","floor":13},{"not_picked":["Outmaneuver","Backflip"],"picked":"Footwork","floor":14}],"player_experience":215713,"relics_obtained":[{"floor":5,"key":"Pear"},{"floor":7,"key":"Dream Catcher"},{"floor":9,"key":"Omamori"},{"floor":14,"key":"Juzu Bracelet"}],"event_choices":[{"damage_healed":0,"gold_gain":175,"player_choice":"AGREE","damage_taken":0,"max_hp_gain":0,"max_hp_loss":0,"event_name":"Liars Game","floor":3,"gold_loss":0,"cards_obtained":["Doubt"]},{"damage_healed":0,"gold_gain":0,"player_choice":"Box","damage_taken":0,"relics_obtained":["Pen Nib"],"max_hp_gain":0,"max_hp_loss":0,"event_name":"Big Fish","floor":4,"gold_loss":0,"cards_obtained":["Regret"]}],"is_beta":false,"boss_relics":[],"items_purged_floors":[12],"is_endless":false,"potions_floor_spawned":[6,7,10],"killed_by":"Hexaghost","ascension_level":9}