{"gold_per_floor":[109,109,129,143,155,155,174,193,242,28,28,45,45,59,59,130,130,145,195,183,183,68,68,68,68,68,17,17,48,65,84,84,163,163,177,197,197],"floor_reached":37,"playtime":2371,"items_purged":["Writhe"],"score":670,"play_id":"0b0623fb-afd4-4f4f-98f3-a32e2e00e48c","local_time":"20181212045648","is_ascension_mode":true,"campfire_choices":[{"data":"Dualcast","floor":6,"key":"SMITH"},{"data":"Hologram","floor":13,"key":"SMITH"},{"floor":15,"key":"REST"},{"data":"Beam Cell","floor":23,"key":"SMITH"},{"floor":28,"key":"REST"},{"floor":32,"key":"REST"}],"neow_cost":"NONE","seed_source_timestamp":28769595858794,"circlet_count":0,"master_deck":["AscendersBane","Strike_B","Defend_B","Defend_B","Defend_B","Defend_B+1","Zap","Dualcast+1","Cold Snap","Ball Lightning","Compile Driver","Coolheaded","FTL","Streamline","Glacier+1","Hologram+1","Beam Cell+1","Echo Form","Conserve Battery","Self Repair","Hologram","Coolheaded","Genetic Algorithm+1","Defragment","Buffer","Conserve Battery","Barrage+1"],"relics":["Cracked Core","Lantern","Centennial Puzzle","War Paint","Inserter","Singing Bowl","Ancient Tea Set","Pantograph","Letter Opener","Philosopher\u0027s Stone"],"potions_floor_usage":[8,12,18,33,37],"damage_taken":[{"damage":7,"enemies":"Jaw Worm","floor":1,"turns":3},{"damage":0,"enemies":"Cultist","floor":3,"turns":3},{"damage":3,"enemies":"2 Louse","floor":4,"turns":2},{"damage":18,"enemies":"Gremlin Gang","floor":5,"turns":4},{"damage":20,"enemies":"Exordium Thugs","floor":7,"turns":4},{"damage":2,"enemies":"Large Slime","floor":8,"turns":5},{"damage":0,"enemies":"Exordium Wildlife","floor":12,"turns":4},{"damage":0,"enemies":"Blue Slaver","floor":14,"turns":2},{"damage":3,"enemies":"Hexaghost","floor":16,"turns":9},{"damage":3,"enemies":"3 Byrds","floor":18,"turns":4},{"damage":15,"enemies":"2 Thieves","floor":20,"turns":4},{"damage":28,"enemies":"Gremlin Leader","floor":29,"turns":7},{"damage":3,"enemies":"Centurion and Healer","floor":30,"turns":9},{"damage":32,"enemies":"Snake Plant","floor":31,"turns":7},{"damage":60,"enemies":"Automaton","floor":33,"turns":12},{"damage":33,"enemies":"Orb Walker","floor":35,"turns":4},{"damage":32,"enemies":"3 Darklings","floor":36,"turns":7},{"damage":15,"enemies":"Writhing Mass","floor":37,"turns":2}],"seed_played":"489969954108697528","potions_obtained":[{"floor":4,"key":"GamblersBrew"},{"floor":5,"key":"EssenceOfSteel"},{"floor":14,"key":"Fire Potion"},{"floor":16,"key":"Strength Potion"},{"floor":29,"key":"Explosive Potion"},{"floor":36,"key":"Explosive Potion"}],"is_trial":false,"path_per_floor":["M","?","M","M","M","R","M","M","T","$","?","M","R","M","R","B",null,"M","?","M","?","$","R","T","?","T","$","R","E","M","M","R","B",null,"M","M","M"],"character_chosen":"DEFECT","items_purchased":["Glacier","War Paint","Self Repair","Coolheaded"],"campfire_rested":3,"item_purchase_floors":[10,10,22,27],"current_hp_per_floor":[57,57,57,54,36,36,16,14,14,14,14,14,14,14,35,32,61,58,58,43,43,43,43,43,43,43,43,64,45,49,31,52,20,60,34,9,0],"gold":197,"neow_bonus":"RANDOM_COMMON_RELIC","is_prod":false,"is_daily":false,"chose_seed":false,"campfire_upgraded":3,"win_rate":0,"timestamp":1544601408,"path_taken":["M","?","?","M","M","R","M","?","T","$","?","M","R","?","R","BOSS","M","?","M","?","?","R","?","?","T","$","R","E","M","?","R","BOSS","M","M","M"],"build_version":"2018-12-06","purchased_purges":1,"victory":false,"max_hp_per_floor":[71,71,71,71,71,71,71,71,71,71,71,71,71,71,71,71,71,71,71,71,71,71,71,71,71,71,71,71,73,73,73,73,73,73,73,73,73],"card_choices":[{"not_picked":["Auto Shields","Barrage"],"picked":"Cold Snap","floor":1},{"not_picked":["Melter","Recycle"],"picked":"Ball Lightning","floor":3},{"not_picked":["Stack","Scrape"],"picked":"Compile Driver","floor":4},{"not_picked":["Sweeping Beam","Melter"],"picked":"Coolheaded","floor":5},{"not_picked":["Doom and Gloom","Compile Driver"],"picked":"FTL","floor":7},{"not_picked":["Multi-Cast","Coolheaded"],"picked":"Streamline","floor":8},{"not_picked":["Melter","Cold Snap"],"picked":"Hologram","floor":12},{"not_picked":["Rebound","Cold Snap"],"picked":"Beam Cell","floor":14},{"not_picked":["Fission","Core Surge"],"picked":"Echo Form","floor":16},{"not_picked":["Hologram","Steam Power","Ball Lightning"],"picked":"SKIP","floor":18},{"not_picked":["Leap","Steam"],"picked":"Conserve Battery","floor":20},{"not_picked":["Chaos","Heatsinks","Scrape+1"],"picked":"Singing Bowl","floor":29},{"not_picked":["Tempest","Turbo"],"picked":"Genetic Algorithm+1","floor":30},{"not_picked":["Double Energy","Streamline"],"picked":"Defragment","floor":31},{"not_picked":["Reboot","Rainbow"],"picked":"Buffer","floor":33},{"not_picked":["Darkness","Barrage"],"picked":"Conserve Battery","floor":35},{"not_picked":["Go for the Eyes","FTL"],"picked":"Barrage+1","floor":36}],"player_experience":522985,"relics_obtained":[{"floor":9,"key":"Centennial Puzzle"},{"floor":24,"key":"Ancient Tea Set"},{"floor":26,"key":"Pantograph"},{"floor":29,"key":"Letter Opener"}],"event_choices":[{"cards_removed":["Strike_B"],"damage_healed":0,"gold_gain":0,"player_choice":"Offered Basic","damage_taken":0,"max_hp_gain":0,"max_hp_loss":0,"event_name":"Bonfire Elementals","floor":2,"gold_loss":0},{"cards_removed":["Strike_B"],"damage_healed":0,"gold_gain":0,"player_choice":"Purged","damage_taken":0,"max_hp_gain":0,"max_hp_loss":0,"event_name":"Purifier","floor":11,"gold_loss":0},{"damage_healed":0,"gold_gain":50,"player_choice":"Stole From Cult","damage_taken":0,"max_hp_gain":0,"max_hp_loss":0,"event_name":"Nest","floor":19,"gold_loss":0},{"damage_healed":0,"gold_gain":0,"player_choice":"Opened","damage_taken":0,"relics_obtained":["Singing Bowl"],"max_hp_gain":0,"max_hp_loss":0,"event_name":"The Mausoleum","floor":21,"gold_loss":0,"cards_obtained":["Writhe"]},{"damage_healed":0,"gold_gain":0,"cards_transformed":["Strike_B"],"player_choice":"Transformed","damage_taken":0,"max_hp_gain":0,"max_hp_loss":0,"event_name":"Transmorgrifier","floor":25,"gold_loss":0,"cards_obtained":["Hologram"]}],"is_beta":false,"boss_relics":[{"not_picked":["Lizard Tail","Empty Cage"],"picked":"Inserter"},{"not_picked":["Snecko Eye","Pandora\u0027s Box"],"picked":"Philosopher\u0027s Stone"}],"items_purged_floors":[22],"is_endless":false,"potions_floor_spawned":[4,5,7,14,16,29,30,36],"killed_by":"Writhing Mass","ascension_level":15}