{"gold_per_floor":[109,129,204,204,224,255,255,265,289,306,29,29,44,44],"floor_reached":14,"playtime":835,"items_purged":[],"score":166,"play_id":"d1f76384-16d3-43c7-b4fd-05e12eaf6559","local_time":"20190619100749","is_ascension_mode":true,"campfire_choices":[{"data":"Neutralize","floor":7,"key":"SMITH"},{"floor":12,"key":"REST"}],"neow_cost":"NONE","seed_source_timestamp":576934965688631,"circlet_count":0,"master_deck":["AscendersBane","Defend_G","Defend_G","Defend_G","Defend_G","Defend_G","Strike_G","Strike_G","Strike_G","Strike_G","Strike_G","Survivor","Neutralize+1","Well Laid Plans","Cloak And Dagger","Dash","Poisoned Stab","Blur","Tactician","Adrenaline"],"relics":["Ring of the Snake","NeowsBlessing","Lantern","Juzu Bracelet","Anchor","Kunai"],"potions_floor_usage":[6,14],"damage_taken":[{"damage":0,"enemies":"Small Slimes","floor":1,"turns":1},{"damage":0,"enemies":"2 Louse","floor":2,"turns":1},{"damage":0,"enemies":"Cultist","floor":5,"turns":1},{"damage":33,"enemies":"Lagavulin","floor":6,"turns":12},{"damage":10,"enemies":"Lots of Slimes","floor":8,"turns":6},{"damage":0,"enemies":"Blue Slaver","floor":10,"turns":5},{"damage":0,"enemies":"Looter","floor":13,"turns":3},{"damage":32,"enemies":"Gremlin Nob","floor":14,"turns":5}],"seed_played":"-2344568821122982087","potions_obtained":[{"floor":1,"key":"GamblersBrew"},{"floor":5,"key":"Weak Potion"},{"floor":13,"key":"Block Potion"}],"is_trial":false,"path_per_floor":["M","M","?","?","M","E","R","M","T","M","$","R","M","E"],"character_chosen":"THE_SILENT","items_purchased":["Kunai"],"campfire_rested":1,"item_purchase_floors":[11],"current_hp_per_floor":[59,59,48,48,48,15,15,5,5,5,5,24,24,0],"gold":44,"neow_bonus":"THREE_ENEMY_KILL","is_prod":false,"is_daily":false,"chose_seed":false,"campfire_upgraded":1,"win_rate":0,"timestamp":1560910069,"path_taken":["M","M","?","?","?","E","R","M","T","M","?","R","M","E"],"build_version":"2019-01-23","purchased_purges":0,"victory":false,"max_hp_per_floor":[66,66,66,66,66,66,66,66,66,66,66,66,66,66],"card_choices":[{"not_picked":["Predator","Accuracy"],"picked":"Well Laid Plans","floor":1},{"not_picked":["Flying Knee","Sucker Punch"],"picked":"Cloak And Dagger","floor":2},{"not_picked":["Sucker Punch","Leg Sweep"],"picked":"Dash","floor":5},{"not_picked":["Sucker Punch","Concentrate"],"picked":"Poisoned Stab","floor":6},{"not_picked":["Accuracy","Quick Slash"],"picked":"Blur","floor":8},{"not_picked":["Reflex","PiercingWail"],"picked":"Tactician","floor":10},{"not_picked":["All Out Attack","Dagger Spray"],"picked":"Adrenaline","floor":13}],"player_experience":911667,"relics_obtained":[{"floor":6,"key":"Juzu Bracelet"},{"floor":9,"key":"Anchor"}],"event_choices":[{"damage_healed":0,"gold_gain":75,"player_choice":"Gather Gold","damage_taken":11,"max_hp_gain":0,"max_hp_loss":0,"event_name":"World of Goop","floor":3,"gold_loss":0},{"damage_healed":0,"gold_gain":0,"player_choice":"Gave Potion","damage_taken":0,"relics_obtained":["Lantern"],"max_hp_gain":0,"max_hp_loss":0,"event_name":"WeMeetAgain","floor":4,"gold_loss":0}],"is_beta":false,"boss_relics":[],"items_purged_floors":[],"is_endless":false,"potions_floor_spawned":[1,5,13],"killed_by":"Gremlin Nob","ascension_level":16}