{"gold_per_floor":[149,324,372,398,409,409,429,429,454,454,24,42,20,33,33,137,137,148,148,148,165,90,90,119,133,156,184,198,223,223,238,238,334,334,349,349,349,65,0,32,32,32,32,32],"floor_reached":44,"playtime":1915,"items_purged":["Doubt"],"score":505,"play_id":"c406b8c7-b0f3-491e-a021-a05681251b68","local_time":"20180917192937","is_ascension_mode":true,"campfire_choices":[{"data":"Stack","floor":8,"key":"SMITH"},{"data":"Zap","floor":10,"key":"SMITH"},{"floor":15,"key":"REST"},{"floor":23,"key":"REST"},{"floor":32,"key":"REST"},{"floor":41,"key":"REST"}],"neow_cost":"NONE","seed_source_timestamp":278291278064449,"circlet_count":0,"master_deck":["Strike_B","Strike_B","Strike_B","Strike_B","Defend_B","Defend_B","Defend_B","Defend_B","Zap+1","Dualcast","Stack+1","Ball Lightning","Conserve Battery","Leap","Barrage","Buffer","Seek","Hello World","Electrodynamics","Defragment+1","Storm","Glacier","Undo","Buffer","Heatsinks+1","Storm","Streamline+1","Conserve Battery+1"],"relics":["Cracked Core","Tiny Chest","Juzu Bracelet","Bag of Marbles","Pen Nib","Oddly Smooth Stone","PreservedInsect","Du-Vu Doll","Lizard Tail","Spirit Poop","Blood Vial","Ancient Tea Set","Singing Bowl","Omamori","Philosopher\u0027s Stone","Gremlin Horn","Red Mask","Orichalcum","Turnip","Dream Catcher"],"potions_floor_usage":[16,16,21,27,29,33,33,33,42],"damage_taken":[{"damage":8,"enemies":"Small Slimes","floor":1,"turns":4},{"damage":0,"enemies":"2 Louse","floor":5,"turns":3},{"damage":8,"enemies":"Jaw Worm","floor":7,"turns":3},{"damage":4,"enemies":"Exordium Thugs","floor":12,"turns":4},{"damage":0,"enemies":"Blue Slaver","floor":14,"turns":2},{"damage":56,"enemies":"The Guardian","floor":16,"turns":12},{"damage":21,"enemies":"2 Thieves","floor":18,"turns":4},{"damage":0,"enemies":"Spheric Guardian","floor":21,"turns":4},{"damage":52,"enemies":"Gremlin Leader","floor":24,"turns":9},{"damage":6,"enemies":"Cultist and Chosen","floor":25,"turns":5},{"damage":13,"enemies":"Slavers","floor":27,"turns":3},{"damage":3,"enemies":"Chosen and Byrds","floor":28,"turns":6},{"damage":4,"enemies":"Gremlin Leader","floor":29,"turns":5},{"damage":5,"enemies":"Snake Plant","floor":31,"turns":8},{"damage":62,"enemies":"Automaton","floor":33,"turns":17},{"damage":22,"enemies":"3 Darklings","floor":35,"turns":4},{"damage":15,"enemies":"Giant Head","floor":40,"turns":8},{"damage":16,"enemies":"Mind Bloom Boss Battle","floor":42,"turns":7},{"damage":73,"enemies":"2 Orb Walkers","floor":44,"turns":4}],"seed_played":"1946844504256422807","potions_obtained":[{"floor":1,"key":"FearPotion"},{"floor":5,"key":"AttackPotion"},{"floor":12,"key":"SteroidPotion"},{"floor":25,"key":"SkillPotion"},{"floor":28,"key":"AttackPotion"},{"floor":31,"key":"EntropicBrew"},{"floor":40,"key":"SkillPotion"},{"floor":42,"key":"FearPotion"}],"is_trial":false,"path_per_floor":["M","?","T","T","M","?","M","R","T","R","$","M","$","M","R","B",null,"M","?","?","M","$","R","E","M","T","E","M","E","?","M","R","B",null,"M","?","?","$","?","E","R","?","T"],"character_chosen":"DEFECT","items_purchased":["PreservedInsect","Du-Vu Doll","Leap","Gremlin Horn","Storm"],"campfire_rested":4,"item_purchase_floors":[11,11,13,38,38],"current_hp_per_floor":[67,67,67,67,67,67,59,59,59,59,59,55,55,55,75,19,75,54,54,54,54,54,75,23,19,19,8,7,5,5,2,24,29,75,53,72,72,72,72,59,75,59,59,0],"gold":32,"neow_bonus":"RANDOM_COMMON_RELIC","is_prod":false,"is_daily":false,"chose_seed":false,"campfire_upgraded":2,"win_rate":0,"timestamp":1537226977,"path_taken":["M","?","?","?","M","?","M","R","T","R","$","M","$","M","R","BOSS","M","?","?","M","$","R","E","M","T","E","M","E","?","M","R","BOSS","M","?","?","$","?","E","R","?","T","E"],"build_version":"2018-09-06","purchased_purges":1,"victory":false,"max_hp_per_floor":[75,75,75,75,75,75,75,75,75,75,75,75,75,75,75,75,75,75,75,75,75,75,75,75,75,75,75,75,75,75,75,75,75,75,75,75,75,75,75,75,75,75,75,75],"card_choices":[{"not_picked":["Melter","Consume"],"picked":"Steam Power","floor":1},{"not_picked":["Fusion","Scrape"],"picked":"Stack","floor":5},{"not_picked":["Darkness","Cold Snap"],"picked":"Ball Lightning","floor":7},{"not_picked":["Hologram","Cold Snap"],"picked":"Conserve Battery","floor":12},{"not_picked":["Static Discharge","Stack"],"picked":"Barrage","floor":14},{"not_picked":["Reboot","Seek"],"picked":"Buffer","floor":16},{"not_picked":["Cold Snap","Force Field"],"picked":"Coolheaded","floor":18},{"not_picked":["Consume","Go for the Eyes"],"picked":"Hello World","floor":21},{"not_picked":["Biased Cognition","Cold Snap"],"picked":"Electrodynamics","floor":24},{"not_picked":["Lockon+1","Beam Cell"],"picked":"Defragment+1","floor":25},{"not_picked":["Turbo","Blizzard"],"picked":"Barrage","floor":27},{"not_picked":["Ball Lightning","Rainbow"],"picked":"Storm","floor":28},{"not_picked":["Go for the Eyes","Turbo"],"picked":"Glacier","floor":29},{"not_picked":["Consume","Heatsinks"],"picked":"Undo","floor":31},{"not_picked":["Fission","Rainbow"],"picked":"Buffer","floor":33},{"not_picked":["Turbo","Rip and Tear"],"picked":"Heatsinks+1","floor":35},{"not_picked":["Hologram+1","Rebound"],"picked":"Streamline+1","floor":40},{"not_picked":["Thunder Strike","Glacier"],"picked":"Conserve Battery+1","floor":42}],"player_experience":128098,"relics_obtained":[{"floor":3,"key":"Juzu Bracelet"},{"floor":4,"key":"Bag of Marbles"},{"floor":9,"key":"Oddly Smooth Stone"},{"floor":24,"key":"Blood Vial"},{"floor":26,"key":"Ancient Tea Set"},{"floor":27,"key":"Singing Bowl"},{"floor":29,"key":"Omamori"},{"floor":40,"key":"Orichalcum"},{"floor":42,"key":"Turnip"},{"floor":43,"key":"Dream Catcher"}],"event_choices":[{"event_name":"Liars Game","player_choice":"agreed","floor":2,"damage_taken":0},{"event_name":"Big Fish","player_choice":"Box","floor":6,"damage_taken":0},{"event_name":"Bonfire Elementals","player_choice":"CURSE","floor":19,"damage_taken":0},{"event_name":"Transmorgrifier","player_choice":"Transform","floor":20,"damage_taken":0},{"event_name":"Purifier","player_choice":"One Purge","floor":30,"damage_taken":0},{"event_name":"Winding Halls","player_choice":"Writhe","floor":36,"damage_taken":0},{"event_name":"Falling","player_choice":"Removed Attack","floor":37,"damage_taken":0},{"event_name":"Tomb of Lord Red Mask","player_choice":"Paid","floor":39,"damage_taken":0},{"event_name":"MindBloom","player_choice":"Fight","floor":42,"damage_taken":0}],"is_beta":false,"boss_relics":[{"not_picked":["Runic Dome","Fusion Hammer"],"picked":"Lizard Tail"},{"not_picked":["Pandora\u0027s Box","Empty Cage"],"picked":"Philosopher\u0027s Stone"}],"items_purged_floors":[22],"is_endless":false,"potions_floor_spawned":[1,5,12,25,28,31,40,42],"killed_by":"2 Orb Walkers","ascension_level":1}