{"gold_per_floor":[109,184,184,184,12,12,12,44,112,112,122,1,1,20,20,121,121,132,100,100,25,42,42,52,52,52,52,52,52,52,69,69,69],"floor_reached":33,"playtime":1201,"items_purged":[],"score":241,"play_id":"229dbb0c-78e0-42d3-9a03-3ed96196963f","local_time":"20180915005246","is_ascension_mode":false,"campfire_choices":[{"floor":10,"key":"REST"},{"floor":13,"key":"REST"},{"data":"Zap","floor":15,"key":"SMITH"},{"floor":23,"key":"REST"},{"floor":27,"key":"REST"},{"floor":30,"key":"REST"},{"floor":32,"key":"REST"}],"neow_cost":"NONE","seed_source_timestamp":39194135526183,"circlet_count":0,"master_deck":["Strike_B","Strike_B","Strike_B","Strike_B","Defend_B","Defend_B","Defend_B","Zap+1","Dualcast","Aggregate","Barrage","Leap","Conserve Battery","Double Energy","Static Discharge","Creative AI","White Noise","Double Energy","Self Repair","Ball Lightning+1","Panacea","Purity","Discovery","Cold Snap+1"],"relics":["Cracked Core","Thread and Needle","Lantern","The Courier","Mummified Hand","Anchor","Nuclear Battery","NlothsMask","MutagenicStrength"],"potions_floor_usage":[1,8,16,33,33],"damage_taken":[{"damage":6,"enemies":"Cultist","floor":1,"turns":3},{"damage":0,"enemies":"Jaw Worm","floor":7,"turns":4},{"damage":24,"enemies":"Lagavulin","floor":8,"turns":9},{"damage":0,"enemies":"Small Slimes","floor":11,"turns":4},{"damage":1,"enemies":"Looter","floor":14,"turns":3},{"damage":25,"enemies":"Slime Boss","floor":16,"turns":11},{"damage":30,"enemies":"3 Byrds","floor":18,"turns":4},{"damage":15,"enemies":"Shell Parasite","floor":22,"turns":7},{"damage":17,"enemies":"Snake Plant","floor":24,"turns":4},{"damage":19,"enemies":"Centurion and Healer","floor":31,"turns":6},{"damage":78,"enemies":"Automaton","floor":33,"turns":10}],"seed_played":"-301402854370517227","potions_obtained":[{"floor":0,"key":"SneckoOil"},{"floor":0,"key":"FocusPotion"},{"floor":0,"key":"Dexterity Potion"},{"floor":14,"key":"Poison Potion"},{"floor":16,"key":"GamblersBrew"}],"is_trial":false,"path_per_floor":["M","?","?","?","$","?","M","E","T","R","M","$","R","M","R","B",null,"M","$","?","?","M","R","M","?","T","R","?","?","R","M","R"],"character_chosen":"DEFECT","items_purchased":["Lantern","Barrage","Anchor","Double Energy"],"campfire_rested":6,"item_purchase_floors":[5,5,12,19],"current_hp_per_floor":[69,58,58,51,51,51,51,27,27,49,49,49,71,70,70,45,75,45,45,45,45,30,52,42,42,42,64,64,36,58,46,68,0],"gold":69,"neow_bonus":"THREE_SMALL_POTIONS","is_prod":false,"is_daily":false,"chose_seed":false,"campfire_upgraded":1,"win_rate":0.0,"timestamp":1536987166,"path_taken":["M","?","?","?","$","?","?","E","T","R","M","?","R","M","R","BOSS","M","$","?","?","?","R","M","?","T","R","?","?","R","M","R","BOSS"],"build_version":"2018-09-06","purchased_purges":0,"victory":false,"max_hp_per_floor":[75,75,75,75,75,75,75,75,75,75,75,75,75,75,75,75,75,75,75,75,75,75,75,75,75,75,75,75,75,75,75,75,75],"card_choices":[{"not_picked":["Go for the Eyes","Undo"],"picked":"Aggregate","floor":1},{"not_picked":["Go for the Eyes","Reinforced Body"],"picked":"Leap","floor":7},{"not_picked":["Aggregate","Sweeping Beam"],"picked":"Conserve Battery","floor":8},{"not_picked":["Reinforced Body","Hologram"],"picked":"Double Energy","floor":11},{"not_picked":["Steam","Darkness"],"picked":"Static Discharge","floor":14},{"not_picked":["Machine Learning","Electrodynamics"],"picked":"Creative AI","floor":16},{"not_picked":["Aggregate","Recycle"],"picked":"White Noise","floor":18},{"not_picked":["White Noise","Ball Lightning"],"picked":"Self Repair","floor":22},{"not_picked":["Steam Power","Fusion"],"picked":"Ball Lightning+1","floor":24},{"not_picked":["Force Field","Coolheaded"],"picked":"Cold Snap+1","floor":31}],"player_experience":104705,"relics_obtained":[{"floor":8,"key":"The Courier"},{"floor":9,"key":"Mummified Hand"}],"event_choices":[{"event_name":"World of Goop","player_choice":"Gather Gold","floor":2,"damage_taken":0},{"event_name":"Big Fish","player_choice":"Box","floor":3,"damage_taken":0},{"event_name":"Golden Wing","player_choice":"Card Removal","floor":4,"damage_taken":0},{"event_name":"The Cleric","player_choice":"Leave","floor":6,"damage_taken":0},{"event_name":"FaceTrader","player_choice":"Trade","floor":20,"damage_taken":0},{"event_name":"Beggar","player_choice":"Gave Gold","floor":21,"damage_taken":0},{"event_name":"Drug Dealer","player_choice":"Inject Mutagens","floor":25,"damage_taken":0},{"event_name":"Ghosts","player_choice":"Ignored","floor":28,"damage_taken":0},{"event_name":"Knowing Skull","player_choice":"CARD CARD CARD ","floor":29,"damage_taken":0}],"is_beta":false,"boss_relics":[{"not_picked":["White Beast Statue","Tiny House"],"picked":"Nuclear Battery"}],"items_purged_floors":[],"is_endless":false,"potions_floor_spawned":[14,16],"killed_by":"Automaton","ascension_level":0}