{"gold_per_floor":[130,92,116,139,151,163,175,217,284,64,64,64,89,89,89,219,219,235,40,65,0,0,0,40,40,40,54,90,90,109,132,132,132],"floor_reached":33,"playtime":1461,"items_purged":["Strike_B"],"score":453,"play_id":"bc97d275-c2f5-4599-adb2-3b1209a5d9a2","local_time":"20181201180056","is_ascension_mode":true,"campfire_choices":[{"data":"Streamline","floor":6,"key":"SMITH"},{"data":"Zap","floor":12,"key":"SMITH"},{"data":"Hologram","floor":15,"key":"SMITH"},{"data":"Defragment","floor":23,"key":"SMITH"},{"floor":25,"key":"REST"},{"floor":29,"key":"REST"},{"data":"Loop","floor":32,"key":"SMITH"}],"neow_cost":"NONE","seed_source_timestamp":9772079141754,"circlet_count":0,"master_deck":["AscendersBane","Strike_B","Strike_B","Defend_B","Defend_B","Defend_B","Defend_B","Zap+1","Dualcast","Streamline+1","Chill","Core Surge","Hologram+1","Biased Cognition","Defragment+1","Leap","Undo","Fusion","Coolheaded","Loop+1"],"relics":["FrozenCore","MawBank","Blood Vial","Bag of Preparation","PreservedInsect","Golden Idol","Question Card","Centennial Puzzle","Boot"],"potions_floor_usage":[16,16],"damage_taken":[{"damage":4,"enemies":"Jaw Worm","floor":1,"turns":4},{"damage":0,"enemies":"Small Slimes","floor":3,"turns":3},{"damage":0,"enemies":"2 Louse","floor":4,"turns":2},{"damage":25,"enemies":"3 Sentries","floor":8,"turns":6},{"damage":0,"enemies":"2 Fungi Beasts","floor":13,"turns":2},{"damage":34,"enemies":"Slime Boss","floor":16,"turns":9},{"damage":11,"enemies":"Spheric Guardian","floor":18,"turns":4},{"damage":0,"enemies":"Shell Parasite","floor":20,"turns":7},{"damage":24,"enemies":"Slavers","floor":24,"turns":18},{"damage":0,"enemies":"Snecko","floor":27,"turns":5},{"damage":25,"enemies":"Book of Stabbing","floor":28,"turns":10},{"damage":0,"enemies":"Cultist and Chosen","floor":30,"turns":8},{"damage":7,"enemies":"3 Cultists","floor":31,"turns":7},{"damage":53,"enemies":"Automaton","floor":33,"turns":6}],"seed_played":"-5935036006572942077","potions_obtained":[{"floor":1,"key":"FearPotion"},{"floor":4,"key":"Ancient Potion"},{"floor":13,"key":"Weak Potion"},{"floor":24,"key":"Strength Potion"}],"is_trial":false,"path_per_floor":["M","?","M","M","?","R","?","E","T","$","?","R","M","$","R","B",null,"M","$","M","?","?","R","E","R","T","M","E","R","M","M","R","B"],"character_chosen":"DEFECT","items_purchased":["PreservedInsect","Defragment","Leap","Undo"],"campfire_rested":2,"item_purchase_floors":[10,19,19,19],"current_hp_per_floor":[64,64,64,64,69,69,69,44,44,44,44,44,46,46,46,14,59,50,50,52,52,52,52,30,52,52,54,31,53,55,50,50,0],"gold":132,"neow_bonus":"RANDOM_COMMON_RELIC","is_prod":false,"is_daily":false,"chose_seed":false,"campfire_upgraded":5,"win_rate":0,"timestamp":1543698056,"path_taken":["M","?","M","M","?","R","?","E","T","$","?","R","?","?","R","BOSS","M","$","M","?","?","R","E","R","T","M","E","R","M","M","R","BOSS"],"build_version":"2018-11-15","purchased_purges":1,"victory":false,"max_hp_per_floor":[75,75,75,75,80,80,80,80,80,80,74,74,74,74,74,74,74,74,74,74,74,74,74,74,74,74,74,74,74,74,74,74,74],"card_choices":[{"not_picked":["Reinforced Body","Beam Cell"],"picked":"Streamline","floor":1},{"not_picked":["Hologram","Chaos"],"picked":"Chill","floor":3},{"not_picked":["Stack","Cold Snap"],"picked":"Core Surge","floor":4},{"not_picked":["Auto Shields","Sweeping Beam"],"picked":"Hologram","floor":8},{"not_picked":["Cold Snap","Hologram","Rebound"],"picked":"SKIP","floor":13},{"not_picked":["Reboot","Electrodynamics"],"picked":"Biased Cognition","floor":16},{"not_picked":["Ball Lightning","Storm","Darkness"],"picked":"SKIP","floor":18},{"not_picked":["Hello World","Sweeping Beam","Streamline"],"picked":"SKIP","floor":20},{"not_picked":["Rip and Tear+1","Sweeping Beam+1","Recycle"],"picked":"SKIP","floor":24},{"not_picked":["Buffer","Go for the Eyes+1","Compile Driver"],"picked":"Fusion","floor":27},{"not_picked":["Tempest","Streamline","Go for the Eyes"],"picked":"Coolheaded","floor":28},{"not_picked":["Rebound+1","Steam+1","Thunder Strike"],"picked":"Loop","floor":30},{"not_picked":["Cold Snap","Beam Cell","Redo","Stack+1"],"picked":"SKIP","floor":31}],"player_experience":448146,"relics_obtained":[{"floor":8,"key":"Blood Vial"},{"floor":9,"key":"Bag of Preparation"},{"floor":24,"key":"Question Card"},{"floor":26,"key":"Centennial Puzzle"},{"floor":28,"key":"Boot"}],"event_choices":[{"cards_removed":["Strike_B"],"damage_healed":0,"gold_gain":0,"player_choice":"Card Removal","damage_taken":0,"max_hp_gain":0,"max_hp_loss":0,"event_name":"The Cleric","floor":2,"gold_loss":50},{"damage_healed":0,"gold_gain":0,"player_choice":"Donut","damage_taken":0,"max_hp_gain":5,"max_hp_loss":0,"event_name":"Big Fish","floor":5,"gold_loss":0},{"damage_healed":0,"gold_gain":0,"player_choice":"Searched \u00271\u0027 times","damage_taken":0,"max_hp_gain":0,"max_hp_loss":0,"event_name":"Dead Adventurer","floor":7,"gold_loss":0},{"damage_healed":0,"gold_gain":0,"player_choice":"Lose Max HP","damage_taken":0,"relics_obtained":["Golden Idol"],"max_hp_gain":0,"max_hp_loss":6,"event_name":"Golden Idol","floor":11,"gold_loss":0},{"damage_healed":0,"gold_gain":0,"player_choice":"Paid Fearfully","damage_taken":0,"max_hp_gain":0,"max_hp_loss":0,"event_name":"Masked Bandits","floor":21,"gold_loss":65},{"damage_healed":0,"gold_gain":0,"player_choice":"Ignored","damage_taken":0,"max_hp_gain":0,"max_hp_loss":0,"event_name":"Ghosts","floor":22,"gold_loss":0}],"is_beta":false,"boss_relics":[{"not_picked":["Black Star","Cursed Key"],"picked":"FrozenCore"}],"items_purged_floors":[10],"is_endless":false,"potions_floor_spawned":[1,4,13,24],"killed_by":"Automaton","ascension_level":12}