{"gold_per_floor":[112,112,112,63,75,75,109,120,193,212,212,212,224,236,236,340,340,356,45,45],"floor_reached":20,"playtime":731,"items_purged":[],"score":270,"play_id":"1d5f4d47-da1e-49a2-9412-2bdeba2d28a6","local_time":"20190620165652","is_ascension_mode":true,"campfire_choices":[{"data":"Armaments","floor":6,"key":"SMITH"},{"data":"Corruption","floor":11,"key":"SMITH"},{"floor":15,"key":"REST"}],"neow_cost":"NONE","seed_source_timestamp":739434152250109,"circlet_count":0,"master_deck":["AscendersBane","Strike_R","Strike_R","Strike_R","Strike_R","Defend_R","Defend_R","Defend_R","Defend_R","Bash","Sword Boomerang","Armaments+1","Corruption+1","Shrug It Off","Juggernaut","Armaments","Burning Pact","Dark Embrace","Injury","Clumsy","Parasite","Sever Soul","Armaments"],"relics":["Burning Blood","Red Skull","Question Card","Calling Bell","Art of War","Matryoshka","Calipers","Bottled Tornado"],"potions_floor_usage":[7,16,18,20],"damage_taken":[{"damage":7,"enemies":"Jaw Worm","floor":1,"turns":3},{"damage":7,"enemies":"2 Louse","floor":5,"turns":2},{"damage":49,"enemies":"Lagavulin","floor":7,"turns":8},{"damage":1,"enemies":"Small Slimes","floor":8,"turns":3},{"damage":3,"enemies":"Blue Slaver","floor":10,"turns":4},{"damage":11,"enemies":"Exordium Wildlife","floor":13,"turns":3},{"damage":8,"enemies":"Large Slime","floor":14,"turns":5},{"damage":31,"enemies":"Hexaghost","floor":16,"turns":7},{"damage":57,"enemies":"3 Byrds","floor":18,"turns":6},{"damage":33,"enemies":"Colosseum Slavers","floor":20,"turns":3}],"seed_played":"-3219689844745521669","potions_obtained":[{"floor":10,"key":"Ancient Potion"},{"floor":13,"key":"SteroidPotion"},{"floor":16,"key":"Fire Potion"},{"floor":18,"key":"AttackPotion"}],"is_trial":false,"path_per_floor":["M","?","?","$","M","R","E","M","T","M","R","?","M","M","R","B",null,"M","$","?"],"character_chosen":"IRONCLAD","items_purchased":["PowerPotion","Bottled Tornado","Armaments"],"campfire_rested":1,"item_purchase_floors":[4,19,19],"current_hp_per_floor":[79,79,79,79,78,78,35,40,40,43,43,36,31,29,55,30,74,23,23,0],"gold":45,"neow_bonus":"TEN_PERCENT_HP_BONUS","is_prod":false,"is_daily":false,"chose_seed":false,"campfire_upgraded":2,"win_rate":0,"timestamp":1561064212,"path_taken":["M","?","?","?","M","R","E","?","T","M","R","?","M","M","R","BOSS","M","$","?"],"build_version":"2019-01-23","purchased_purges":0,"victory":false,"max_hp_per_floor":[88,88,88,88,88,88,88,88,88,88,88,88,88,88,88,88,88,88,88,88],"card_choices":[{"not_picked":["Iron Wave","Warcry"],"picked":"Sword Boomerang","floor":1},{"not_picked":["Thunderclap","Havoc"],"picked":"Armaments","floor":5},{"not_picked":["Anger","Body Slam"],"picked":"Corruption","floor":7},{"not_picked":["Carnage","Blood for Blood"],"picked":"Shrug It Off","floor":8},{"not_picked":["Wild Strike","Entrench","Sword Boomerang"],"picked":"Juggernaut","floor":10},{"not_picked":["Ghostly Armor","Pummel","Clash"],"picked":"Armaments","floor":13},{"not_picked":["Armaments","Twin Strike","Headbutt"],"picked":"Burning Pact","floor":14},{"not_picked":["Brutality","Limit Break","Reaper"],"picked":"Dark Embrace","floor":16},{"not_picked":["Wild Strike","Dual Wield","Combust"],"picked":"Sever Soul","floor":18}],"player_experience":843602,"relics_obtained":[{"floor":7,"key":"Red Skull"},{"floor":9,"key":"Question Card"},{"floor":17,"key":"Art of War"},{"floor":17,"key":"Matryoshka"},{"floor":17,"key":"Calipers"}],"event_choices":[{"damage_healed":0,"gold_gain":0,"player_choice":"Leave","damage_taken":0,"max_hp_gain":0,"max_hp_loss":0,"event_name":"The Cleric","floor":2,"gold_loss":0},{"damage_healed":0,"gold_gain":0,"player_choice":"Ignored","damage_taken":0,"max_hp_gain":0,"max_hp_loss":0,"event_name":"Liars Game","floor":3,"gold_loss":0},{"cards_removed":["Strike_R"],"damage_healed":0,"gold_gain":0,"player_choice":"Card Removal","damage_taken":7,"max_hp_gain":0,"max_hp_loss":0,"event_name":"Golden Wing","floor":12,"gold_loss":0},{"damage_healed":0,"gold_gain":0,"player_choice":"Fight","damage_taken":0,"max_hp_gain":0,"max_hp_loss":0,"event_name":"Colosseum","floor":20,"gold_loss":0}],"is_beta":false,"boss_relics":[{"not_picked":["Velvet Choker","Runic Cube"],"picked":"Calling Bell"}],"items_purged_floors":[],"is_endless":false,"potions_floor_spawned":[10,13,16,18],"killed_by":"Colosseum Slavers","ascension_level":11}