{"gold_per_floor":[114,91,91,91,91,121,121,136,136,157,232,247,247,277,277,377,377,392,392,392,42,57,57,87,102,102,11,11],"floor_reached":28,"playtime":914,"items_purged":[],"score":317,"play_id":"cfcdc409-46de-4cef-a61e-a7ba1e464c9c","local_time":"20181206210043","daily_mods":["Allstar","ControlledChaos","Lethality"],"is_ascension_mode":false,"campfire_choices":[{"floor":7,"key":"REST"},{"floor":15,"key":"REST"},{"floor":23,"key":"REST"}],"neow_cost":"","seed_source_timestamp":0,"circlet_count":0,"master_deck":["Strike_B","Strike_B","Strike_B","Strike_B","Defend_B","Defend_B","Defend_B","Defend_B","Zap","Dualcast","Violence","Impatience","Mayhem+1","Panacea","Enlightenment","Gash","Go for the Eyes","Cold Snap","Ball Lightning","Turbo","Gash","White Noise","Creative AI","Leap+1","Gash","Streamline+1","Gash","Discovery"],"special_seed":17872,"relics":["Cracked Core","Frozen Eye","Pear","Mummified Hand","Smiling Mask","Odd Mushroom","Turnip","Regal Pillow","Black Star","Happy Flower","Runic Capacitor","Juzu Bracelet","Letter Opener","Ancient Tea Set"],"potions_floor_usage":[14,14,16,18,25,25,28],"damage_taken":[{"damage":18,"enemies":"Small Slimes","floor":1,"turns":2},{"damage":19,"enemies":"3 Sentries","floor":6,"turns":3},{"damage":0,"enemies":"Cultist","floor":8,"turns":2},{"damage":16,"enemies":"The Mushroom Lair","floor":10,"turns":3},{"damage":3,"enemies":"2 Louse","floor":12,"turns":2},{"damage":18,"enemies":"Gremlin Nob","floor":14,"turns":4},{"damage":0,"enemies":"Slime Boss","floor":16,"turns":5},{"damage":25,"enemies":"3 Byrds","floor":18,"turns":4},{"damage":24,"enemies":"Shell Parasite","floor":22,"turns":4},{"damage":72,"enemies":"Gremlin Leader","floor":24,"turns":6},{"damage":0,"enemies":"Snecko","floor":25,"turns":2},{"damage":10,"enemies":"Snake Plant","floor":28,"turns":2}],"seed_played":"-1452955457845597649","potions_obtained":[{"floor":6,"key":"LiquidBronze"},{"floor":8,"key":"Dexterity Potion"},{"floor":12,"key":"Regen Potion"},{"floor":16,"key":"FocusPotion"},{"floor":22,"key":"Energy Potion"},{"floor":24,"key":"Strength Potion"},{"floor":25,"key":"SteroidPotion"}],"is_trial":false,"path_per_floor":["M","$","?","$","T","E","R","M","T","?","?","M","?","E","R","B",null,"M","?","?","$","M","R","E","M","T","$","M"],"character_chosen":"DEFECT","items_purchased":["Go for the Eyes","Happy Flower","Runic Capacitor","Discovery"],"campfire_rested":3,"item_purchase_floors":[2,21,21,27],"current_hp_per_floor":[57,57,57,57,67,48,73,73,73,57,46,43,25,19,59,59,85,60,60,60,60,36,76,4,4,4,4,0],"gold":11,"neow_bonus":"","is_prod":false,"is_daily":true,"chose_seed":false,"campfire_upgraded":0,"win_rate":0,"timestamp":1544148043,"path_taken":["M","$","?","$","?","E","R","M","T","?","?","?","?","E","R","BOSS","M","?","?","$","M","R","E","M","T","?","M"],"build_version":"2018-12-06","purchased_purges":0,"victory":false,"max_hp_per_floor":[75,75,75,75,85,85,85,85,85,85,85,85,85,85,85,85,85,85,85,85,85,85,85,85,85,85,85,85],"card_choices":[{"not_picked":["Cold Snap","Redo"],"picked":"Gash","floor":1},{"not_picked":["Redo","Skim"],"picked":"Cold Snap","floor":6},{"not_picked":["Beam Cell","Streamline"],"picked":"Ball Lightning","floor":8},{"not_picked":["Recycle","Reprogram"],"picked":"Turbo","floor":10},{"not_picked":["Rip and Tear","Recycle"],"picked":"Gash","floor":12},{"not_picked":["Barrage","Ball Lightning"],"picked":"White Noise","floor":14},{"not_picked":["Core Surge","Thunder Strike"],"picked":"Creative AI","floor":16},{"not_picked":["Hologram","Gash"],"picked":"Leap+1","floor":18},{"not_picked":["BootSequence","Steam+1"],"picked":"Gash","floor":22},{"not_picked":["Stack","Skim+1"],"picked":"Streamline+1","floor":24},{"not_picked":["Coolheaded","Go for the Eyes"],"picked":"Gash","floor":25}],"player_experience":252841,"relics_obtained":[{"floor":5,"key":"Pear"},{"floor":6,"key":"Mummified Hand"},{"floor":9,"key":"Smiling Mask"},{"floor":10,"key":"Odd Mushroom"},{"floor":14,"key":"Regal Pillow"},{"floor":24,"key":"Juzu Bracelet"},{"floor":24,"key":"Letter Opener"},{"floor":26,"key":"Ancient Tea Set"}],"event_choices":[{"damage_healed":0,"gold_gain":0,"player_choice":"Upgraded","damage_taken":0,"max_hp_gain":0,"max_hp_loss":0,"event_name":"Upgrade Shrine","floor":3,"gold_loss":0,"cards_upgraded":["Mayhem"]},{"damage_healed":0,"gold_gain":0,"player_choice":"Fought Mushrooms","damage_taken":0,"max_hp_gain":0,"max_hp_loss":0,"event_name":"Mushrooms","floor":10,"gold_loss":0},{"damage_healed":0,"gold_gain":75,"player_choice":"Gather Gold","damage_taken":11,"max_hp_gain":0,"max_hp_loss":0,"event_name":"World of Goop","floor":11,"gold_loss":0},{"damage_healed":0,"gold_gain":0,"player_choice":"Success","damage_taken":18,"relics_obtained":["Turnip"],"max_hp_gain":0,"max_hp_loss":0,"event_name":"Scrap Ooze","floor":13,"gold_loss":0},{"damage_healed":0,"gold_gain":0,"player_choice":"Ignored","damage_taken":0,"max_hp_gain":0,"max_hp_loss":0,"event_name":"Ghosts","floor":19,"gold_loss":0},{"damage_healed":0,"gold_gain":0,"player_choice":"Ignored","damage_taken":0,"max_hp_gain":0,"max_hp_loss":0,"event_name":"Beggar","floor":20,"gold_loss":0}],"is_beta":false,"boss_relics":[{"not_picked":["Sozu","Coffee Dripper"],"picked":"Black Star"}],"items_purged_floors":[],"is_endless":false,"potions_floor_spawned":[6,8,12,16,22,24,25],"killed_by":"Snake Plant","ascension_level":0}