{"gold_per_floor":[117,117,134,12,26,56,56,70,93,93,106,106,124,144,144,242,242,252,269,269,139,139,166,166,197,197,197,207,234,252,252,252,352,352,366,35,49,67,167,167,193,193,220,220,220,230,240,256,256,256,256,256,155,183,183],"floor_reached":56,"playtime":4951,"items_purged":["Strike_R"],"score":1608,"play_id":"a2d1ebbc-936e-43c0-abed-62d14ac03d4a","local_time":"20181227164029","is_ascension_mode":true,"campfire_choices":[{"data":"Bash","floor":7,"key":"SMITH"},{"data":"Shockwave","floor":12,"key":"SMITH"},{"data":"Double Tap","floor":15,"key":"SMITH"},{"data":"Flame Barrier","floor":24,"key":"SMITH"},{"floor":27,"key":"REST"},{"data":"Disarm","floor":32,"key":"SMITH"},{"data":"Demon Form","floor":40,"key":"SMITH"},{"data":"Dark Shackles","floor":42,"key":"SMITH"},{"data":"Clothesline","floor":44,"key":"SMITH"},{"floor":49,"key":"RECALL"},{"floor":52,"key":"REST"}],"neow_cost":"NONE","seed_source_timestamp":442546062183342,"circlet_count":0,"master_deck":["Strike_R","Strike_R","Defend_R","Defend_R","Defend_R","Defend_R+1","Bash+1","Metallicize+1","Anger","Dark Shackles+1","Iron Wave","Clothesline+1","Shockwave+1","Disarm+1","Pommel Strike","Double Tap+1","Demon Form+1","Headbutt","Barricade","Flame Barrier+1","Shrug It Off","Battle Trance+1","Inflame","Sword Boomerang+1","Pummel","Demon Form+1","Reaper","Shrug It Off+1","Shockwave+1","Metallicize+1","True Grit+1","Burning Pact","Disarm","Metallicize"],"relics":["Burning Blood","Happy Flower","Potion Belt","Snecko Eye","Mercury Hourglass","Dream Catcher","Oddly Smooth Stone","Unceasing Top","Bag of Preparation","Empty Cage","Incense Burner","PreservedInsect","Sundial"],"potions_floor_usage":[8,16,18,18,25,29,29,30,33,47,47,54,55,55,55,55],"damage_taken":[{"damage":4,"enemies":"Small Slimes","floor":1,"turns":4},{"damage":4,"enemies":"Jaw Worm","floor":3,"turns":4},{"damage":6,"enemies":"2 Louse","floor":5,"turns":3},{"damage":6,"enemies":"Lagavulin","floor":6,"turns":7},{"damage":13,"enemies":"Exordium Thugs","floor":8,"turns":4},{"damage":0,"enemies":"Blue Slaver","floor":11,"turns":6},{"damage":5,"enemies":"3 Louse","floor":13,"turns":3},{"damage":8,"enemies":"Red Slaver","floor":14,"turns":7},{"damage":23,"enemies":"The Guardian","floor":16,"turns":10},{"damage":6,"enemies":"Shell Parasite","floor":18,"turns":4},{"damage":0,"enemies":"3 Byrds","floor":19,"turns":4},{"damage":18,"enemies":"Book of Stabbing","floor":23,"turns":4},{"damage":55,"enemies":"Slavers","floor":25,"turns":10},{"damage":28,"enemies":"Cultist and Chosen","floor":28,"turns":6},{"damage":25,"enemies":"Book of Stabbing","floor":29,"turns":5},{"damage":14,"enemies":"Centurion and Healer","floor":30,"turns":6},{"damage":14,"enemies":"Champ","floor":33,"turns":9},{"damage":43,"enemies":"3 Darklings","floor":35,"turns":8},{"damage":6,"enemies":"Orb Walker","floor":37,"turns":3},{"damage":33,"enemies":"Spire Growth","floor":38,"turns":6},{"damage":0,"enemies":"Mind Bloom Boss Battle","floor":39,"turns":11},{"damage":0,"enemies":"Nemesis","floor":41,"turns":5},{"damage":8,"enemies":"Sphere and 2 Shapes","floor":46,"turns":8},{"damage":22,"enemies":"4 Shapes","floor":47,"turns":5},{"damage":0,"enemies":"Maw","floor":48,"turns":7},{"damage":32,"enemies":"Time Eater","floor":50,"turns":9},{"damage":20,"enemies":"Shield and Spear","floor":54,"turns":8},{"damage":80,"enemies":"The Heart","floor":55,"turns":8}],"seed_played":"-706484701689015102","potions_obtained":[{"floor":1,"key":"Regen Potion"},{"floor":6,"key":"GamblersBrew"},{"floor":11,"key":"AttackPotion"},{"floor":13,"key":"LiquidBronze"},{"floor":14,"key":"Weak Potion"},{"floor":16,"key":"Explosive Potion"},{"floor":23,"key":"SpeedPotion"},{"floor":28,"key":"Ancient Potion"},{"floor":35,"key":"Regen Potion"},{"floor":39,"key":"SteroidPotion"},{"floor":46,"key":"AttackPotion"},{"floor":54,"key":"Dexterity Potion"}],"is_trial":false,"path_per_floor":["M","?","M","$","M","E","R","M","T","?","M","R","M","M","R","B",null,"M","M","?","$","T","E","R","E","T","R","M","E","M","?","R","B",null,"M","$","M","M","?","R","E","R","T","R","?","M","M","M","R","B",null,"R","$","E","B",null],"character_chosen":"IRONCLAD","items_purchased":["Dark Shackles","Iron Wave","Flame Barrier","Weak Potion","Reaper","SteroidPotion","FearPotion","SteroidPotion","FearPotion"],"campfire_rested":2,"item_purchase_floors":[4,4,21,21,36,36,36,53,53],"current_hp_per_floor":[82,64,66,66,66,66,66,62,62,62,71,71,75,76,76,62,93,96,105,105,105,105,93,93,47,47,80,61,42,52,91,91,86,112,75,75,75,48,79,79,86,86,86,86,134,134,134,134,134,108,128,134,134,134,75],"gold":183,"neow_bonus":"TEN_PERCENT_HP_BONUS","is_prod":false,"is_daily":false,"chose_seed":false,"campfire_upgraded":8,"win_rate":0,"timestamp":1545957629,"path_taken":["M","?","M","$","M","E","R","M","T","?","M","R","M","M","R","BOSS","M","M","?","$","?","E","R","E","T","R","M","E","M","?","R","BOSS","M","$","M","M","?","R","E","R","T","R","?","M","?","M","R","BOSS","R","$","E","BOSS"],"build_version":"2018-12-20","purchased_purges":1,"victory":true,"max_hp_per_floor":[88,88,88,88,88,88,88,91,91,91,94,94,97,100,100,103,103,106,109,109,109,109,109,109,112,112,112,115,115,118,118,118,121,121,121,121,121,121,124,124,124,124,124,124,134,134,134,134,134,134,134,134,134,134,134],"card_choices":[{"not_picked":["Pummel","Iron Wave"],"picked":"Metallicize","floor":1},{"not_picked":["Burning Pact","Thunderclap"],"picked":"Anger","floor":3},{"not_picked":["Cleave","Bloodletting"],"picked":"Clothesline","floor":5},{"not_picked":["Iron Wave","Impervious"],"picked":"Feed","floor":6},{"not_picked":["Cleave","Warcry"],"picked":"Shockwave","floor":8},{"not_picked":["Dropkick","Cleave"],"picked":"Disarm","floor":11},{"not_picked":["Body Slam","Sever Soul"],"picked":"Pommel Strike","floor":13},{"not_picked":["Twin Strike","Armaments"],"picked":"Double Tap","floor":14},{"not_picked":["Barricade","Bludgeon"],"picked":"Demon Form","floor":16},{"not_picked":["Twin Strike","Thunderclap"],"picked":"Headbutt","floor":18},{"not_picked":["Headbutt","Warcry"],"picked":"Barricade","floor":19},{"not_picked":["Anger","Cleave"],"picked":"Shrug It Off","floor":23},{"not_picked":["Cleave","Flex+1"],"picked":"Battle Trance+1","floor":25},{"not_picked":["Second Wind","Clothesline"],"picked":"Inflame","floor":27},{"not_picked":["Flex","Twin Strike","Perfected Strike+1"],"picked":"SKIP","floor":28},{"not_picked":["Flex","Twin Strike","Perfected Strike+1"],"picked":"SKIP","floor":28},{"not_picked":["Flex","Twin Strike","Perfected Strike+1"],"picked":"SKIP","floor":28},{"not_picked":["Twin Strike","Wild Strike+1"],"picked":"Sword Boomerang+1","floor":29},{"not_picked":["Corruption","Twin Strike"],"picked":"Pummel","floor":30},{"not_picked":["Dark Embrace","Brutality"],"picked":"Demon Form","floor":33},{"not_picked":["Body Slam","Iron Wave","Sword Boomerang"],"picked":"SKIP","floor":35},{"not_picked":["Spot Weakness","Anger+1"],"picked":"Shrug It Off+1","floor":37},{"not_picked":["Thunderclap+1","Reckless Charge+1"],"picked":"Shockwave+1","floor":38},{"not_picked":["Sword Boomerang+1","Clothesline+1"],"picked":"Metallicize+1","floor":39},{"not_picked":["Burning Pact","Corruption"],"picked":"True Grit+1","floor":41},{"not_picked":["Ghostly Armor+1","Rupture+1"],"picked":"Burning Pact","floor":46},{"not_picked":["Hemokinesis+1","Iron Wave+1","Shockwave+1"],"picked":"SKIP","floor":47},{"not_picked":["Intimidate","Twin Strike","Searing Blow+1"],"picked":"SKIP","floor":48},{"not_picked":["Headbutt+1","Second Wind"],"picked":"Disarm","floor":52},{"not_picked":["Sword Boomerang","Barricade"],"picked":"Metallicize","floor":54}],"player_experience":152162,"relics_obtained":[{"floor":6,"key":"Happy Flower"},{"floor":9,"key":"Potion Belt"},{"floor":22,"key":"Mercury Hourglass"},{"floor":23,"key":"Dream Catcher"},{"floor":25,"key":"Oddly Smooth Stone"},{"floor":26,"key":"Unceasing Top"},{"floor":29,"key":"Bag of Preparation"},{"floor":39,"key":"Incense Burner"},{"floor":41,"key":"PreservedInsect"},{"floor":54,"key":"Sundial"}],"event_choices":[{"damage_healed":0,"gold_gain":0,"player_choice":"Entered Light","damage_taken":18,"max_hp_gain":0,"max_hp_loss":0,"event_name":"Shining Light","floor":2,"gold_loss":0,"cards_upgraded":["Metallicize","Defend_R"]},{"damage_healed":0,"gold_gain":0,"player_choice":"Ignored","damage_taken":0,"max_hp_gain":0,"max_hp_loss":0,"event_name":"Liars Game","floor":10,"gold_loss":0},{"damage_healed":0,"gold_gain":0,"player_choice":"Forge","damage_taken":0,"max_hp_gain":0,"max_hp_loss":0,"event_name":"Accursed Blacksmith","floor":20,"gold_loss":0,"cards_upgraded":["Demon Form"]},{"damage_healed":39,"gold_gain":0,"player_choice":"Heal","damage_taken":0,"max_hp_gain":0,"max_hp_loss":0,"event_name":"The Library","floor":31,"gold_loss":0},{"damage_healed":0,"gold_gain":0,"player_choice":"Fight","damage_taken":0,"max_hp_gain":0,"max_hp_loss":0,"event_name":"MindBloom","floor":39,"gold_loss":0},{"cards_removed":["Feed"],"damage_healed":38,"gold_gain":0,"player_choice":"Offered Rare","damage_taken":0,"max_hp_gain":10,"max_hp_loss":0,"event_name":"Bonfire Elementals","floor":45,"gold_loss":0}],"is_beta":false,"boss_relics":[{"not_picked":["Orrery","Velvet Choker"],"picked":"Snecko Eye"},{"not_picked":["Sozu","Fusion Hammer"],"picked":"Empty Cage"}],"items_purged_floors":[36],"is_endless":false,"potions_floor_spawned":[1,6,11,13,14,16,23,28,35,39,46,54],"ascension_level":7}