{"gold_per_floor":[111,131,131,131,56,56,72,72,141,155,55,70,80,99,99,199,199,217,267,120,132,144,175,175,208,234,244,244],"floor_reached":28,"playtime":1336,"items_purged":["Strike_B","Defend_B"],"score":428,"play_id":"af509063-b71d-46c3-bd61-ede731823a99","local_time":"20181201173614","is_ascension_mode":true,"campfire_choices":[{"data":"Zap","floor":6,"key":"SMITH"},{"data":"Steam","floor":15,"key":"SMITH"},{"data":"Streamline","floor":24,"key":"SMITH"}],"neow_cost":"NONE","seed_source_timestamp":8414950557500,"circlet_count":0,"master_deck":["AscendersBane","Strike_B","Strike_B","Strike_B","Defend_B","Defend_B","Defend_B","Zap+1","Dualcast","Blind","Beam Cell+1","Scrape","Auto Shields","Reinforced Body","Steam+1","Self Repair","Seek","Steam","Streamline+1","All For One","Machine Learning"],"relics":["Cracked Core","Singing Bowl","Letter Opener","Orrery","PreservedInsect","Pen Nib","Bottled Flame","Anchor"],"potions_floor_usage":[28],"damage_taken":[{"damage":0,"enemies":"Small Slimes","floor":1,"turns":3},{"damage":0,"enemies":"Jaw Worm","floor":2,"turns":3},{"damage":0,"enemies":"Cultist","floor":7,"turns":3},{"damage":1,"enemies":"Lots of Slimes","floor":10,"turns":3},{"damage":3,"enemies":"3 Louse","floor":12,"turns":3},{"damage":0,"enemies":"Looter","floor":13,"turns":3},{"damage":0,"enemies":"Red Slaver","floor":14,"turns":3},{"damage":25,"enemies":"The Guardian","floor":16,"turns":15},{"damage":3,"enemies":"Chosen","floor":18,"turns":5},{"damage":8,"enemies":"Shell Parasite","floor":21,"turns":8},{"damage":12,"enemies":"Centurion and Healer","floor":22,"turns":8},{"damage":32,"enemies":"Slavers","floor":23,"turns":4},{"damage":35,"enemies":"Gremlin Leader","floor":25,"turns":7},{"damage":18,"enemies":"Snake Plant","floor":27,"turns":4},{"damage":12,"enemies":"3 Cultists","floor":28,"turns":3}],"seed_played":"7770453260556508337","potions_obtained":[{"floor":7,"key":"GamblersBrew"},{"floor":12,"key":"Swift Potion"},{"floor":14,"key":"Weak Potion"},{"floor":27,"key":"Strength Potion"}],"is_trial":false,"path_per_floor":["M","M","?","?","$","R","M","?","T","M","$","M","M","M","R","B",null,"M","?","$","M","M","E","R","E","T","M","M"],"character_chosen":"DEFECT","items_purchased":["PreservedInsect"],"campfire_rested":0,"item_purchase_floors":[20],"current_hp_per_floor":[68,68,68,56,56,56,56,56,56,55,55,52,54,54,54,36,73,77,77,77,78,73,50,50,24,24,8,0],"gold":244,"neow_bonus":"RANDOM_COLORLESS","is_prod":false,"is_daily":false,"chose_seed":false,"campfire_upgraded":3,"win_rate":0,"timestamp":1543696574,"path_taken":["M","M","?","?","$","R","M","?","T","M","$","M","M","M","R","BOSS","M","?","$","?","M","E","R","E","T","M","?"],"build_version":"2018-11-15","purchased_purges":2,"victory":false,"max_hp_per_floor":[75,75,75,75,75,75,75,75,75,75,75,75,77,77,77,77,83,83,83,83,85,85,87,87,89,89,91,91],"card_choices":[{"not_picked":["Stack","Compile Driver"],"picked":"Beam Cell","floor":1},{"not_picked":["Go for the Eyes","Hologram"],"picked":"Scrape","floor":2},{"not_picked":["Cold Snap","Hello World"],"picked":"Auto Shields","floor":7},{"not_picked":["Reboot","Sweeping Beam"],"picked":"Reinforced Body","floor":10},{"not_picked":["Leap","Stack"],"picked":"Steam","floor":12},{"not_picked":["Sweeping Beam","Hologram","Redo"],"picked":"Singing Bowl","floor":13},{"not_picked":["Double Energy","Defragment"],"picked":"Self Repair","floor":14},{"not_picked":["Electrodynamics","Creative AI"],"picked":"Seek","floor":16},{"not_picked":["Sweeping Beam","Leap"],"picked":"Steam","floor":17},{"not_picked":["Auto Shields","Coolheaded"],"picked":"Streamline","floor":17},{"not_picked":["Beam Cell","Leap","Multi-Cast"],"picked":"Singing Bowl","floor":17},{"not_picked":["Turbo","Redo","Cold Snap"],"picked":"Singing Bowl","floor":17},{"not_picked":["Cold Snap","Leap","Conserve Battery"],"picked":"Singing Bowl","floor":17},{"not_picked":["Steam","Streamline"],"picked":"All For One","floor":18},{"not_picked":["Sunder","Cold Snap+1","Darkness"],"picked":"Singing Bowl","floor":21},{"not_picked":["Coolheaded","Melter"],"picked":"Machine Learning","floor":22},{"not_picked":["Conserve Battery","Coolheaded","Ball Lightning"],"picked":"Singing Bowl","floor":23},{"not_picked":["Redo","Rebound","Reinforced Body"],"picked":"Singing Bowl","floor":25},{"not_picked":["Coolheaded","Rebound","Leap"],"picked":"Singing Bowl","floor":27}],"player_experience":446810,"relics_obtained":[{"floor":9,"key":"Letter Opener"},{"floor":23,"key":"Pen Nib"},{"floor":25,"key":"Bottled Flame"},{"floor":26,"key":"Anchor"}],"event_choices":[{"damage_healed":0,"gold_gain":0,"player_choice":"Ignored","damage_taken":0,"max_hp_gain":0,"max_hp_loss":0,"event_name":"Liars Game","floor":3,"gold_loss":0},{"damage_healed":0,"gold_gain":0,"player_choice":"Success","damage_taken":12,"relics_obtained":["Singing Bowl"],"max_hp_gain":0,"max_hp_loss":0,"event_name":"Scrap Ooze","floor":4,"gold_loss":0},{"damage_healed":0,"gold_gain":0,"player_choice":"Grow","damage_taken":0,"max_hp_gain":0,"max_hp_loss":0,"event_name":"Living Wall","floor":8,"gold_loss":0,"cards_upgraded":["Beam Cell"]},{"damage_healed":0,"gold_gain":100,"player_choice":"Bet on Murderer","damage_taken":0,"max_hp_gain":0,"max_hp_loss":0,"event_name":"The Joust","floor":19,"gold_loss":50}],"is_beta":false,"boss_relics":[{"not_picked":["Astrolabe","Philosopher\u0027s Stone"],"picked":"Orrery"}],"items_purged_floors":[5,11],"is_endless":false,"potions_floor_spawned":[7,12,13,14,16,22,23,27],"killed_by":"3 Cultists","ascension_level":12}