{"gold_per_floor":[114,129,144,159,174,174,189,204,204,204,4,34,49,49,49,149,149,149],"floor_reached":18,"playtime":876,"items_purged":[],"score":216,"play_id":"e6633906-3217-45ea-be14-becadbac0cf0","local_time":"20181207172738","daily_mods":["Allstar","ControlledChaos","Lethality"],"is_ascension_mode":false,"campfire_choices":[{"floor":6,"key":"REST"},{"floor":10,"key":"REST"},{"floor":15,"key":"REST"}],"neow_cost":"","seed_source_timestamp":0,"circlet_count":0,"master_deck":["Strike_B","Strike_B","Strike_B","Strike_B","Defend_B","Defend_B","Defend_B","Defend_B","Zap","Dualcast","Violence","Impatience","Mayhem","Panacea","Enlightenment","Gash","Sweeping Beam","White Noise","Double Energy","Reinforced Body","Self Repair","Turbo","Steam Power","Machine Learning","Machine Learning"],"special_seed":17872,"relics":["Cracked Core","Frozen Eye","Pear","Strange Spoon","Mummified Hand","FaceOfCleric","Black Star"],"potions_floor_usage":[16,18,18,18],"damage_taken":[{"damage":13,"enemies":"Small Slimes","floor":1,"turns":2},{"damage":4,"enemies":"Cultist","floor":2,"turns":3},{"damage":5,"enemies":"2 Louse","floor":3,"turns":2},{"damage":9,"enemies":"2 Fungi Beasts","floor":4,"turns":2},{"damage":9,"enemies":"Exordium Wildlife","floor":5,"turns":2},{"damage":0,"enemies":"Large Slime","floor":7,"turns":3},{"damage":22,"enemies":"2 Fungi Beasts","floor":8,"turns":3},{"damage":36,"enemies":"3 Sentries","floor":12,"turns":5},{"damage":26,"enemies":"Exordium Wildlife","floor":13,"turns":5},{"damage":0,"enemies":"Slime Boss","floor":16,"turns":7},{"damage":99,"enemies":"3 Byrds","floor":18,"turns":3}],"seed_played":"-1452955457845597649","potions_obtained":[{"floor":3,"key":"Explosive Potion"},{"floor":7,"key":"FearPotion"},{"floor":13,"key":"Regen Potion"},{"floor":16,"key":"Poison Potion"}],"is_trial":false,"path_per_floor":["M","M","M","M","M","R","M","M","T","R","$","E","M","?","R","B",null,"M"],"character_chosen":"DEFECT","items_purchased":["Strange Spoon"],"campfire_rested":3,"item_purchase_floors":[11],"current_hp_per_floor":[62,58,53,44,35,57,57,42,52,77,77,48,29,29,54,55,86,0],"gold":149,"neow_bonus":"","is_prod":false,"is_daily":true,"chose_seed":false,"campfire_upgraded":0,"win_rate":0,"timestamp":1544221658,"path_taken":["M","M","M","M","M","R","M","M","T","R","$","E","M","?","R","BOSS","M"],"build_version":"2018-12-06","purchased_purges":0,"victory":false,"max_hp_per_floor":[75,75,75,75,75,75,75,75,85,85,85,85,85,85,85,86,86,86],"card_choices":[{"not_picked":["Cold Snap","Redo"],"picked":"Gash","floor":1},{"not_picked":["Compile Driver","Force Field"],"picked":"Sweeping Beam","floor":2},{"not_picked":["Meteor Strike","Stack"],"picked":"White Noise","floor":3},{"not_picked":["Hologram","Go for the Eyes"],"picked":"Double Energy","floor":4},{"not_picked":["Cold Snap","Skim"],"picked":"Reinforced Body","floor":5},{"not_picked":["Ball Lightning","Streamline"],"picked":"Self Repair","floor":7},{"not_picked":["Reprogram","Tempest"],"picked":"Turbo","floor":8},{"not_picked":["Rebound","Coolheaded"],"picked":"Steam Power","floor":12},{"not_picked":["Streamline","Leap"],"picked":"Machine Learning","floor":13},{"not_picked":["Echo Form","Core Surge"],"picked":"Machine Learning","floor":16}],"player_experience":255313,"relics_obtained":[{"floor":9,"key":"Pear"},{"floor":12,"key":"Mummified Hand"}],"event_choices":[{"damage_healed":0,"gold_gain":0,"player_choice":"Trade","damage_taken":0,"relics_obtained":["FaceOfCleric"],"max_hp_gain":0,"max_hp_loss":0,"event_name":"FaceTrader","floor":14,"gold_loss":0}],"is_beta":false,"boss_relics":[{"not_picked":["Sozu","Coffee Dripper"],"picked":"Black Star"}],"items_purged_floors":[],"is_endless":false,"potions_floor_spawned":[3,7,13,16],"killed_by":"3 Byrds","ascension_level":0}