{"gold_per_floor":[117,117,131,147,147,147,178,190,216,216,228,238,253,253,253,352,352,362,362,362,378,397,397,397],"floor_reached":24,"playtime":3559,"items_purged":[],"score":200,"play_id":"d71963ad-883a-4c70-b007-01f751edf773","local_time":"20181210223046","is_ascension_mode":false,"campfire_choices":[{"data":"Iron Wave","floor":6,"key":"SMITH"},{"data":"Burning Pact","floor":10,"key":"SMITH"},{"floor":15,"key":"REST"}],"neow_cost":"TEN_PERCENT_HP_LOSS","seed_source_timestamp":262233860810215,"circlet_count":0,"master_deck":["Strike_R","Strike_R","Strike_R","Strike_R","Defend_R","Defend_R","Defend_R","Bash","Iron Wave+1","Ghostly Armor","Burning Pact+1","Dark Embrace","Warcry","Flex","Disarm","True Grit","Anger","Shame","Necronomicurse","Dropkick+1","Thunderclap","Berserk"],"relics":["Burning Blood","Mango","Blood Vial","Vajra","Coffee Dripper","Oddly Smooth Stone","Necronomicon"],"potions_floor_usage":[8,16,16,16,24],"damage_taken":[{"damage":1,"enemies":"Jaw Worm","floor":1,"turns":5},{"damage":2,"enemies":"Small Slimes","floor":3,"turns":5},{"damage":1,"enemies":"Cultist","floor":4,"turns":4},{"damage":55,"enemies":"3 Sentries","floor":7,"turns":12},{"damage":0,"enemies":"2 Fungi Beasts","floor":8,"turns":3},{"damage":15,"enemies":"Large Slime","floor":11,"turns":12},{"damage":16,"enemies":"Lots of Slimes","floor":12,"turns":5},{"damage":8,"enemies":"Exordium Wildlife","floor":13,"turns":5},{"damage":32,"enemies":"The Guardian","floor":16,"turns":18},{"damage":22,"enemies":"3 Byrds","floor":18,"turns":9},{"damage":18,"enemies":"Shell Parasite","floor":21,"turns":8},{"damage":28,"enemies":"Sentry and Sphere","floor":22,"turns":7},{"damage":29,"enemies":"Gremlin Leader","floor":24,"turns":5}],"seed_played":"-8391945689096376770","potions_obtained":[{"floor":1,"key":"Explosive Potion"},{"floor":7,"key":"Poison Potion"},{"floor":8,"key":"EssenceOfSteel"},{"floor":13,"key":"SpeedPotion"},{"floor":21,"key":"Swift Potion"},{"floor":22,"key":"GamblersBrew"}],"is_trial":false,"path_per_floor":["M","?","M","M","?","R","E","M","T","R","M","M","M","?","R","B",null,"M","?","?","M","M","?","E"],"character_chosen":"IRONCLAD","items_purchased":[],"campfire_rested":1,"item_purchase_floors":[],"current_hp_per_floor":[86,86,86,86,86,86,37,45,45,45,38,30,30,30,55,31,86,70,70,54,44,24,24,0],"gold":397,"neow_bonus":"ONE_RARE_RELIC","is_prod":false,"is_daily":false,"chose_seed":false,"campfire_upgraded":2,"win_rate":0.0,"timestamp":1544509846,"path_taken":["M","?","M","M","?","R","E","M","T","R","M","M","M","?","R","BOSS","M","?","?","M","M","?","E"],"build_version":"2018-12-06","purchased_purges":0,"victory":false,"max_hp_per_floor":[86,86,86,86,86,86,86,86,86,86,86,86,86,86,86,86,86,86,86,86,86,86,86,86],"card_choices":[{"not_picked":["Reckless Charge","Carnage"],"picked":"Iron Wave","floor":1},{"not_picked":["Armaments","Carnage"],"picked":"Ghostly Armor","floor":3},{"not_picked":["Carnage","Perfected Strike"],"picked":"Burning Pact","floor":4},{"not_picked":["Burning Pact","Double Tap"],"picked":"Dark Embrace","floor":7},{"not_picked":["Sword Boomerang","Clothesline"],"picked":"Warcry","floor":8},{"not_picked":["Iron Wave","Clash"],"picked":"Flex","floor":11},{"not_picked":["Shockwave","Sword Boomerang"],"picked":"Disarm","floor":12},{"not_picked":["Armaments","Clothesline"],"picked":"True Grit","floor":13},{"not_picked":["Dark Embrace","Fiend Fire"],"picked":"Offering","floor":16},{"not_picked":["Dual Wield","Bloodletting"],"picked":"Anger","floor":18},{"not_picked":["Shrug It Off","Corruption"],"picked":"Dropkick+1","floor":21},{"not_picked":["Twin Strike+1","Body Slam"],"picked":"Thunderclap","floor":22}],"player_experience":17239,"relics_obtained":[{"floor":7,"key":"Blood Vial"},{"floor":9,"key":"Vajra"},{"floor":20,"key":"Necronomicon"}],"event_choices":[{"damage_healed":0,"gold_gain":0,"player_choice":"Ignored","damage_taken":0,"max_hp_gain":0,"max_hp_loss":0,"event_name":"Liars Game","floor":2,"gold_loss":0},{"cards_removed":["Defend_R"],"damage_healed":0,"gold_gain":0,"player_choice":"Forget","damage_taken":0,"max_hp_gain":0,"max_hp_loss":0,"event_name":"Living Wall","floor":5,"gold_loss":0},{"cards_removed":["Strike_R"],"damage_healed":0,"gold_gain":0,"player_choice":"Offered Basic","damage_taken":0,"max_hp_gain":0,"max_hp_loss":0,"event_name":"Bonfire Elementals","floor":14,"gold_loss":0},{"damage_healed":0,"gold_gain":0,"player_choice":"Stole Relic","damage_taken":0,"relics_obtained":["Oddly Smooth Stone"],"max_hp_gain":0,"max_hp_loss":0,"event_name":"Addict","floor":19,"gold_loss":0,"cards_obtained":["Shame"]},{"damage_healed":0,"gold_gain":0,"player_choice":"Obtained Book","damage_taken":16,"max_hp_gain":0,"max_hp_loss":0,"event_name":"Cursed Tome","floor":20,"gold_loss":0},{"damage_healed":0,"gold_gain":0,"cards_transformed":["Offering"],"player_choice":"Transformed","damage_taken":0,"max_hp_gain":0,"max_hp_loss":0,"event_name":"Transmorgrifier","floor":23,"gold_loss":0,"cards_obtained":["Berserk"]}],"is_beta":false,"boss_relics":[{"not_picked":["Fusion Hammer","Snecko Eye"],"picked":"Coffee Dripper"}],"items_purged_floors":[],"is_endless":false,"potions_floor_spawned":[1,7,8,13,21,22],"killed_by":"Gremlin Leader","ascension_level":0}