{"gold_per_floor":[117,49,18,28,28,28,59,78,78,95,121,121,132,51,51,51],"floor_reached":16,"playtime":1028,"items_purged":[],"score":116,"play_id":"f36b23bf-9505-400f-b111-3f14d82352bd","local_time":"20190116205449","is_ascension_mode":true,"campfire_choices":[{"floor":6,"key":"RECALL"},{"floor":12,"key":"REST"},{"floor":15,"key":"REST"}],"neow_cost":"NONE","seed_source_timestamp":666534218323546,"circlet_count":0,"master_deck":["Defend_G","Defend_G","Defend_G","Defend_G","Defend_G","Strike_G","Strike_G","Strike_G","Strike_G","Strike_G","Survivor","Neutralize","Cloak And Dagger","Footwork","Accuracy","Blur","Cloak And Dagger","Terror"],"relics":["Ring of the Snake","Potion Belt","Gremlin Horn","Boot"],"potions_floor_usage":[11,13],"damage_taken":[{"damage":0,"enemies":"2 Louse","floor":1,"turns":3},{"damage":0,"enemies":"Jaw Worm","floor":4,"turns":5},{"damage":31,"enemies":"3 Sentries","floor":7,"turns":16},{"damage":0,"enemies":"Small Slimes","floor":8,"turns":3},{"damage":1,"enemies":"3 Louse","floor":10,"turns":7},{"damage":38,"enemies":"Gremlin Nob","floor":11,"turns":6},{"damage":0,"enemies":"Gremlin Gang","floor":13,"turns":6},{"damage":57,"enemies":"Slime Boss","floor":16,"turns":14}],"seed_played":"-7655094482854664651","potions_obtained":[{"floor":1,"key":"FearPotion"},{"floor":11,"key":"Block Potion"}],"is_trial":false,"path_per_floor":["M","$","?","M","?","R","E","M","T","M","E","R","M","$","R","B"],"character_chosen":"THE_SILENT","items_purchased":["Footwork","Terror"],"campfire_rested":2,"item_purchase_floors":[2,14],"current_hp_per_floor":[77,77,77,77,77,77,46,46,46,45,7,30,30,30,53,0],"gold":51,"neow_bonus":"TEN_PERCENT_HP_BONUS","is_prod":false,"is_daily":false,"chose_seed":false,"campfire_upgraded":0,"win_rate":0,"timestamp":1547690089,"path_taken":["M","$","?","M","?","R","E","M","T","M","E","R","M","$","R","BOSS"],"build_version":"2019-01-10","purchased_purges":0,"victory":false,"max_hp_per_floor":[77,77,77,77,77,77,77,77,77,77,77,77,77,77,77,77],"card_choices":[{"not_picked":["Crippling Poison","Dagger Throw"],"picked":"Cloak And Dagger","floor":1},{"not_picked":["Slice","Dagger Throw","Flying Knee"],"picked":"SKIP","floor":4},{"not_picked":["Dagger Throw","Poisoned Stab","Deadly Poison"],"picked":"SKIP","floor":7},{"not_picked":["Well Laid Plans","Outmaneuver"],"picked":"Accuracy","floor":8},{"not_picked":["Prepared","Backflip"],"picked":"Blur","floor":10},{"not_picked":["Quick Slash","Dodge and Roll","Caltrops"],"picked":"SKIP","floor":11},{"not_picked":["Burst","Noxious Fumes"],"picked":"Cloak And Dagger","floor":13}],"player_experience":69856,"relics_obtained":[{"floor":7,"key":"Potion Belt"},{"floor":9,"key":"Gremlin Horn"},{"floor":11,"key":"Boot"}],"event_choices":[{"damage_healed":0,"gold_gain":0,"player_choice":"Left Gold","damage_taken":0,"max_hp_gain":0,"max_hp_loss":0,"event_name":"World of Goop","floor":3,"gold_loss":31},{"damage_healed":0,"gold_gain":0,"player_choice":"Ignored","damage_taken":0,"max_hp_gain":0,"max_hp_loss":0,"event_name":"Liars Game","floor":5,"gold_loss":0}],"is_beta":false,"boss_relics":[],"items_purged_floors":[],"is_endless":false,"potions_floor_spawned":[1,11],"killed_by":"Slime Boss","ascension_level":1}