{"gold_per_floor":[112,112,123,123,423,423,456,472,472,491,505,505,505,520,520,613,613,636,660,53,72,87,87,87,87,162,186,186],"floor_reached":28,"playtime":1216,"items_purged":["Strike_G"],"score":494,"play_id":"d8b7038a-907a-429c-a335-199d7647d4ca","local_time":"20190103150819","is_ascension_mode":true,"campfire_choices":[{"data":"Neutralize","floor":6,"key":"SMITH"},{"data":"Night Terror","floor":12,"key":"SMITH"},{"data":"Noxious Fumes","floor":15,"key":"SMITH"},{"floor":23,"key":"REST"},{"data":"Catalyst","floor":25,"key":"SMITH"}],"neow_cost":"NONE","seed_source_timestamp":10544849405808,"circlet_count":0,"master_deck":["AscendersBane","Defend_G","Defend_G","Defend_G","Defend_G","Defend_G","Strike_G","Strike_G","Strike_G","Strike_G","Survivor","Neutralize+1","Dagger Spray+1","Escape Plan","Quick Slash","Noxious Fumes+1","Night Terror+1","Well Laid Plans","Adrenaline","Bullet Time","PiercingWail","Catalyst+1","Deadly Poison","Backflip","Backflip+1"],"relics":["Ring of the Snake","NeowsBlessing","Golden Idol","Old Coin","Question Card","Letter Opener","Snecko Eye","Frozen Egg 2","Vajra","Toxic Egg 2"],"potions_floor_usage":[19,22,27,28],"damage_taken":[{"damage":0,"enemies":"2 Louse","floor":1,"turns":1},{"damage":0,"enemies":"Cultist","floor":3,"turns":1},{"damage":0,"enemies":"3 Sentries","floor":7,"turns":1},{"damage":0,"enemies":"Jaw Worm","floor":8,"turns":3},{"damage":3,"enemies":"Looter","floor":10,"turns":3},{"damage":8,"enemies":"Red Slaver","floor":11,"turns":4},{"damage":4,"enemies":"3 Louse","floor":14,"turns":3},{"damage":18,"enemies":"Slime Boss","floor":16,"turns":10},{"damage":19,"enemies":"3 Byrds","floor":18,"turns":5},{"damage":7,"enemies":"2 Thieves","floor":19,"turns":4},{"damage":0,"enemies":"Snecko","floor":21,"turns":4},{"damage":13,"enemies":"3 Cultists","floor":22,"turns":5},{"damage":16,"enemies":"Centurion and Healer","floor":27,"turns":4},{"damage":33,"enemies":"Cultist and Chosen","floor":28,"turns":4}],"seed_played":"3930857104239099463","potions_obtained":[{"floor":8,"key":"Strength Potion"},{"floor":10,"key":"SteroidPotion"},{"floor":16,"key":"Poison Potion"},{"floor":22,"key":"Block Potion"},{"floor":27,"key":"Fruit Juice"}],"is_trial":false,"path_per_floor":["M","?","M","?","?","R","E","M","T","M","M","R","?","M","R","B",null,"M","M","$","M","M","R","?","R","T","M","M"],"character_chosen":"THE_SILENT","items_purchased":["Catalyst","Frozen Egg 2","Vajra"],"campfire_rested":1,"item_purchase_floors":[20,20,20],"current_hp_per_floor":[59,59,59,59,59,59,59,59,59,56,48,48,53,49,49,31,57,38,31,31,31,18,37,37,37,37,26,0],"gold":186,"neow_bonus":"THREE_ENEMY_KILL","is_prod":false,"is_daily":false,"chose_seed":false,"campfire_upgraded":4,"win_rate":0,"timestamp":1546538899,"path_taken":["M","?","?","?","?","R","E","?","T","M","M","R","?","M","R","BOSS","M","M","$","M","M","R","?","R","T","M","M"],"build_version":"2018-12-20","purchased_purges":1,"victory":false,"max_hp_per_floor":[66,66,66,60,60,60,60,60,60,60,60,60,65,65,65,65,65,65,65,65,65,65,65,65,65,65,70,70],"card_choices":[{"not_picked":["Sucker Punch","Dagger Throw"],"picked":"Dagger Spray","floor":1},{"not_picked":["Reflex","Prepared"],"picked":"Escape Plan","floor":3},{"not_picked":["PiercingWail","Bane"],"picked":"Quick Slash","floor":7},{"not_picked":["Outmaneuver","PiercingWail","Expertise"],"picked":"Noxious Fumes","floor":8},{"not_picked":["Poisoned Stab","Sucker Punch","Distraction"],"picked":"Night Terror","floor":10},{"not_picked":["Underhanded Strike","Slice","Quick Slash"],"picked":"Well Laid Plans","floor":11},{"not_picked":["Infinite Blades","Blade Dance","Setup"],"picked":"Adrenaline","floor":14},{"not_picked":["Glass Knife","Night Terror","Die Die Die"],"picked":"Bullet Time","floor":16},{"not_picked":["All Out Attack","Accuracy","Dagger Throw"],"picked":"PiercingWail","floor":18},{"not_picked":["Heel Hook","Poisoned Stab","Slice+1","Dagger Throw"],"picked":"SKIP","floor":19},{"not_picked":["Dagger Throw","Deflect","Reflex"],"picked":"Deadly Poison","floor":21},{"not_picked":["Accuracy+1","Backstab+1","Escape Plan"],"picked":"Backflip","floor":22},{"not_picked":["Dagger Throw","Reflex+1","Poisoned Stab"],"picked":"Backflip+1","floor":27}],"player_experience":682226,"relics_obtained":[{"floor":5,"key":"Old Coin"},{"floor":7,"key":"Question Card"},{"floor":9,"key":"Letter Opener"},{"floor":26,"key":"Toxic Egg 2"}],"event_choices":[{"damage_healed":0,"gold_gain":0,"player_choice":"Upgraded","damage_taken":0,"max_hp_gain":0,"max_hp_loss":0,"event_name":"Upgrade Shrine","floor":2,"gold_loss":0,"cards_upgraded":["Dagger Spray"]},{"damage_healed":0,"gold_gain":0,"player_choice":"Lose Max HP","damage_taken":0,"relics_obtained":["Golden Idol"],"max_hp_gain":0,"max_hp_loss":6,"event_name":"Golden Idol","floor":4,"gold_loss":0},{"damage_healed":0,"gold_gain":0,"player_choice":"Relic","damage_taken":0,"max_hp_gain":0,"max_hp_loss":0,"event_name":"Wheel of Change","floor":5,"gold_loss":0},{"damage_healed":0,"gold_gain":0,"player_choice":"Donut","damage_taken":0,"max_hp_gain":5,"max_hp_loss":0,"event_name":"Big Fish","floor":13,"gold_loss":0},{"damage_healed":0,"gold_gain":0,"player_choice":"Ignored","damage_taken":0,"max_hp_gain":0,"max_hp_loss":0,"event_name":"The Mausoleum","floor":24,"gold_loss":0}],"is_beta":false,"boss_relics":[{"not_picked":["White Beast Statue","WristBlade"],"picked":"Snecko Eye"}],"items_purged_floors":[20],"is_endless":false,"potions_floor_spawned":[8,10,16,22,27],"killed_by":"Cultist and Chosen","ascension_level":20}