{"gold_per_floor":[111,25,25,36,47,47,79,79,79,142,161,161,86,98,98,177,177,195,206,222,236,436,466,466,131,131,165,175,192,218,231,231,231],"floor_reached":33,"playtime":2111,"items_purged":["Strike_G"],"score":606,"play_id":"3cdffc92-aff7-4252-a534-d5f0933b3629","local_time":"20190619233654","is_ascension_mode":true,"campfire_choices":[{"data":"Footwork","floor":6.0,"key":"SMITH"},{"floor":8.0,"key":"REST"},{"floor":12.0,"key":"REST"},{"data":"Wraith Form v2","floor":15.0,"key":"SMITH"},{"floor":24,"key":"REST"},{"floor":32,"key":"REST"}],"neow_cost":"NONE","seed_source_timestamp":675632124707610,"circlet_count":0,"master_deck":["AscendersBane","Defend_G","Defend_G","Defend_G","Defend_G","Defend_G","Strike_G","Strike_G","Strike_G","Strike_G","Survivor","Neutralize","Poisoned Stab","Footwork+1","Wraith Form v2+1","Predator","Masterful Stab+1","Backflip","Sucker Punch+1","Escape Plan","Bullet Time","Backflip","Acrobatics","Predator+1","Eviscerate+1","Well Laid Plans","Finisher+1","Distraction","Venomology"],"special_seed":0,"relics":["Ring of the Snake","Molten Egg 2","Mercury Hourglass","Tiny Chest","Snecko Eye","Dead Branch","Oddly Smooth Stone","Bottled Flame","Ninja Scroll","Singing Bowl"],"potions_floor_usage":[18,20,23,27,30,33,33,33,33],"damage_taken":[{"damage":9.0,"enemies":"Jaw Worm","floor":1.0,"turns":6.0},{"damage":2.0,"enemies":"2 Louse","floor":4.0,"turns":3.0},{"damage":0.0,"enemies":"Cultist","floor":5.0,"turns":4.0},{"damage":30.0,"enemies":"Gremlin Nob","floor":7.0,"turns":4.0},{"damage":14.0,"enemies":"3 Sentries","floor":10.0,"turns":7.0},{"damage":6.0,"enemies":"Looter","floor":11.0,"turns":3.0},{"damage":0.0,"enemies":"Large Slime","floor":14.0,"turns":6.0},{"damage":12.0,"enemies":"Slime Boss","floor":16.0,"turns":11.0},{"damage":0,"enemies":"Spheric Guardian","floor":18,"turns":3},{"damage":17,"enemies":"2 Thieves","floor":19,"turns":4},{"damage":11,"enemies":"Snake Plant","floor":20,"turns":4},{"damage":0,"enemies":"Centurion and Healer","floor":21,"turns":4},{"damage":21,"enemies":"Book of Stabbing","floor":23,"turns":5},{"damage":3,"enemies":"Gremlin Leader","floor":27,"turns":5},{"damage":1,"enemies":"Shelled Parasite and Fungi","floor":28,"turns":4},{"damage":0,"enemies":"Snake Plant","floor":29,"turns":3},{"damage":20,"enemies":"Slavers","floor":30,"turns":5},{"damage":1,"enemies":"Chosen and Byrds","floor":31,"turns":4},{"damage":56,"enemies":"Champ","floor":33,"turns":7}],"seed_played":"8230024652418383231","potions_obtained":[{"floor":5.0,"key":"AttackPotion"},{"floor":7.0,"key":"Block Potion"},{"floor":10.0,"key":"LiquidBronze"},{"floor":14.0,"key":"GamblersBrew"},{"floor":20,"key":"AttackPotion"},{"floor":23,"key":"LiquidBronze"},{"floor":29,"key":"Weak Potion"}],"is_trial":false,"path_per_floor":["M","$","?","M","M","R","E","R","T","E","M","R","$","M","R","B",null,"M","M","M","M","?","E","R","$","T","E","M","M","E","M","R","B"],"character_chosen":"THE_SILENT","items_purchased":["Footwork","Oddly Smooth Stone","Well Laid Plans","Finisher+1"],"campfire_rested":4,"item_purchase_floors":[2,25,25,25],"current_hp_per_floor":[56,56,56,54,54,54,24,45,45,31,25,46,46,46,46,34,63,63,46,35,35,35,14,35,35,35,32,31,31,11,12,34,0],"gold":231,"neow_bonus":"TEN_PERCENT_HP_BONUS","is_prod":false,"is_daily":false,"chose_seed":false,"campfire_upgraded":2,"win_rate":0,"timestamp":1561001814,"path_taken":["M","$","?","M","M","R","E","R","T","E","M","R","$","M","R","BOSS","M","M","M","M","?","E","R","?","T","E","M","M","E","M","R","BOSS"],"build_version":"2019-01-23","purchased_purges":1,"victory":false,"max_hp_per_floor":[72,72,72,72,72,72,72,72,72,72,72,72,72,72,72,72,72,72,72,72,72,72,72,72,72,72,72,72,72,72,74,74,74],"card_choices":[{"not_picked":["Quick Slash","Flying Knee"],"picked":"Poisoned Stab","floor":1.0},{"not_picked":["Prepared","Blade Dance"],"picked":"Wraith Form v2","floor":4.0},{"not_picked":["Acrobatics","Blur"],"picked":"Predator","floor":5.0},{"not_picked":["Slice","Escape Plan"],"picked":"Masterful Stab","floor":7.0},{"not_picked":["Underhanded Strike+1","Slice+1"],"picked":"Backflip","floor":10.0},{"not_picked":["Infinite Blades","Choke+1"],"picked":"Sucker Punch+1","floor":11.0},{"not_picked":["Blade Dance","Dodge and Roll"],"picked":"Escape Plan","floor":14.0},{"not_picked":["Venomology","Doppelganger"],"picked":"Bullet Time","floor":16.0},{"not_picked":["Dodge and Roll","Flying Knee+1"],"picked":"Backflip","floor":18},{"not_picked":["Outmaneuver","Sucker Punch+1"],"picked":"Acrobatics","floor":19},{"not_picked":["Bouncing Flask","Blade Dance"],"picked":"Predator+1","floor":20},{"not_picked":["Tactician","Calculated Gamble"],"picked":"Eviscerate+1","floor":21},{"not_picked":["Dagger Throw+1","Flying Knee+1","Slice+1"],"picked":"SKIP","floor":23},{"not_picked":["Accuracy+1","Riddle With Holes+1","Choke+1"],"picked":"SKIP","floor":27},{"not_picked":["Slice+1","Accuracy","Skewer+1"],"picked":"SKIP","floor":28},{"not_picked":["PiercingWail","Outmaneuver"],"picked":"Distraction","floor":29},{"not_picked":["Flying Knee+1","Blade Dance"],"picked":"Venomology","floor":30},{"not_picked":["Dagger Throw+1","Backstab+1","Flechettes+1"],"picked":"Singing Bowl","floor":31}],"player_experience":835097,"relics_obtained":[{"floor":7.0,"key":"Molten Egg 2"},{"floor":9.0,"key":"Mercury Hourglass"},{"floor":10.0,"key":"Tiny Chest"},{"floor":23,"key":"Dead Branch"},{"floor":26,"key":"Bottled Flame"},{"floor":27,"key":"Ninja Scroll"},{"floor":30,"key":"Singing Bowl"}],"event_choices":[{"damage_healed":0.0,"max_hp_gain":0.0,"max_hp_loss":0.0,"gold_gain":0.0,"event_name":"Liars Game","player_choice":"Ignored","floor":3.0,"gold_loss":0.0,"damage_taken":0.0},{"damage_healed":0,"gold_gain":250,"player_choice":"Bet on Owner","damage_taken":0,"max_hp_gain":0,"max_hp_loss":0,"event_name":"The Joust","floor":22,"gold_loss":50}],"is_beta":false,"boss_relics":[{"not_picked":["Lizard Tail","Cursed Key"],"picked":"Snecko Eye"}],"items_purged_floors":[13],"is_endless":false,"potions_floor_spawned":[5,7,10,14,20,23,29,31],"killed_by":"Champ","ascension_level":18}