{"gold_per_floor":[119,132,152,152,170,170,185,185,185,185,220,220,233,6,6,82,82,94,94,94,107,131,131,164,177,177,177,192,29,29,55,55,133,183,202,215,227,327,347,347,367,141,164,178,178,178,178,198,198,198],"floor_reached":50,"playtime":3764,"items_purged":["Strike_R+1"],"score":968,"play_id":"c1e28d1d-a131-481b-9257-832c839555c6","local_time":"20190128163650","is_ascension_mode":true,"campfire_choices":[{"data":"Seeing Red","floor":6,"key":"SMITH"},{"data":"Fiend Fire","floor":10,"key":"SMITH"},{"data":"Flex","floor":12,"key":"SMITH"},{"data":"Whirlwind","floor":15,"key":"SMITH"},{"data":"Battle Trance","floor":23,"key":"SMITH"},{"data":"Dark Embrace","floor":27,"key":"SMITH"},{"data":"True Grit","floor":32,"key":"SMITH"},{"data":"Feel No Pain","floor":40,"key":"SMITH"},{"data":"Spot Weakness","floor":45,"key":"SMITH"},{"data":"Spot Weakness","floor":47,"key":"SMITH"},{"data":"Sword Boomerang","floor":49,"key":"SMITH"}],"neow_cost":"NONE","seed_source_timestamp":540657454723,"circlet_count":0,"master_deck":["AscendersBane","Strike_R+1","Strike_R+1","Strike_R+1","Strike_R+1","Defend_R+1","Defend_R+1","Defend_R+1","Defend_R+1","Bash","Shockwave+1","Whirlwind+1","Pommel Strike","Seeing Red+1","Fiend Fire+1","Flex+1","Battle Trance+1","Reaper+1","Dark Embrace+1","True Grit+1","Feel No Pain+1","Exhume","Spot Weakness+1","Ghostly Armor","Reaper","Spot Weakness+1","Wild Strike","Dark Shackles","Sword Boomerang+1"],"relics":["Burning Blood","Mummified Hand","Du-Vu Doll","Medical Kit","Philosopher\u0027s Stone","Enchiridion","Ancient Tea Set","Mercury Hourglass","PreservedInsect","Ornamental Fan","Tiny House","Champion Belt","Lantern"],"potions_floor_usage":[16,24,25,33,33,34,44,50,50,50],"damage_taken":[{"damage":10,"enemies":"Small Slimes","floor":1,"turns":6},{"damage":9,"enemies":"Jaw Worm","floor":2,"turns":5},{"damage":6,"enemies":"2 Louse","floor":3,"turns":3},{"damage":11,"enemies":"Looter","floor":5,"turns":3},{"damage":8,"enemies":"Blue Slaver","floor":7,"turns":3},{"damage":15,"enemies":"Lagavulin","floor":11,"turns":4},{"damage":7,"enemies":"2 Fungi Beasts","floor":13,"turns":2},{"damage":27,"enemies":"Hexaghost","floor":16,"turns":8},{"damage":12,"enemies":"Spheric Guardian","floor":18,"turns":3},{"damage":0,"enemies":"3 Byrds","floor":21,"turns":4},{"damage":42,"enemies":"Slavers","floor":24,"turns":6},{"damage":1,"enemies":"3 Cultists","floor":25,"turns":2},{"damage":15,"enemies":"Centurion and Healer","floor":28,"turns":2},{"damage":16,"enemies":"Book of Stabbing","floor":31,"turns":3},{"damage":65,"enemies":"Collector","floor":33,"turns":10},{"damage":18,"enemies":"Orb Walker","floor":35,"turns":3},{"damage":31,"enemies":"3 Shapes","floor":36,"turns":3},{"damage":30,"enemies":"3 Darklings","floor":37,"turns":4},{"damage":0,"enemies":"Mind Bloom Boss Battle","floor":38,"turns":4},{"damage":13,"enemies":"4 Shapes","floor":39,"turns":4},{"damage":30,"enemies":"Sphere and 2 Shapes","floor":41,"turns":6},{"damage":18,"enemies":"Jaw Worm Horde","floor":44,"turns":4},{"damage":5,"enemies":"4 Shapes","floor":48,"turns":4},{"damage":167,"enemies":"Awakened One","floor":50,"turns":11}],"seed_played":"6428578955436532021","potions_obtained":[{"floor":2,"key":"GamblersBrew"},{"floor":5,"key":"Energy Potion"},{"floor":11,"key":"Strength Potion"},{"floor":13,"key":"Regen Potion"},{"floor":18,"key":"Strength Potion"},{"floor":24,"key":"PowerPotion"},{"floor":31,"key":"AttackPotion"},{"floor":34,"key":"Fruit Juice"},{"floor":35,"key":"Ancient Potion"},{"floor":37,"key":"GamblersBrew"},{"floor":48,"key":"EntropicBrew"}],"is_trial":false,"path_per_floor":["M","M","M","?","M","R","M","?","T","R","E","R","M","$","R","B",null,"M","?","?","M","T","R","E","M","T","R","M","$","?","E","R","B",null,"M","M","M","?","M","R","M","$","T","M","R","?","R","M","R","B"],"character_chosen":"IRONCLAD","items_purchased":["Medical Kit","PreservedInsect","Strength Potion","Dark Shackles"],"campfire_rested":0,"item_purchase_floors":[14,29,42,42],"current_hp_per_floor":[71,68,68,68,63,63,61,61,61,61,52,52,51,51,51,30,69,63,42,42,53,53,53,32,76,76,76,67,67,67,62,62,22,77,71,92,92,92,92,92,73,73,73,70,70,70,70,92,92,0],"gold":198,"neow_bonus":"TEN_PERCENT_HP_BONUS","is_prod":false,"is_daily":false,"chose_seed":false,"campfire_upgraded":11,"win_rate":0,"timestamp":1548704210,"path_taken":["M","M","M","?","M","R","M","?","T","R","E","R","M","$","R","BOSS","M","?","?","M","?","R","E","M","T","R","M","$","?","E","R","BOSS","M","M","M","?","M","R","M","$","T","M","R","?","R","M","R","BOSS"],"build_version":"2019-01-23","purchased_purges":1,"victory":false,"max_hp_per_floor":[82,82,82,82,82,82,82,82,82,82,82,82,82,82,82,82,82,82,82,82,82,82,82,82,82,82,82,82,82,82,82,82,82,92,92,92,92,92,92,92,92,92,92,92,92,92,92,92,92,92],"card_choices":[{"not_picked":["Headbutt","Wild Strike"],"picked":"Shockwave","floor":1},{"not_picked":["Combust","Twin Strike"],"picked":"Whirlwind","floor":2},{"not_picked":["Heavy Blade","Twin Strike"],"picked":"Pommel Strike","floor":3},{"not_picked":["Body Slam","Flex"],"picked":"Seeing Red","floor":5},{"not_picked":["Headbutt","Pommel Strike"],"picked":"Fiend Fire","floor":7},{"not_picked":["Pummel","Offering"],"picked":"Flex","floor":11},{"not_picked":["Ghostly Armor","Body Slam"],"picked":"Battle Trance","floor":13},{"not_picked":["Dark Embrace","Impervious"],"picked":"Reaper","floor":16},{"not_picked":["Blood for Blood+1","Cleave","Twin Strike"],"picked":"SKIP","floor":18},{"not_picked":["Reckless Charge","Flex","Perfected Strike"],"picked":"SKIP","floor":21},{"not_picked":["Iron Wave","Headbutt"],"picked":"Dark Embrace","floor":24},{"not_picked":["Anger","Sentinel"],"picked":"True Grit","floor":25},{"not_picked":["Iron Wave","Cleave","Anger"],"picked":"SKIP","floor":28},{"not_picked":["Armaments","Iron Wave"],"picked":"Feel No Pain","floor":31},{"not_picked":["Immolate","Brutality"],"picked":"Exhume","floor":33},{"not_picked":["Havoc","Intimidate"],"picked":"Spot Weakness","floor":35},{"not_picked":["Clash","Havoc+1","Pommel Strike"],"picked":"SKIP","floor":36},{"not_picked":["Shockwave","Cleave"],"picked":"Ghostly Armor","floor":37},{"not_picked":["Whirlwind","Perfected Strike"],"picked":"Reaper","floor":38},{"not_picked":["Rage","Cleave"],"picked":"Spot Weakness","floor":39},{"not_picked":["Twin Strike+1","Entrench"],"picked":"Wild Strike","floor":41},{"not_picked":["Seeing Red","Pommel Strike"],"picked":"Sword Boomerang","floor":44},{"not_picked":["Perfected Strike","Sword Boomerang","Iron Wave"],"picked":"SKIP","floor":48}],"player_experience":778720,"relics_obtained":[{"floor":9,"key":"Mummified Hand"},{"floor":11,"key":"Du-Vu Doll"},{"floor":19,"key":"Enchiridion"},{"floor":22,"key":"Ancient Tea Set"},{"floor":24,"key":"Mercury Hourglass"},{"floor":31,"key":"Ornamental Fan"},{"floor":38,"key":"Champion Belt"},{"floor":43,"key":"Lantern"}],"event_choices":[{"damage_healed":0,"gold_gain":0,"player_choice":"Grow","damage_taken":0,"max_hp_gain":0,"max_hp_loss":0,"event_name":"Living Wall","floor":4,"gold_loss":0,"cards_upgraded":["Shockwave"]},{"damage_healed":0,"gold_gain":0,"player_choice":"Ignored","damage_taken":0,"max_hp_gain":0,"max_hp_loss":0,"event_name":"Liars Game","floor":8,"gold_loss":0},{"damage_healed":0,"gold_gain":0,"player_choice":"Obtained Book","damage_taken":21,"max_hp_gain":0,"max_hp_loss":0,"event_name":"Cursed Tome","floor":19,"gold_loss":0},{"damage_healed":0,"gold_gain":0,"player_choice":"Simplicity","damage_taken":0,"max_hp_gain":0,"max_hp_loss":0,"event_name":"Back to Basics","floor":20,"gold_loss":0,"cards_upgraded":["Strike_R","Strike_R","Strike_R","Strike_R","Strike_R","Defend_R","Defend_R","Defend_R","Defend_R"]},{"damage_healed":0,"gold_gain":0,"player_choice":"Ignored","damage_taken":0,"max_hp_gain":0,"max_hp_loss":0,"event_name":"Vampires","floor":30,"gold_loss":0},{"damage_healed":0,"gold_gain":0,"player_choice":"Fight","damage_taken":0,"max_hp_gain":0,"max_hp_loss":0,"event_name":"MindBloom","floor":38,"gold_loss":0},{"damage_healed":0,"gold_gain":0,"player_choice":"Ignored","damage_taken":0,"max_hp_gain":0,"max_hp_loss":0,"event_name":"Mysterious Sphere","floor":46,"gold_loss":0}],"is_beta":false,"boss_relics":[{"not_picked":["Runic Dome","Empty Cage"],"picked":"Philosopher\u0027s Stone"},{"not_picked":["Black Blood","Pandora\u0027s Box"],"picked":"Tiny House"}],"items_purged_floors":[42],"is_endless":false,"potions_floor_spawned":[2,5,11,13,18,24,31,35,37,38,48],"killed_by":"Awakened One","ascension_level":20}