{"gold_per_floor":[367,378,343,418,433,462,462,495,495,507,507],"floor_reached":11,"playtime":350,"items_purged":[],"score":83,"play_id":"6e822262-4898-4c69-bb34-bb734d4383db","local_time":"20180915135752","is_ascension_mode":false,"campfire_choices":[{"floor":7,"key":"REST"}],"neow_cost":"PERCENT_DAMAGE","seed_source_timestamp":87150163738763,"circlet_count":0,"master_deck":["Strike_B","Strike_B","Strike_B","Strike_B","Defend_B","Defend_B","Defend_B","Defend_B","Zap","Dualcast","Reprogram","White Noise","Leap","Static Discharge","Auto Shields+1","Self Repair"],"relics":["Cracked Core","Toxic Egg 2","Smiling Mask","Darkstone Periapt"],"potions_floor_usage":[6,6,8],"damage_taken":[{"damage":1,"enemies":"2 Louse","floor":1,"turns":3},{"damage":6,"enemies":"Jaw Worm","floor":2,"turns":4},{"damage":0,"enemies":"Cultist","floor":5,"turns":4},{"damage":39,"enemies":"Lagavulin","floor":6,"turns":9},{"damage":32,"enemies":"Gremlin Nob","floor":8,"turns":3},{"damage":3,"enemies":"3 Louse","floor":10,"turns":4},{"damage":9,"enemies":"Exordium Wildlife","floor":11,"turns":4}],"seed_played":"8295393913687911454","potions_obtained":[{"floor":1,"key":"Swift Potion"},{"floor":2,"key":"Block Potion"},{"floor":6,"key":"Fire Potion"}],"is_trial":false,"path_per_floor":["M","M","?","?","M","E","R","E","T","M"],"character_chosen":"DEFECT","items_purchased":[],"campfire_rested":1,"item_purchase_floors":[],"current_hp_per_floor":[53,47,65,54,61,22,44,12,12,9,0],"gold":507,"neow_bonus":"TWO_FIFTY_GOLD","is_prod":false,"is_daily":false,"chose_seed":false,"campfire_upgraded":0,"win_rate":0.0,"timestamp":1537034272,"path_taken":["M","M","?","?","?","E","R","E","T","M","M"],"build_version":"2018-09-06","purchased_purges":0,"victory":false,"max_hp_per_floor":[75,75,75,75,75,75,75,75,75,75,75],"card_choices":[{"not_picked":["Blizzard","Steam"],"picked":"Reprogram","floor":1},{"not_picked":["Cold Snap","Go for the Eyes"],"picked":"White Noise","floor":2},{"not_picked":["Rip and Tear","Go for the Eyes"],"picked":"Leap","floor":5},{"not_picked":["Turbo","Melter"],"picked":"Static Discharge","floor":6},{"not_picked":["Fission+1","Barrage"],"picked":"Auto Shields+1","floor":8},{"not_picked":["Darkness+1","White Noise+1"],"picked":"Self Repair","floor":10}],"player_experience":114275,"relics_obtained":[{"floor":6,"key":"Toxic Egg 2"},{"floor":8,"key":"Smiling Mask"},{"floor":9,"key":"Darkstone Periapt"}],"event_choices":[{"event_name":"The Cleric","player_choice":"Healed","floor":3,"damage_taken":0},{"event_name":"World of Goop","player_choice":"Gather Gold","floor":4,"damage_taken":0}],"is_beta":false,"boss_relics":[],"items_purged_floors":[],"is_endless":false,"potions_floor_spawned":[1,2,6],"killed_by":"Exordium Wildlife","ascension_level":0}