{"gold_per_floor":[111,125,141,151,167,167,4,23,48,60,79,79,79,89,89,89],"floor_reached":16,"playtime":702,"items_purged":[],"score":196,"play_id":"51d91409-121e-44a0-8014-ba9d354e82aa","local_time":"20190103174303","is_ascension_mode":true,"campfire_choices":[{"data":"Bouncing Flask","floor":6,"key":"SMITH"},{"floor":12,"key":"REST"},{"floor":15,"key":"REST"}],"neow_cost":"NONE","seed_source_timestamp":20342699933486,"circlet_count":0,"master_deck":["AscendersBane","Defend_G","Defend_G","Defend_G","Defend_G","Defend_G","Strike_G","Strike_G","Strike_G","Strike_G","Strike_G","Survivor","Neutralize","Dash","Dagger Spray","Bullet Time","Bouncing Flask+1","Crippling Poison","Backflip","Escape Plan","Footwork"],"relics":["Ring of the Snake","PreservedInsect","Smiling Mask"],"potions_floor_usage":[16,16],"damage_taken":[{"damage":8,"enemies":"Jaw Worm","floor":1,"turns":8},{"damage":1,"enemies":"Small Slimes","floor":2,"turns":5},{"damage":1,"enemies":"2 Louse","floor":3,"turns":3},{"damage":0,"enemies":"2 Fungi Beasts","floor":4,"turns":4},{"damage":19,"enemies":"Exordium Thugs","floor":5,"turns":6},{"damage":1,"enemies":"Blue Slaver","floor":8,"turns":4},{"damage":12,"enemies":"3 Louse","floor":10,"turns":2},{"damage":13,"enemies":"Exordium Wildlife","floor":11,"turns":5},{"damage":21,"enemies":"Large Slime","floor":14,"turns":9},{"damage":37,"enemies":"Slime Boss","floor":16,"turns":6}],"seed_played":"5427105989247307529","potions_obtained":[{"floor":1,"key":"FearPotion"},{"floor":5,"key":"Block Potion"},{"floor":11,"key":"Strength Potion"}],"is_trial":false,"path_per_floor":["M","M","M","M","M","R","$","M","T","M","M","R","?","M","R","B"],"character_chosen":"THE_SILENT","items_purchased":["PreservedInsect"],"campfire_rested":2,"item_purchase_floors":[7],"current_hp_per_floor":[57,56,55,55,36,36,36,35,35,23,10,31,31,10,31,0],"gold":89,"neow_bonus":"TEN_PERCENT_HP_BONUS","is_prod":false,"is_daily":false,"chose_seed":false,"campfire_upgraded":1,"win_rate":0,"timestamp":1546548183,"path_taken":["M","M","M","M","M","R","$","M","T","M","M","R","?","M","R","BOSS"],"build_version":"2018-12-20","purchased_purges":0,"victory":false,"max_hp_per_floor":[72,72,72,72,72,72,72,72,72,72,72,72,72,72,72,72],"card_choices":[{"not_picked":["Well Laid Plans","Cloak And Dagger"],"picked":"Dash","floor":1},{"not_picked":["Deflect","Riddle With Holes"],"picked":"Dagger Spray","floor":2},{"not_picked":["Poisoned Stab","Blade Dance"],"picked":"Bullet Time","floor":3},{"not_picked":["Underhanded Strike","Deflect"],"picked":"Bouncing Flask","floor":4},{"not_picked":["Quick Slash","Bouncing Flask","Dagger Throw"],"picked":"SKIP","floor":5},{"not_picked":["Flechettes","Leg Sweep"],"picked":"Crippling Poison","floor":8},{"not_picked":["Underhanded Strike","Quick Slash"],"picked":"Backflip","floor":10},{"not_picked":["Dagger Spray","Flechettes"],"picked":"Escape Plan","floor":11},{"not_picked":["Sucker Punch","Predator"],"picked":"Footwork","floor":14}],"player_experience":687499,"relics_obtained":[{"floor":9,"key":"Smiling Mask"}],"event_choices":[{"damage_healed":0,"gold_gain":0,"player_choice":"Ignored","damage_taken":0,"max_hp_gain":0,"max_hp_loss":0,"event_name":"Liars Game","floor":13,"gold_loss":0}],"is_beta":false,"boss_relics":[],"items_purged_floors":[],"is_endless":false,"potions_floor_spawned":[1,5,10,11,14],"killed_by":"Slime Boss","ascension_level":20}