{"gold_per_floor":[115,191,191,14,29,29,29,29,56,131,131,149,149,160,160,263,263,283,25,39,59,71,71,106,106,106,106,123,123,48,48,48,153,153,169,180,80,0,16,75,75,92,170,170,184,184,184,203,203,203,203,203,13,13],"floor_reached":54,"playtime":2609,"items_purged":["Strike_R","Strike_R+1"],"score":1046,"play_id":"c2b20a13-9501-477a-baa1-815a5be17d1a","local_time":"20181125024045","is_ascension_mode":true,"campfire_choices":[{"data":"Evolve","floor":6,"key":"SMITH"},{"data":"Reckless Charge","floor":8,"key":"SMITH"},{"data":"Inflame","floor":13,"key":"SMITH"},{"data":"Reaper","floor":15,"key":"SMITH"},{"floor":23,"key":"REST"},{"data":"Limit Break","floor":25,"key":"SMITH"},{"floor":27,"key":"RECALL"},{"floor":29,"key":"REST"},{"data":"Impervious","floor":32,"key":"SMITH"},{"floor":41,"key":"REST"},{"floor":46,"key":"REST"},{"floor":49,"key":"REST"},{"floor":52,"key":"REST"}],"neow_cost":"NONE","seed_source_timestamp":0,"circlet_count":0,"master_deck":["AscendersBane","Strike_R+1","Defend_R+1","Defend_R+1","Defend_R+1","Defend_R+1","Bash+1","Reckless Charge+1","Evolve+1","Thunderclap","Cleave","Impervious+1","Inflame+1","Reaper+1","Limit Break+1","Inflame+1","Flame Barrier+1","Shrug It Off+1","Heavy Blade+1","Fiend Fire+1","Disarm+1","Clothesline+1","Ghostly Armor+1","Limit Break+1"],"special_seed":0,"relics":["Burning Blood","Pear","Mark of Pain","Molten Egg 2","Bag of Preparation","Fusion Hammer","Red Mask","Tiny Chest","Meat on the Bone","Mummified Hand","DollysMirror"],"potions_floor_usage":[16,16,24,33,36,50,50],"damage_taken":[{"damage":20,"enemies":"Small Slimes","floor":1,"turns":4},{"damage":11,"enemies":"Jaw Worm","floor":5,"turns":4},{"damage":2,"enemies":"2 Louse","floor":12,"turns":2},{"damage":8,"enemies":"2 Fungi Beasts","floor":14,"turns":3},{"damage":46,"enemies":"Hexaghost","floor":16,"turns":9},{"damage":23,"enemies":"Shell Parasite","floor":18,"turns":5},{"damage":18,"enemies":"3 Byrds","floor":20,"turns":4},{"damage":2,"enemies":"Snake Plant","floor":21,"turns":4},{"damage":37,"enemies":"Sentry and Sphere","floor":22,"turns":6},{"damage":31,"enemies":"Slavers","floor":24,"turns":5},{"damage":15,"enemies":"Shelled Parasite and Fungi","floor":28,"turns":6},{"damage":43,"enemies":"Champ","floor":33,"turns":8},{"damage":22,"enemies":"3 Darklings","floor":35,"turns":5},{"damage":6,"enemies":"Orb Walker","floor":36,"turns":4},{"damage":8,"enemies":"Sphere and 2 Shapes","floor":39,"turns":5},{"damage":40,"enemies":"Reptomancer","floor":40,"turns":7},{"damage":2,"enemies":"Maw","floor":42,"turns":6},{"damage":0,"enemies":"Transient","floor":45,"turns":5},{"damage":17,"enemies":"Sphere and 2 Shapes","floor":48,"turns":7},{"damage":40,"enemies":"Donu and Deca","floor":50,"turns":7},{"damage":96,"enemies":"Shield and Spear","floor":54,"turns":5}],"seed_played":"4000417080021163044","potions_obtained":[{"floor":1,"key":"Block Potion"},{"floor":12,"key":"SkillPotion"},{"floor":20,"key":"Swift Potion"},{"floor":21,"key":"AttackPotion"},{"floor":28,"key":"Weak Potion"},{"floor":39,"key":"Ancient Potion"},{"floor":42,"key":"Strength Potion"}],"is_trial":false,"path_per_floor":["M","?","T","$","M","R","?","R","T","?","?","M","R","M","R","B",null,"M","$","M","M","M","R","E","R","T","R","M","R","?","?","R","B",null,"M","M","$","?","M","E","R","M","T","?","M","R","T","M","R","B",null,"R","$","E"],"character_chosen":"IRONCLAD","items_purchased":["Evolve","Thunderclap","Molten Egg 2","DollysMirror"],"campfire_rested":6,"item_purchase_floors":[4,4,19,53],"current_hp_per_floor":[58,58,68,68,63,63,63,63,63,52,52,56,56,54,54,26,74,57,57,45,61,44,71,63,63,63,63,54,81,81,81,81,76,87,90,90,90,90,88,90,90,90,90,90,90,90,90,90,90,87,89,90,90,0],"gold":13,"neow_bonus":"UPGRADE_CARD","is_prod":false,"is_daily":false,"chose_seed":false,"campfire_upgraded":6,"win_rate":0,"timestamp":1543124445,"path_taken":["M","?","?","$","M","R","?","R","T","?","?","M","R","M","R","BOSS","M","$","M","M","?","R","E","R","T","R","M","R","?","?","R","BOSS","M","M","$","?","M","E","R","M","T","?","M","R","?","M","R","BOSS","R","$","E"],"build_version":"2018-11-15","purchased_purges":2,"victory":false,"max_hp_per_floor":[80,80,90,90,90,90,90,90,90,90,90,90,90,90,90,90,90,90,90,90,90,90,90,90,90,90,90,90,90,90,90,90,90,90,90,90,90,90,90,90,90,90,90,90,90,90,90,90,90,90,90,90,90,90],"card_choices":[{"not_picked":["Armaments","Rage"],"picked":"Reckless Charge","floor":1},{"not_picked":["Thunderclap","Body Slam"],"picked":"Cleave","floor":5},{"not_picked":["Flex","Reckless Charge"],"picked":"Inflame","floor":12},{"not_picked":["Warcry","Thunderclap"],"picked":"Reaper","floor":14},{"not_picked":["Offering","Bludgeon"],"picked":"Limit Break","floor":16},{"not_picked":["Clash","Perfected Strike"],"picked":"Inflame+1","floor":18},{"not_picked":["Metallicize+1","Cleave+1","Havoc"],"picked":"SKIP","floor":20},{"not_picked":["Combust+1","Dropkick+1"],"picked":"Flame Barrier+1","floor":21},{"not_picked":["Wild Strike+1","Second Wind+1"],"picked":"Shrug It Off+1","floor":22},{"not_picked":["Sentinel","Havoc","Anger+1"],"picked":"SKIP","floor":24},{"not_picked":["Dual Wield","Shrug It Off+1"],"picked":"Heavy Blade+1","floor":28},{"not_picked":["Berserk","Juggernaut"],"picked":"Fiend Fire+1","floor":33},{"not_picked":["Rage+1","Dual Wield"],"picked":"Disarm+1","floor":35},{"not_picked":["Thunderclap+1","Flex+1"],"picked":"Clothesline+1","floor":36},{"not_picked":["Pommel Strike+1","Clothesline+1"],"picked":"Ghostly Armor+1","floor":39},{"not_picked":["Rupture+1","Shrug It Off+1","Combust"],"picked":"SKIP","floor":40},{"not_picked":["Havoc","Rampage+1","Flex"],"picked":"SKIP","floor":42},{"not_picked":["Twin Strike+1","Feel No Pain","Warcry"],"picked":"SKIP","floor":45},{"not_picked":["Twin Strike+1","Feel No Pain","Warcry"],"picked":"SKIP","floor":45},{"not_picked":["True Grit+1","Sever Soul+1","Pommel Strike+1"],"picked":"SKIP","floor":48}],"player_experience":415272,"relics_obtained":[{"floor":3,"key":"Pear"},{"floor":24,"key":"Bag of Preparation"},{"floor":40,"key":"Tiny Chest"},{"floor":43,"key":"Meat on the Bone"},{"floor":47,"key":"Mummified Hand"}],"event_choices":[{"damage_healed":0,"gold_gain":76,"player_choice":"Gained Gold","damage_taken":0,"max_hp_gain":0,"max_hp_loss":0,"event_name":"Golden Wing","floor":2,"gold_loss":0},{"damage_healed":0,"gold_gain":0,"player_choice":"Ignored","damage_taken":0,"max_hp_gain":0,"max_hp_loss":0,"event_name":"Liars Game","floor":7,"gold_loss":0},{"damage_healed":0,"gold_gain":75,"player_choice":"Gather Gold","damage_taken":11,"max_hp_gain":0,"max_hp_loss":0,"event_name":"World of Goop","floor":10,"gold_loss":0},{"damage_healed":0,"gold_gain":0,"cards_transformed":["Strike_R"],"player_choice":"Transformed","damage_taken":0,"max_hp_gain":0,"max_hp_loss":0,"event_name":"Transmorgrifier","floor":11,"gold_loss":0,"cards_obtained":["Impervious"]},{"cards_removed":["Strike_R"],"damage_healed":0,"gold_gain":0,"player_choice":"Gave Gold","damage_taken":0,"max_hp_gain":0,"max_hp_loss":0,"event_name":"Beggar","floor":30,"gold_loss":75},{"damage_healed":0,"gold_gain":0,"player_choice":"Simplicity","damage_taken":0,"max_hp_gain":0,"max_hp_loss":0,"event_name":"Back to Basics","floor":31,"gold_loss":0,"cards_upgraded":["Strike_R","Strike_R","Defend_R","Defend_R","Defend_R","Defend_R"]},{"damage_healed":0,"gold_gain":0,"player_choice":"Paid","damage_taken":0,"relics_obtained":["Red Mask"],"max_hp_gain":0,"max_hp_loss":0,"event_name":"Tomb of Lord Red Mask","floor":38,"gold_loss":80},{"damage_healed":0,"gold_gain":0,"player_choice":"Memory 1","damage_taken":0,"max_hp_gain":0,"max_hp_loss":0,"event_name":"SensoryStone","floor":44,"gold_loss":0}],"is_beta":false,"boss_relics":[{"not_picked":["Busted Crown","Eternal Feather"],"picked":"Mark of Pain"},{"not_picked":["Calling Bell","Coffee Dripper"],"picked":"Fusion Hammer"}],"items_purged_floors":[4,37],"is_endless":false,"potions_floor_spawned":[1,12,20,21,28,39,42,48],"killed_by":"Shield and Spear","ascension_level":11}