{"gold_per_floor":[118,138,118,132,132,157,97,112,112,112,122,45,45,45,45,45],"floor_reached":16,"playtime":603,"items_purged":[],"score":185,"play_id":"84f889dc-39ab-4348-8f4f-fe6c9ad421c8","local_time":"20190620123641","is_ascension_mode":true,"campfire_choices":[{"floor":10,"key":"REST"},{"data":"Neutralize","floor":13,"key":"SMITH"},{"data":"Footwork","floor":15,"key":"SMITH"}],"neow_cost":"NONE","seed_source_timestamp":672498515720483,"circlet_count":0,"master_deck":["AscendersBane","Defend_G","Defend_G","Defend_G","Defend_G+1","Defend_G","Strike_G","Strike_G","Strike_G","Strike_G","Strike_G","Survivor+1","Neutralize+1","Backflip","Footwork+1","Cloak And Dagger","After Image","Caltrops","Footwork+1"],"relics":["Ring of the Snake","NeowsBlessing","Orichalcum","Snake Skull"],"potions_floor_usage":[6,11,16],"damage_taken":[{"damage":0,"enemies":"2 Louse","floor":1,"turns":1},{"damage":0,"enemies":"Cultist","floor":2,"turns":1},{"damage":0,"enemies":"Jaw Worm","floor":4,"turns":1},{"damage":32,"enemies":"Gremlin Nob","floor":6,"turns":6},{"damage":0,"enemies":"Looter","floor":7,"turns":5},{"damage":0,"enemies":"Red Slaver","floor":8,"turns":6},{"damage":6,"enemies":"Lots of Slimes","floor":11,"turns":6},{"damage":20,"enemies":"Hexaghost","floor":16,"turns":16}],"seed_played":"1471464691610653808","potions_obtained":[{"floor":2,"key":"SpeedPotion"},{"floor":3,"key":"SteroidPotion"},{"floor":8,"key":"PowerPotion"},{"floor":11,"key":"EssenceOfSteel"}],"is_trial":false,"path_per_floor":["M","M","?","M","?","E","M","M","T","R","M","$","R","?","R","B"],"character_chosen":"THE_SILENT","items_purchased":["Footwork"],"campfire_rested":1,"item_purchase_floors":[12],"current_hp_per_floor":[59,59,59,59,39,7,7,7,7,26,20,20,20,20,20,0],"gold":45,"neow_bonus":"THREE_ENEMY_KILL","is_prod":false,"is_daily":false,"chose_seed":false,"campfire_upgraded":2,"win_rate":0,"timestamp":1561005401,"path_taken":["M","M","?","?","?","E","M","M","T","R","M","$","R","?","R","BOSS"],"build_version":"2019-01-23","purchased_purges":0,"victory":false,"max_hp_per_floor":[66,66,66,66,66,66,66,66,66,66,66,66,66,66,66,66],"card_choices":[{"not_picked":["Deadly Poison","Cloak And Dagger"],"picked":"Backflip","floor":1},{"not_picked":["Masterful Stab","Quick Slash","Deflect"],"picked":"SKIP","floor":2},{"not_picked":["Blade Dance","Quick Slash"],"picked":"Footwork","floor":4},{"not_picked":["Eviscerate","Reflex"],"picked":"Cloak And Dagger","floor":6},{"not_picked":["Underhanded Strike","PiercingWail","Slice"],"picked":"SKIP","floor":7},{"not_picked":["Leg Sweep","Deadly Poison"],"picked":"After Image","floor":8},{"not_picked":["Blade Dance","Underhanded Strike"],"picked":"Caltrops","floor":11}],"player_experience":921046,"relics_obtained":[{"floor":6,"key":"Orichalcum"},{"floor":9,"key":"Snake Skull"}],"event_choices":[{"damage_healed":0,"gold_gain":0,"player_choice":"Bought 1 Potion","damage_taken":0,"max_hp_gain":0,"max_hp_loss":0,"event_name":"The Woman in Blue","floor":3,"gold_loss":0},{"damage_healed":0,"gold_gain":0,"player_choice":"Entered Light","damage_taken":20,"max_hp_gain":0,"max_hp_loss":0,"event_name":"Shining Light","floor":5,"gold_loss":0,"cards_upgraded":["Defend_G","Survivor"]},{"damage_healed":0,"gold_gain":0,"player_choice":"Forge","damage_taken":0,"max_hp_gain":0,"max_hp_loss":0,"event_name":"Accursed Blacksmith","floor":14,"gold_loss":0,"cards_upgraded":["Footwork"]}],"is_beta":false,"boss_relics":[],"items_purged_floors":[],"is_endless":false,"potions_floor_spawned":[2,8,11],"killed_by":"Hexaghost","ascension_level":17}