{"gold_per_floor":[112,127,145,27,27,27,71,71,71,71,71,146,159,173,173,264,264,289,313,0,16,16,16,54,54,81,81,97,112,130,145,145,145],"floor_reached":33,"playtime":2240,"items_purged":["Strike_G","Defend_G"],"score":529,"play_id":"40831160-e3ea-452d-a197-920d53633cff","local_time":"20190617123244","is_ascension_mode":true,"campfire_choices":[{"data":"Neutralize","floor":6,"key":"SMITH"},{"data":"Dagger Spray","floor":8,"key":"SMITH"},{"data":"Noxious Fumes","floor":11,"key":"SMITH"},{"floor":15,"key":"REST"},{"data":"Footwork","floor":23,"key":"SMITH"},{"data":"Backflip","floor":25,"key":"SMITH"},{"data":"Corpse Explosion","floor":27,"key":"SMITH"},{"floor":32,"key":"REST"}],"neow_cost":"NONE","seed_source_timestamp":411422787392772,"circlet_count":0,"master_deck":["AscendersBane","Defend_G","Defend_G","Defend_G","Survivor","Neutralize+1","Dodge and Roll","Dagger Spray","Heel Hook","Noxious Fumes+1","Dagger Spray+1","Backflip+1","Dash","Flechettes+1","Predator+1","Cloak And Dagger+1","Footwork+1","Backflip+1","Corpse Explosion+1","Noxious Fumes+1","Infinite Blades"],"relics":["Ring of the Snake","Golden Idol","Bag of Marbles","Singing Bowl","Ancient Tea Set","Astrolabe","ClockworkSouvenir","Pen Nib","Boot"],"potions_floor_usage":[7,12,13,16,24,31,33],"damage_taken":[{"damage":5,"enemies":"Cultist","floor":1,"turns":5},{"damage":0,"enemies":"2 Louse","floor":2,"turns":3},{"damage":6,"enemies":"Small Slimes","floor":3,"turns":4},{"damage":11,"enemies":"3 Sentries","floor":7,"turns":7},{"damage":27,"enemies":"Lagavulin Event","floor":12,"turns":8},{"damage":1,"enemies":"Looter","floor":13,"turns":3},{"damage":0,"enemies":"2 Fungi Beasts","floor":14,"turns":4},{"damage":3,"enemies":"Hexaghost","floor":16,"turns":11},{"damage":26,"enemies":"2 Thieves","floor":18,"turns":3},{"damage":0,"enemies":"Chosen","floor":19,"turns":5},{"damage":7,"enemies":"Snake Plant","floor":21,"turns":5},{"damage":0,"enemies":"Book of Stabbing","floor":24,"turns":4},{"damage":0,"enemies":"Chosen and Byrds","floor":28,"turns":4},{"damage":7,"enemies":"Cultist and Chosen","floor":29,"turns":6},{"damage":0,"enemies":"3 Cultists","floor":30,"turns":3},{"damage":8,"enemies":"Snake Plant","floor":31,"turns":5},{"damage":56,"enemies":"Collector","floor":33,"turns":8}],"seed_played":"-4674240558600157835","potions_obtained":[{"floor":2,"key":"AttackPotion"},{"floor":7,"key":"Ancient Potion"},{"floor":12,"key":"Dexterity Potion"},{"floor":14,"key":"GamblersBrew"},{"floor":19,"key":"SteroidPotion"},{"floor":24,"key":"LiquidBronze"},{"floor":28,"key":"Dexterity Potion"},{"floor":29,"key":"Poison Potion"}],"is_trial":false,"path_per_floor":["M","M","M","$","?","R","E","R","T","?","R","?","M","M","R","B",null,"M","M","$","M","?","R","E","R","T","R","M","M","M","M","R","B"],"character_chosen":"THE_SILENT","items_purchased":["Noxious Fumes","ClockworkSouvenir"],"campfire_rested":2,"item_purchase_floors":[4,20],"current_hp_per_floor":[54,54,48,48,48,48,37,37,37,37,37,10,11,11,29,28,55,29,29,29,24,24,24,24,24,24,24,24,17,19,13,34,0],"gold":145,"neow_bonus":"TRANSFORM_CARD","is_prod":false,"is_daily":false,"chose_seed":false,"campfire_upgraded":6,"win_rate":0,"timestamp":1560745964,"path_taken":["M","M","M","?","?","R","E","R","T","?","R","?","M","M","R","BOSS","M","M","$","M","?","R","E","R","T","R","?","M","M","M","R","BOSS"],"build_version":"2019-01-23","purchased_purges":2,"victory":false,"max_hp_per_floor":[66,66,66,66,60,60,60,60,60,60,60,60,62,62,62,64,64,64,64,64,66,66,66,66,66,66,66,66,66,68,70,70,70],"card_choices":[{"not_picked":["Predator","Dodge and Roll"],"picked":"Dagger Spray","floor":1},{"not_picked":["Quick Slash","Blade Dance","Deflect"],"picked":"SKIP","floor":2},{"not_picked":["Tools of the Trade","Prepared"],"picked":"Heel Hook","floor":3},{"not_picked":["Prepared","Tools of the Trade"],"picked":"Dagger Spray","floor":7},{"not_picked":["Crippling Poison","Poisoned Stab"],"picked":"Backflip","floor":12},{"not_picked":["Deadly Poison","PiercingWail","Blade Dance"],"picked":"Singing Bowl","floor":13},{"not_picked":["Bane","Catalyst"],"picked":"Dash","floor":14},{"not_picked":["Unload","Bullet Time","Phantasmal Killer"],"picked":"Singing Bowl","floor":16},{"not_picked":["Dagger Spray","Outmaneuver"],"picked":"Footwork","floor":18},{"not_picked":["Crippling Poison","Prepared"],"picked":"Backflip","floor":19},{"not_picked":["Dagger Throw","Acrobatics","Dagger Spray"],"picked":"Singing Bowl","floor":21},{"not_picked":["Sucker Punch","Dodge and Roll"],"picked":"Corpse Explosion","floor":24},{"not_picked":["Acrobatics","Predator"],"picked":"Noxious Fumes+1","floor":28},{"not_picked":["Endless Agony","Deadly Poison"],"picked":"Infinite Blades","floor":29},{"not_picked":["Dagger Spray","Dagger Throw","Masterful Stab"],"picked":"Singing Bowl","floor":30},{"not_picked":["Caltrops","Deflect","Dodge and Roll"],"picked":"Singing Bowl","floor":31}],"player_experience":890077,"relics_obtained":[{"floor":7,"key":"Bag of Marbles"},{"floor":9,"key":"Singing Bowl"},{"floor":24,"key":"Pen Nib"},{"floor":26,"key":"Boot"}],"event_choices":[{"damage_healed":0,"gold_gain":0,"player_choice":"Lose Max HP","damage_taken":0,"relics_obtained":["Golden Idol"],"max_hp_gain":0,"max_hp_loss":6,"event_name":"Golden Idol","floor":5,"gold_loss":0},{"cards_removed":["Strike_G"],"damage_healed":0,"gold_gain":0,"player_choice":"Forget","damage_taken":0,"max_hp_gain":0,"max_hp_loss":0,"event_name":"Living Wall","floor":10,"gold_loss":0},{"damage_healed":0,"gold_gain":0,"player_choice":"Searched \u00272\u0027 times","damage_taken":0,"relics_obtained":["Ancient Tea Set"],"max_hp_gain":0,"max_hp_loss":0,"event_name":"Dead Adventurer","floor":12,"gold_loss":0},{"damage_healed":0,"gold_gain":0,"player_choice":"Forge","damage_taken":0,"max_hp_gain":0,"max_hp_loss":0,"event_name":"Accursed Blacksmith","floor":22,"gold_loss":0,"cards_upgraded":["Backflip"]}],"is_beta":false,"boss_relics":[{"not_picked":["Fusion Hammer","Calling Bell"],"picked":"Astrolabe"}],"items_purged_floors":[4,20],"is_endless":false,"potions_floor_spawned":[2,7,12,14,19,24,28,29],"killed_by":"Collector","ascension_level":16}