{"gold_per_floor":[109,109,30,50,67,67,93,123,123,123,46,46,63,73,73,147,147,123,48,48,66,38,38,64,77,77,97,97,117,152,67,67,143,143,163,175,47,47,47,47,74,74,74,74,86,86,133,166,166,166],"floor_reached":50,"playtime":2686,"items_purged":[],"score":1018,"play_id":"9bbf13a1-1cf1-4e32-b8f4-36a0f9eba007","local_time":"20190619181201","is_ascension_mode":true,"campfire_choices":[{"floor":6.0,"key":"REST"},{"floor":12,"key":"REST"},{"data":"Footwork","floor":15,"key":"SMITH"},{"data":"Malaise","floor":23,"key":"SMITH"},{"floor":28,"key":"REST"},{"floor":32,"key":"REST"},{"data":"Cloak And Dagger","floor":40,"key":"SMITH"},{"floor":44,"key":"REST"},{"floor":46,"key":"REST"},{"floor":49,"key":"REST"}],"neow_cost":"NONE","seed_source_timestamp":0,"circlet_count":0,"master_deck":["AscendersBane","Defend_G","Defend_G","Defend_G","Defend_G","Defend_G","Strike_G","Strike_G","Strike_G","Survivor","Neutralize","Blade Dance+1","Footwork","Deadly Poison","All Out Attack","Sucker Punch","Footwork+1","Die Die Die","Malaise+1","Backstab","Dagger Spray+1","Deadly Poison","Backstab+1","Distraction","Calculated Gamble","Noxious Fumes","Wraith Form v2","Cloak And Dagger","Noxious Fumes","Cloak And Dagger+1","Deep Breath","Well Laid Plans+1","PiercingWail","Crippling Poison"],"special_seed":0,"relics":["Ring of the Snake","Ninja Scroll","Turnip","Odd Mushroom","Dead Branch","WristBlade","Molten Egg 2","Pear","Paper Crane","Shuriken","Sozu","Blue Candle","Vajra","Peace Pipe","FossilizedHelix"],"potions_floor_usage":[7,8,16,25,25,33,33,41],"damage_taken":[{"damage":0.0,"enemies":"Small Slimes","floor":1.0,"turns":4.0},{"damage":0.0,"enemies":"Jaw Worm","floor":4.0,"turns":3.0},{"damage":7.0,"enemies":"2 Louse","floor":5.0,"turns":3.0},{"damage":12,"enemies":"3 Sentries","floor":7,"turns":8},{"damage":11,"enemies":"The Mushroom Lair","floor":8,"turns":4},{"damage":0,"enemies":"2 Fungi Beasts","floor":13,"turns":3},{"damage":0,"enemies":"Exordium Wildlife","floor":14,"turns":3},{"damage":37,"enemies":"The Guardian","floor":16,"turns":13},{"damage":3,"enemies":"2 Thieves","floor":18,"turns":4},{"damage":5,"enemies":"3 Byrds","floor":21,"turns":4},{"damage":27,"enemies":"Slavers","floor":24,"turns":7},{"damage":2,"enemies":"Snecko","floor":25,"turns":4},{"damage":9,"enemies":"Snake Plant","floor":27,"turns":4},{"damage":16,"enemies":"Cultist and Chosen","floor":29,"turns":5},{"damage":11,"enemies":"Gremlin Leader","floor":30,"turns":8},{"damage":30,"enemies":"Automaton","floor":33,"turns":8},{"damage":0,"enemies":"3 Darklings","floor":35,"turns":2},{"damage":0,"enemies":"3 Shapes","floor":36,"turns":4},{"damage":37,"enemies":"Reptomancer","floor":41,"turns":6},{"damage":0,"enemies":"Transient","floor":45,"turns":6},{"damage":5,"enemies":"2 Orb Walkers","floor":47,"turns":4},{"damage":28,"enemies":"Nemesis","floor":48,"turns":7},{"damage":58,"enemies":"Time Eater","floor":50,"turns":10}],"seed_played":"8671260293719038459","potions_obtained":[{"floor":1.0,"key":"PowerPotion"},{"floor":5.0,"key":"GhostInAJar"},{"floor":14,"key":"FearPotion"},{"floor":16,"key":"GamblersBrew"},{"floor":21,"key":"GamblersBrew"},{"floor":29,"key":"SpeedPotion"},{"floor":30,"key":"SteroidPotion"},{"floor":33,"key":"EssenceOfSteel"}],"is_trial":false,"path_per_floor":["M","?","$","M","M","R","E","?","T","?","$","R","M","M","R","B",null,"M","?","?","M","$","R","E","M","T","M","R","M","E","?","R","B",null,"M","M","$","?","?","R","E","$","T","R","M","R","?","E","R","B"],"character_chosen":"THE_SILENT","items_purchased":["Footwork","Footwork","Deadly Poison","Noxious Fumes","Cloak And Dagger"],"campfire_rested":7,"item_purchase_floors":[3,11,22,37,37],"current_hp_per_floor":[59,33,33,33,26,45,33,22,22,22,22,41,41,41,41,4,51,48,48,48,43,43,43,16,14,24,15,37,21,10,10,32,2,58,58,58,58,58,58,58,21,21,21,43,43,65,60,32,54,0],"gold":166,"neow_bonus":"THREE_CARDS","is_prod":false,"is_daily":false,"chose_seed":false,"campfire_upgraded":3,"win_rate":0,"timestamp":1560982321,"path_taken":["M","?","?","M","M","R","E","?","T","?","$","R","?","M","R","BOSS","M","?","?","M","$","R","E","M","T","M","R","?","E","?","R","BOSS","M","M","$","?","?","R","E","$","T","R","?","R","?","E","R","BOSS"],"build_version":"2019-01-23","purchased_purges":0,"victory":false,"max_hp_per_floor":[66,66,66,66,66,66,66,66,66,66,66,66,66,66,66,66,66,66,66,66,66,66,66,66,66,76,76,76,76,76,76,76,76,76,76,76,76,76,76,76,76,76,76,76,76,76,76,76,76,76],"card_choices":[{"not_picked":["Heel Hook","Bane"],"picked":"Blade Dance","floor":0.0},{"not_picked":["Eviscerate","Calculated Gamble","Acrobatics"],"picked":"SKIP","floor":1.0},{"not_picked":["Backflip","Concentrate","Dodge and Roll"],"picked":"SKIP","floor":4.0},{"not_picked":["Slice","Terror"],"picked":"Deadly Poison","floor":5.0},{"not_picked":["Finisher","Dodge and Roll"],"picked":"All Out Attack","floor":7},{"not_picked":["Acrobatics","Cloak And Dagger"],"picked":"Sucker Punch","floor":8},{"not_picked":["Expertise","Dagger Throw","Flechettes"],"picked":"SKIP","floor":13},{"not_picked":["Dagger Spray","Bane"],"picked":"Die Die Die","floor":14},{"not_picked":["Doppelganger","Venomology"],"picked":"Malaise","floor":16},{"not_picked":["Prepared","Flying Knee","Slice"],"picked":"SKIP","floor":18},{"not_picked":["Expertise","Escape Plan"],"picked":"Dagger Spray+1","floor":21},{"not_picked":["Footwork","Terror","Eviscerate"],"picked":"SKIP","floor":24},{"not_picked":["Flechettes+1","Noxious Fumes"],"picked":"Backstab+1","floor":25},{"not_picked":["Accuracy","Dagger Throw+1"],"picked":"Distraction","floor":27},{"not_picked":["Dagger Throw+1","Underhanded Strike+1"],"picked":"Calculated Gamble","floor":29},{"not_picked":["Dodge and Roll","Outmaneuver"],"picked":"Noxious Fumes","floor":30},{"not_picked":["Envenom","Grand Finale+1"],"picked":"Wraith Form v2","floor":33},{"not_picked":["Dagger Throw+1","Flechettes+1"],"picked":"Cloak And Dagger","floor":35},{"not_picked":["Deadly Poison","Flying Knee+1","Masterful Stab+1"],"picked":"SKIP","floor":36},{"not_picked":["Mind Blast+1","Madness"],"picked":"Deep Breath","floor":38},{"not_picked":["Deflect","Quick Slash+1"],"picked":"Well Laid Plans+1","floor":41},{"not_picked":["Dagger Throw+1","Slice+1"],"picked":"PiercingWail","floor":45},{"not_picked":["Calculated Gamble","Sucker Punch+1"],"picked":"Crippling Poison","floor":48}],"player_experience":830115,"relics_obtained":[{"floor":7,"key":"Turnip"},{"floor":8,"key":"Odd Mushroom"},{"floor":9,"key":"Dead Branch"},{"floor":24,"key":"Molten Egg 2"},{"floor":26,"key":"Pear"},{"floor":30,"key":"Paper Crane"},{"floor":41,"key":"Blue Candle"},{"floor":43,"key":"Vajra"},{"floor":47,"key":"Peace Pipe"},{"floor":48,"key":"FossilizedHelix"}],"event_choices":[{"damage_healed":0.0,"max_hp_gain":0.0,"max_hp_loss":0.0,"gold_gain":0.0,"event_name":"Scrap Ooze","player_choice":"Success","floor":2.0,"gold_loss":0.0,"damage_taken":26.0,"relics_obtained":["Ninja Scroll"]},{"damage_healed":0,"gold_gain":0,"player_choice":"Fought Mushrooms","damage_taken":0,"max_hp_gain":0,"max_hp_loss":0,"event_name":"Mushrooms","floor":8,"gold_loss":0},{"damage_healed":0,"gold_gain":0,"player_choice":"Grow","damage_taken":0,"max_hp_gain":0,"max_hp_loss":0,"event_name":"Living Wall","floor":10,"gold_loss":0,"cards_upgraded":["Blade Dance"]},{"cards_removed":["Strike_G"],"damage_healed":0,"gold_gain":0,"player_choice":"Gave Gold","damage_taken":0,"max_hp_gain":0,"max_hp_loss":0,"event_name":"Beggar","floor":19,"gold_loss":75},{"damage_healed":0,"gold_gain":0,"cards_transformed":["Strike_G"],"player_choice":"Transformed","damage_taken":0,"max_hp_gain":0,"max_hp_loss":0,"event_name":"Transmorgrifier","floor":20,"gold_loss":0,"cards_obtained":["Backstab"]},{"damage_healed":0,"gold_gain":0,"player_choice":"Obtained Relic","damage_taken":0,"relics_obtained":["Shuriken"],"max_hp_gain":0,"max_hp_loss":0,"event_name":"Addict","floor":31,"gold_loss":85},{"damage_healed":0,"gold_gain":0,"player_choice":"Memory 1","damage_taken":0,"max_hp_gain":0,"max_hp_loss":0,"event_name":"SensoryStone","floor":38,"gold_loss":0},{"damage_healed":0,"gold_gain":0,"player_choice":"Leave","damage_taken":0,"max_hp_gain":0,"max_hp_loss":0,"event_name":"FaceTrader","floor":39,"gold_loss":0},{"damage_healed":0,"gold_gain":0,"player_choice":"Fight","damage_taken":0,"max_hp_gain":0,"max_hp_loss":0,"event_name":"Mysterious Sphere","floor":47,"gold_loss":0}],"is_beta":false,"boss_relics":[{"not_picked":["Calling Bell","Busted Crown"],"picked":"WristBlade"},{"not_picked":["Velvet Choker","Orrery"],"picked":"Sozu"}],"items_purged_floors":[],"is_endless":false,"potions_floor_spawned":[1,5,14,16,21,29,30,33,35,41],"killed_by":"Time Eater","ascension_level":18}