{"gold_per_floor":[113,113,125,125,142,142,176,191,214,214,225,239,274,274],"floor_reached":14,"playtime":1133,"items_purged":[],"score":112,"play_id":"64dc5d0e-186f-4935-8f5a-664b4b1fc58d","local_time":"20190622014452","is_ascension_mode":true,"campfire_choices":[{"data":"Exhume","floor":6,"key":"SMITH"},{"floor":10,"key":"REST"}],"neow_cost":"NONE","seed_source_timestamp":0,"circlet_count":0,"master_deck":["Strike_R","Strike_R","Strike_R","Strike_R","Strike_R","Defend_R","Defend_R","Defend_R","Defend_R","Bash","Exhume+1","Pummel","Twin Strike","Burning Pact","Havoc","Cleave","Feel No Pain","Armaments"],"special_seed":0,"relics":["Burning Blood","Happy Flower","GremlinMask","PreservedInsect","Potion Belt","Omamori"],"potions_floor_usage":[7,7,8,12],"damage_taken":[{"damage":7.0,"enemies":"Small Slimes","floor":1.0,"turns":4.0},{"damage":8,"enemies":"2 Louse","floor":3,"turns":3},{"damage":6,"enemies":"Cultist","floor":5,"turns":4},{"damage":27,"enemies":"Gremlin Nob","floor":7,"turns":4},{"damage":27,"enemies":"Exordium Thugs","floor":8,"turns":5},{"damage":7,"enemies":"Exordium Wildlife","floor":11,"turns":4},{"damage":27,"enemies":"Gremlin Gang","floor":12,"turns":5},{"damage":26,"enemies":"Lagavulin","floor":13,"turns":6},{"damage":22,"enemies":"Red Slaver","floor":14,"turns":4}],"seed_played":"-8552294279713694793","potions_obtained":[{"floor":1.0,"key":"Strength Potion"},{"floor":3,"key":"PowerPotion"},{"floor":5,"key":"Energy Potion"},{"floor":11,"key":"Weak Potion"}],"is_trial":false,"path_per_floor":["M","?","M","?","M","R","E","M","T","R","M","M","E","M"],"character_chosen":"IRONCLAD","items_purchased":[],"campfire_rested":1,"item_purchase_floors":[],"current_hp_per_floor":[79,72,70,70,70,70,49,28,28,52,51,30,10,0],"gold":274,"neow_bonus":"ONE_RANDOM_RARE_CARD","is_prod":false,"is_daily":false,"chose_seed":false,"campfire_upgraded":1,"win_rate":0,"timestamp":1561131892,"path_taken":["M","?","M","?","?","R","E","M","T","R","M","M","E","M"],"build_version":"2019-01-23","purchased_purges":0,"victory":false,"max_hp_per_floor":[80,80,80,80,80,80,80,80,80,80,80,80,80,80],"card_choices":[{"not_picked":["Bloodletting","Feel No Pain"],"picked":"Pummel","floor":1.0},{"not_picked":["Dropkick","Sever Soul"],"picked":"Twin Strike","floor":3},{"not_picked":["Sword Boomerang","Power Through"],"picked":"Burning Pact","floor":5},{"not_picked":["Entrench","Heavy Blade"],"picked":"Havoc","floor":7},{"not_picked":["Flex","Feel No Pain"],"picked":"Cleave","floor":8},{"not_picked":["Searing Blow","Pummel","Seeing Red"],"picked":"SKIP","floor":11},{"not_picked":["Flex","Entrench"],"picked":"Feel No Pain","floor":12},{"not_picked":["Immolate","Dual Wield"],"picked":"Armaments","floor":13}],"player_experience":118429,"relics_obtained":[{"floor":7,"key":"PreservedInsect"},{"floor":9,"key":"Potion Belt"},{"floor":13,"key":"Omamori"}],"event_choices":[{"damage_healed":0,"gold_gain":0,"player_choice":"Success","damage_taken":7,"relics_obtained":["Happy Flower"],"max_hp_gain":0,"max_hp_loss":0,"event_name":"Scrap Ooze","floor":2,"gold_loss":0},{"damage_healed":0,"gold_gain":0,"player_choice":"Trade","damage_taken":0,"relics_obtained":["GremlinMask"],"max_hp_gain":0,"max_hp_loss":0,"event_name":"FaceTrader","floor":4,"gold_loss":0}],"is_beta":false,"boss_relics":[],"items_purged_floors":[],"is_endless":false,"potions_floor_spawned":[1,3,5,11],"killed_by":"Red Slaver","ascension_level":2}