{"gold_per_floor":[20,35,55,55,130,130,158,158,206,260,134,154,184,184,184,287,287,298,223,223,238,48,77,77,89,116,28,28,28,28,28,28,28],"floor_reached":33,"playtime":1158,"items_purged":[],"score":401,"play_id":"582089bf-a25f-499f-bbba-97bf1c26e2cd","local_time":"20181227230039","is_ascension_mode":true,"campfire_choices":[{"data":"Bludgeon","floor":6,"key":"SMITH"},{"data":"Bludgeon","floor":8,"key":"SMITH"},{"data":"Havoc","floor":15,"key":"SMITH"},{"floor":24,"key":"REST"},{"floor":32,"key":"REST"}],"neow_cost":"NO_GOLD","seed_source_timestamp":469156514191169,"circlet_count":0,"master_deck":["Strike_R+1","Strike_R+1","Strike_R+1","Defend_R+1","Defend_R+1","Defend_R+1","Defend_R+1","Bash+1","Bludgeon+1","Havoc+1","Carnage","Pommel Strike+1","Bludgeon+1","Warcry","Feel No Pain","Seeing Red","Demon Form","Bludgeon+1","Double Tap","Uppercut","Bludgeon","Havoc+1","Flame Barrier","Havoc"],"relics":["Burning Blood","Whetstone","Ancient Tea Set","Juzu Bracelet","Potion Belt","Busted Crown","Question Card","Bag of Preparation"],"potions_floor_usage":[7,23,33],"damage_taken":[{"damage":6,"enemies":"Small Slimes","floor":1,"turns":2},{"damage":2,"enemies":"Jaw Worm","floor":2,"turns":3},{"damage":2,"enemies":"2 Louse","floor":3,"turns":3},{"damage":8,"enemies":"Gremlin Nob","floor":7,"turns":3},{"damage":6,"enemies":"Blue Slaver","floor":12,"turns":3},{"damage":9,"enemies":"Slime Boss","floor":16,"turns":9},{"damage":11,"enemies":"2 Thieves","floor":18,"turns":4},{"damage":0,"enemies":"Spheric Guardian","floor":21,"turns":1},{"damage":53,"enemies":"Slavers","floor":23,"turns":6},{"damage":13,"enemies":"Centurion and Healer","floor":25,"turns":4},{"damage":74,"enemies":"Champ","floor":33,"turns":6}],"seed_played":"8776525975565137659","potions_obtained":[{"floor":1,"key":"Dexterity Potion"},{"floor":3,"key":"Fire Potion"},{"floor":7,"key":"Block Potion"},{"floor":16,"key":"Ancient Potion"},{"floor":21,"key":"Poison Potion"}],"is_trial":false,"path_per_floor":["M","M","M","?","?","R","E","R","T","T","$","M","?","?","R","B",null,"M","?","?","M","$","E","R","M","T","$","?","?","?","?","R","B"],"character_chosen":"IRONCLAD","items_purchased":["Warcry","Feel No Pain","Double Tap","Uppercut","Flame Barrier","Havoc"],"campfire_rested":2,"item_purchase_floors":[11,11,22,22,27,27],"current_hp_per_floor":[72,76,80,64,53,53,51,51,51,51,51,51,51,44,44,41,70,65,65,65,71,71,24,48,41,41,41,41,41,41,41,65,0],"gold":28,"neow_bonus":"THREE_RARE_CARDS","is_prod":false,"is_daily":false,"chose_seed":false,"campfire_upgraded":3,"win_rate":0,"timestamp":1545980439,"path_taken":["M","M","M","?","?","R","E","R","T","?","?","M","?","?","R","BOSS","M","?","?","M","$","E","R","M","T","$","?","?","?","?","R","BOSS"],"build_version":"2018-12-20","purchased_purges":0,"victory":false,"max_hp_per_floor":[80,80,80,80,80,80,80,80,80,80,80,80,80,80,80,80,80,80,80,80,80,80,80,80,80,80,80,80,80,80,80,80,80],"card_choices":[{"not_picked":["Barricade","Dark Embrace"],"picked":"Bludgeon","floor":0},{"not_picked":["Sword Boomerang","Clash"],"picked":"Havoc","floor":1},{"not_picked":["Armaments","Clash"],"picked":"Carnage","floor":2},{"not_picked":["Cleave","Twin Strike"],"picked":"Pommel Strike","floor":3},{"not_picked":["Second Wind","Havoc"],"picked":"Bludgeon","floor":7},{"not_picked":["Headbutt","Thunderclap"],"picked":"Seeing Red","floor":12},{"not_picked":["Reaper","Immolate"],"picked":"Demon Form","floor":16},{"not_picked":["Wild Strike+1"],"picked":"SKIP","floor":18},{"not_picked":["Flex"],"picked":"SKIP","floor":21},{"not_picked":[],"picked":"Bludgeon","floor":23},{"not_picked":["Uppercut"],"picked":"Havoc","floor":25}],"player_experience":164981,"relics_obtained":[{"floor":7,"key":"Whetstone"},{"floor":9,"key":"Ancient Tea Set"},{"floor":10,"key":"Juzu Bracelet"},{"floor":23,"key":"Question Card"},{"floor":26,"key":"Bag of Preparation"}],"event_choices":[{"damage_healed":0,"gold_gain":0,"player_choice":"Entered Light","damage_taken":16,"max_hp_gain":0,"max_hp_loss":0,"event_name":"Shining Light","floor":4,"gold_loss":0,"cards_upgraded":["Strike_R","Bash"]},{"damage_healed":0,"gold_gain":75,"player_choice":"Gather Gold","damage_taken":11,"max_hp_gain":0,"max_hp_loss":0,"event_name":"World of Goop","floor":5,"gold_loss":0},{"damage_healed":0,"gold_gain":30,"player_choice":"Searched \u00273\u0027 times","damage_taken":0,"relics_obtained":["Potion Belt"],"max_hp_gain":0,"max_hp_loss":0,"event_name":"Dead Adventurer","floor":13,"gold_loss":0},{"cards_removed":["Strike_R"],"damage_healed":0,"gold_gain":0,"player_choice":"Card Removal","damage_taken":7,"max_hp_gain":0,"max_hp_loss":0,"event_name":"Golden Wing","floor":14,"gold_loss":0},{"cards_removed":["Strike_R"],"damage_healed":0,"gold_gain":0,"player_choice":"Gave Gold","damage_taken":0,"max_hp_gain":0,"max_hp_loss":0,"event_name":"Beggar","floor":19,"gold_loss":75},{"damage_healed":0,"gold_gain":0,"player_choice":"Copied","damage_taken":0,"max_hp_gain":0,"max_hp_loss":0,"event_name":"Duplicator","floor":20,"gold_loss":0,"cards_obtained":["Bludgeon"]},{"damage_healed":0,"gold_gain":0,"player_choice":"Simplicity","damage_taken":0,"max_hp_gain":0,"max_hp_loss":0,"event_name":"Back to Basics","floor":28,"gold_loss":0,"cards_upgraded":["Strike_R","Defend_R","Defend_R","Defend_R","Defend_R"]},{"damage_healed":0,"gold_gain":0,"player_choice":"Upgraded","damage_taken":0,"max_hp_gain":0,"max_hp_loss":0,"event_name":"Upgrade Shrine","floor":29,"gold_loss":0,"cards_upgraded":["Havoc"]},{"damage_healed":0,"gold_gain":0,"player_choice":"Ignored","damage_taken":0,"max_hp_gain":0,"max_hp_loss":0,"event_name":"Ghosts","floor":30,"gold_loss":0},{"damage_healed":0,"gold_gain":0,"player_choice":"Ignored","damage_taken":0,"max_hp_gain":0,"max_hp_loss":0,"event_name":"Vampires","floor":31,"gold_loss":0}],"is_beta":false,"boss_relics":[{"not_picked":["Lizard Tail","Black Blood"],"picked":"Busted Crown"}],"items_purged_floors":[],"is_endless":false,"potions_floor_spawned":[1,3,7,16,21],"killed_by":"Champ","ascension_level":9}