{"gold_per_floor":[119,119,137,151,151,151,182,200,200,200,225,243,85,99,99,227,227,152,152,52,0,0,0,0,0,0,0,0,0],"floor_reached":29,"playtime":2248,"items_purged":[],"score":245,"play_id":"69f5ce53-37bd-4b85-adda-cc5dd1368c2d","local_time":"20180827192025","is_ascension_mode":false,"campfire_choices":[{"data":"Dualcast","floor":6,"key":"SMITH"},{"data":"Hologram","floor":10,"key":"SMITH"},{"data":"Loop","floor":15,"key":"SMITH"},{"data":"Buffer","floor":23,"key":"SMITH"}],"neow_cost":"","seed_source_timestamp":27186461936309,"circlet_count":0,"master_deck":["Strike_B+1","Strike_B+1","Strike_B+1","Strike_B+1","Defend_B+1","Defend_B+1","Defend_B+1","Defend_B+1","Zap","Dualcast+1","Hologram+1","Cold Snap","Consume","Static Discharge","Reprogram","Loop+1","Streamline+1","Capacitor","Ball Lightning+1","FTL+1","Amplify","Buffer+1","Chaos","Barrage+1","Ball Lightning+1","Streamline+1","Doom and Gloom+1","Coolheaded"],"special_seed":0,"relics":["Cracked Core","Golden Idol","Molten Egg 2","Meat on the Bone","Ectoplasm","MutagenicStrength","Letter Opener","Old Coin"],"potions_floor_usage":[14,16,16,16,28,29],"damage_taken":[{"damage":6,"enemies":"Jaw Worm","floor":1,"turns":3},{"damage":4,"enemies":"2 Louse","floor":3,"turns":2},{"damage":0,"enemies":"Small Slimes","floor":4,"turns":3},{"damage":17,"enemies":"Lagavulin","floor":7,"turns":8},{"damage":1,"enemies":"Red Slaver","floor":8,"turns":4},{"damage":8,"enemies":"Large Slime","floor":11,"turns":7},{"damage":8,"enemies":"3 Louse","floor":12,"turns":4},{"damage":1,"enemies":"Red Slaver","floor":14,"turns":3},{"damage":22,"enemies":"Hexaghost","floor":16,"turns":5},{"damage":26,"enemies":"2 Thieves","floor":18,"turns":5},{"damage":8,"enemies":"Shell Parasite","floor":24,"turns":4},{"damage":19,"enemies":"Gremlin Leader","floor":25,"turns":4},{"damage":18,"enemies":"Centurion and Healer","floor":28,"turns":4},{"damage":23,"enemies":"Shelled Parasite and Fungi","floor":29,"turns":2}],"seed_played":"5530763762231898750","potions_obtained":[{"floor":3,"key":"AttackPotion"},{"floor":8,"key":"Block Potion"},{"floor":12,"key":"FocusPotion"},{"floor":14,"key":"SkillPotion"},{"floor":18,"key":"AttackPotion"},{"floor":25,"key":"SkillPotion"},{"floor":28,"key":"Explosive Potion"}],"is_trial":false,"path_per_floor":["M","?","M","M","?","R","E","M","T","R","M","M","$","M","R","B",null,"M","?","$","?","?","R","M","E","T","?","M"],"character_chosen":"DEFECT","items_purchased":["Capacitor","Ball Lightning+1","FTL+1","Barrage+1","Ball Lightning+1"],"campfire_rested":0,"item_purchase_floors":[13,13,13,20,20],"current_hp_per_floor":[69,69,65,65,65,65,48,47,47,47,39,43,43,42,42,32,69,43,43,43,43,43,43,35,28,28,28,22,0],"gold":0,"neow_bonus":"","is_prod":false,"is_daily":false,"chose_seed":false,"campfire_upgraded":4,"win_rate":0.0,"timestamp":1535408425,"path_taken":["M","?","M","M","?","R","E","M","T","R","?","M","$","M","R","BOSS","M","?","$","?","?","R","M","E","T","?","M","?"],"build_version":"2018-08-23v2","purchased_purges":0,"victory":false,"max_hp_per_floor":[75,69,69,69,69,69,69,69,69,69,69,69,69,69,69,69,69,69,69,69,69,69,69,69,69,69,69,69,69],"card_choices":[{"not_picked":["Storm","Sweeping Beam"],"picked":"Hologram","floor":1},{"not_picked":["Go for the Eyes","Hologram"],"picked":"Cold Snap","floor":3},{"not_picked":["Heatsinks","Compile Driver"],"picked":"Consume","floor":4},{"not_picked":["Aggregate","Reinforced Body"],"picked":"Static Discharge","floor":7},{"not_picked":["BootSequence","Reinforced Body"],"picked":"Reprogram","floor":8},{"not_picked":["Reinforced Body","Barrage+1"],"picked":"Loop","floor":11},{"not_picked":["Storm","Chaos"],"picked":"Streamline+1","floor":12},{"not_picked":["Consume","Compile Driver+1"],"picked":"Amplify","floor":14},{"not_picked":["All For One+1","Fission"],"picked":"Buffer","floor":16},{"not_picked":["Double Energy","Heatsinks"],"picked":"Chaos","floor":18},{"not_picked":["Conserve Battery","Go for the Eyes+1"],"picked":"Streamline+1","floor":24},{"not_picked":["BootSequence","Reprogram+1"],"picked":"Doom and Gloom+1","floor":25},{"not_picked":["Reprogram","Steam"],"picked":"Coolheaded","floor":28}],"player_experience":71242,"relics_obtained":[{"floor":7,"key":"Molten Egg 2"},{"floor":9,"key":"Meat on the Bone"},{"floor":25,"key":"Letter Opener"},{"floor":26,"key":"Old Coin"}],"event_choices":[{"event_name":"Golden Idol","player_choice":"Lose Max HP","floor":2,"damage_taken":0},{"event_name":"The Cleric","player_choice":"Leave","floor":5,"damage_taken":0},{"event_name":"Back to Basics","player_choice":"Simplicity","floor":19,"damage_taken":0},{"event_name":"Masked Bandits","player_choice":"Paid Fearfully","floor":21,"damage_taken":0},{"event_name":"Drug Dealer","player_choice":"Inject Mutagens","floor":22,"damage_taken":0},{"event_name":"Ghosts","player_choice":"Ignored","floor":27,"damage_taken":0}],"is_beta":false,"boss_relics":[{"not_picked":["Snecko Eye","Velvet Choker"],"picked":"Ectoplasm"}],"items_purged_floors":[],"is_endless":false,"potions_floor_spawned":[3,8,12,14,18,25,28],"killed_by":"Shelled Parasite and Fungi","ascension_level":0}