{"gold_per_floor":[118,118,133,58,58,58,68,68,117,117,143,68,88,99,99,99],"floor_reached":16,"playtime":814,"items_purged":["Strike_G"],"score":180,"play_id":"0739a468-68fb-49d5-876e-8a115da86a6d","local_time":"20190617201252","is_ascension_mode":true,"campfire_choices":[{"data":"Backflip","floor":6,"key":"SMITH"},{"data":"Strike_G","floor":10,"key":"SMITH"},{"data":"Dagger Throw","floor":15,"key":"SMITH"}],"neow_cost":"NONE","seed_source_timestamp":440456916038056,"circlet_count":0,"master_deck":["AscendersBane","Defend_G","Defend_G","Defend_G","Defend_G+1","Strike_G","Strike_G","Strike_G","Strike_G+1","Survivor+1","Neutralize+1","Backflip+1","Backstab","Dagger Throw+1"],"relics":["Ring of the Snake","War Paint","Ornamental Fan","Boot","Pantograph"],"potions_floor_usage":[16],"damage_taken":[{"damage":0,"enemies":"Jaw Worm","floor":1,"turns":6},{"damage":0,"enemies":"Cultist","floor":3,"turns":5},{"damage":0,"enemies":"2 Louse","floor":7,"turns":3},{"damage":27,"enemies":"3 Sentries","floor":11,"turns":15},{"damage":0,"enemies":"Looter","floor":13,"turns":3},{"damage":0,"enemies":"Exordium Wildlife","floor":14,"turns":5},{"damage":62,"enemies":"Hexaghost","floor":16,"turns":16}],"seed_played":"7791465829555924012","potions_obtained":[{"floor":1,"key":"GhostInAJar"},{"floor":3,"key":"SpeedPotion"}],"is_trial":false,"path_per_floor":["M","?","M","$","T","R","M","?","T","R","E","?","M","M","R","B"],"character_chosen":"THE_SILENT","items_purchased":[],"campfire_rested":0,"item_purchase_floors":[],"current_hp_per_floor":[59,59,59,59,59,59,59,64,64,64,37,37,37,37,37,0],"gold":99,"neow_bonus":"RANDOM_COMMON_RELIC","is_prod":false,"is_daily":false,"chose_seed":false,"campfire_upgraded":3,"win_rate":0,"timestamp":1560773572,"path_taken":["M","?","M","$","?","R","M","?","T","R","E","?","M","M","R","BOSS"],"build_version":"2019-01-23","purchased_purges":1,"victory":false,"max_hp_per_floor":[66,66,66,66,66,66,66,71,71,71,71,71,71,71,71,71],"card_choices":[{"not_picked":["Terror","Predator"],"picked":"Backflip","floor":1},{"not_picked":["Underhanded Strike","Outmaneuver"],"picked":"Backstab","floor":3},{"not_picked":["Distraction","Acrobatics","Catalyst"],"picked":"SKIP","floor":7},{"not_picked":["Underhanded Strike","Prepared","Wraith Form v2"],"picked":"SKIP","floor":11},{"not_picked":["Predator","Outmaneuver","Bane"],"picked":"SKIP","floor":13},{"not_picked":["Distraction","Deflect"],"picked":"Dagger Throw","floor":14}],"player_experience":896298,"relics_obtained":[{"floor":5,"key":"Ornamental Fan"},{"floor":9,"key":"Boot"},{"floor":11,"key":"Pantograph"}],"event_choices":[{"damage_healed":0,"gold_gain":0,"player_choice":"Upgraded","damage_taken":0,"max_hp_gain":0,"max_hp_loss":0,"event_name":"Upgrade Shrine","floor":2,"gold_loss":0,"cards_upgraded":["Neutralize"]},{"damage_healed":0,"gold_gain":0,"player_choice":"Donut","damage_taken":0,"max_hp_gain":5,"max_hp_loss":0,"event_name":"Big Fish","floor":8,"gold_loss":0},{"cards_removed":["Defend_G"],"damage_healed":0,"gold_gain":0,"player_choice":"Card Removal","damage_taken":0,"max_hp_gain":0,"max_hp_loss":0,"event_name":"The Cleric","floor":12,"gold_loss":75}],"is_beta":false,"boss_relics":[],"items_purged_floors":[4],"is_endless":false,"potions_floor_spawned":[1,3,7],"killed_by":"Hexaghost","ascension_level":16}