{"gold_per_floor":[219,17,27,27,40,40,80,80,107,107,172,42,42,56,56,181,181,200,224,54,54,78,78,38,61,130,198,8,22,43,43,43,171,171,196,529,31,42,42,42,42,62,62,62,0,17,17,35,35,35],"floor_reached":50,"playtime":3145,"items_purged":["Writhe"],"score":502,"play_id":"37c262be-646a-4d8d-8af7-6339ddef9e3a","local_time":"20181002030317","is_ascension_mode":false,"campfire_choices":[{"data":"Noxious Fumes","floor":6,"key":"SMITH"},{"data":"Crippling Poison","floor":8,"key":"SMITH"},{"data":"Tactician","floor":10,"key":"SMITH"},{"data":"Poisoned Stab","floor":15,"key":"SMITH"},{"floor":23,"key":"REST"},{"floor":32,"key":"REST"},{"floor":40,"key":"REST"},{"floor":44,"key":"REST"},{"floor":49,"key":"REST"}],"neow_cost":"NONE","seed_source_timestamp":31167296184685,"circlet_count":0,"master_deck":["Defend_G","Defend_G","Defend_G","Defend_G","Strike_G","Strike_G","Strike_G","Survivor","Neutralize","Noxious Fumes+1","Tactician+1","Acrobatics","Flash of Steel","Blur","Crippling Poison+1","Outmaneuver","Acrobatics","Poisoned Stab+1","Venomology","Distraction+1","Riddle With Holes+1","Bane+1","Escape Plan","Deadly Poison","Concentrate","Well Laid Plans","Quick Slash","Bouncing Flask+1","Catalyst","Backflip+1","Venomology","Acrobatics+1","Sadistic Nature","Bouncing Flask+1"],"relics":["Ring of the Snake","Snake Skull","Strawberry","Tiny Chest","Du-Vu Doll","Astrolabe","Ornamental Fan","Sundial","Paper Crane","TwistedFunnel","Shuriken","Ninja Scroll","Red Mask"],"potions_floor_usage":[7,11,16,16,19,25,30,33,33,33,33,39,42,46,46,46,50,50,50,50,50],"damage_taken":[{"damage":0,"enemies":"Jaw Worm","floor":1,"turns":4},{"damage":0,"enemies":"Small Slimes","floor":3,"turns":4},{"damage":6,"enemies":"2 Louse","floor":5,"turns":3},{"damage":16,"enemies":"3 Sentries","floor":7,"turns":7},{"damage":10,"enemies":"Gremlin Nob","floor":11,"turns":3},{"damage":1,"enemies":"2 Fungi Beasts","floor":14,"turns":3},{"damage":8,"enemies":"Hexaghost","floor":16,"turns":7},{"damage":8,"enemies":"Shell Parasite","floor":18,"turns":4},{"damage":20,"enemies":"Spheric Guardian","floor":19,"turns":5},{"damage":17,"enemies":"3 Cultists","floor":22,"turns":5},{"damage":17,"enemies":"Snecko","floor":25,"turns":4},{"damage":18,"enemies":"Centurion and Healer","floor":29,"turns":5},{"damage":10,"enemies":"Chosen and Byrds","floor":30,"turns":4},{"damage":10,"enemies":"Automaton","floor":33,"turns":6},{"damage":3,"enemies":"Orb Walker","floor":35,"turns":3},{"damage":0,"enemies":"3 Shapes","floor":38,"turns":3},{"damage":31,"enemies":"Reptomancer","floor":39,"turns":3},{"damage":42,"enemies":"Sphere and 2 Shapes","floor":42,"turns":6},{"damage":5,"enemies":"Maw","floor":46,"turns":5},{"damage":0,"enemies":"Transient","floor":48,"turns":5},{"damage":61,"enemies":"Awakened One","floor":50,"turns":10}],"seed_played":"-2473248515461228570","potions_obtained":[{"floor":3,"key":"Weak Potion"},{"floor":5,"key":"PowerPotion"},{"floor":11,"key":"GamblersBrew"},{"floor":14,"key":"PowerPotion"},{"floor":19,"key":"Swift Potion"},{"floor":25,"key":"GamblersBrew"},{"floor":33,"key":"SmokeBomb"},{"floor":35,"key":"GamblersBrew"},{"floor":42,"key":"LiquidBronze"},{"floor":46,"key":"Block Potion"}],"is_trial":false,"path_per_floor":["M","$","M","?","M","R","E","R","T","R","E","$","T","M","R","B",null,"M","M","$","?","M","R","?","M","T","T","$","M","M","$","R","B",null,"M","?","$","M","M","R","$","M","T","R","?","M","?","M","R"],"character_chosen":"THE_SILENT","items_purchased":["Tactician","Acrobatics","Flash of Steel","Acrobatics","Regen Potion","Concentrate","Well Laid Plans","Quick Slash","TwistedFunnel","Sadistic Nature","Shuriken"],"campfire_rested":5,"item_purchase_floors":[2,2,2,12,12,20,20,20,28,37,37],"current_hp_per_floor":[70,70,70,65,59,59,43,43,50,50,40,40,40,39,39,46,72,64,44,44,44,27,48,48,31,31,31,31,13,3,3,24,14,72,69,69,69,69,38,59,59,17,17,38,38,33,33,33,54,0],"gold":35,"neow_bonus":"HUNDRED_GOLD","is_prod":false,"is_daily":false,"chose_seed":false,"campfire_upgraded":4,"win_rate":0.0,"timestamp":1538460197,"path_taken":["M","$","M","?","M","R","E","R","T","R","E","$","?","M","R","BOSS","M","M","$","?","M","R","?","?","T","?","?","M","?","$","R","BOSS","M","?","$","M","M","R","$","M","T","R","?","M","?","M","R","BOSS"],"build_version":"2018-09-27","purchased_purges":1,"victory":false,"max_hp_per_floor":[70,70,70,65,65,65,65,65,72,72,72,72,72,72,72,72,72,72,72,72,72,72,72,72,72,72,72,72,72,72,72,72,72,72,72,72,72,72,72,72,72,72,72,72,72,72,72,72,72,72],"card_choices":[{"not_picked":["Deadly Poison","Endless Agony"],"picked":"Noxious Fumes","floor":1},{"not_picked":["Quick Slash","Riddle With Holes"],"picked":"Blur","floor":3},{"not_picked":["Dagger Spray","Riddle With Holes"],"picked":"Crippling Poison","floor":5},{"not_picked":["Finisher","Tactician","Blade Dance"],"picked":"SKIP","floor":7},{"not_picked":["Accuracy","Malaise"],"picked":"Outmaneuver","floor":11},{"not_picked":["Sucker Punch","Distraction"],"picked":"Poisoned Stab","floor":14},{"not_picked":["Bullet Time","Malaise"],"picked":"Venomology","floor":16},{"not_picked":["PiercingWail","Slice"],"picked":"Escape Plan","floor":18},{"not_picked":["Noxious Fumes","Footwork"],"picked":"Deadly Poison","floor":19},{"not_picked":["Blade Dance+1","PiercingWail"],"picked":"Bouncing Flask","floor":22},{"not_picked":["Sucker Punch","Calculated Gamble","Acrobatics"],"picked":"SKIP","floor":25},{"not_picked":["Choke","Acrobatics+1"],"picked":"Catalyst","floor":29},{"not_picked":["Cloak And Dagger","Quick Slash"],"picked":"Backflip+1","floor":30},{"not_picked":["Die Die Die","Grand Finale"],"picked":"Venomology","floor":33},{"not_picked":["Flying Knee+1","All Out Attack+1"],"picked":"Acrobatics+1","floor":35},{"not_picked":["Flying Knee+1","Choke","Cloak And Dagger+1"],"picked":"SKIP","floor":38},{"not_picked":["Blade Dance","Deflect"],"picked":"Bouncing Flask+1","floor":42},{"not_picked":["Expertise+1","Heel Hook","Cloak And Dagger"],"picked":"SKIP","floor":46},{"not_picked":["Underhanded Strike+1","Slice","PiercingWail+1"],"picked":"SKIP","floor":48}],"player_experience":91151,"relics_obtained":[{"floor":7,"key":"Snake Skull"},{"floor":9,"key":"Strawberry"},{"floor":11,"key":"Tiny Chest"},{"floor":13,"key":"Du-Vu Doll"},{"floor":26,"key":"Sundial"},{"floor":27,"key":"Paper Crane"},{"floor":43,"key":"Ninja Scroll"}],"event_choices":[{"event_name":"Golden Idol","player_choice":"Lose Max HP","floor":4,"damage_taken":0},{"event_name":"The Mausoleum","player_choice":"Yes","floor":21,"damage_taken":0},{"event_name":"Designer","player_choice":"Upgrade Card","floor":24,"damage_taken":0},{"event_name":"The Moai Head","player_choice":"Gave Idol","floor":36,"damage_taken":0},{"event_name":"Tomb of Lord Red Mask","player_choice":"Paid","floor":45,"damage_taken":0},{"event_name":"Match and Keep!","player_choice":"0 cards matched","floor":47,"damage_taken":0}],"is_beta":false,"boss_relics":[{"not_picked":["Empty Cage","Philosopher\u0027s Stone"],"picked":"Astrolabe"},{"not_picked":["Calling Bell","Cursed Key","Snecko Eye"]}],"items_purged_floors":[37],"is_endless":false,"potions_floor_spawned":[3,5,11,14,19,25,30,33,35,42,46],"killed_by":"Awakened One","ascension_level":0}