{"gold_per_floor":[110,129,129,144,158,158,190,190,271,271,286,303,353,369,369,442,442,461,63,82,109,34,34,34,44,71,99,99,118,40,53,53,126,126,145,159,189,205,224,224,274,274],"floor_reached":42,"playtime":2798,"items_purged":["Strike_G"],"score":769,"play_id":"ad7b4c9f-0e5a-401a-96df-f793c9ece6df","local_time":"20190617091532","is_ascension_mode":true,"campfire_choices":[{"data":"Dodge and Roll","floor":6,"key":"SMITH"},{"data":"Cloak And Dagger","floor":8,"key":"SMITH"},{"data":"Crippling Poison","floor":10,"key":"SMITH"},{"floor":15,"key":"REST"},{"data":"Noxious Fumes","floor":23,"key":"SMITH"},{"data":"Survivor","floor":28,"key":"SMITH"},{"floor":32,"key":"REST"},{"floor":40,"key":"REST"}],"neow_cost":"NONE","seed_source_timestamp":399032175676482,"circlet_count":0,"master_deck":["AscendersBane","Defend_G","Defend_G","Defend_G","Defend_G","Defend_G","Strike_G","Strike_G","Survivor+1","Neutralize","Flying Knee","Dodge and Roll+1","Cloak And Dagger+1","Crippling Poison+1","Tactician+1","Noxious Fumes+1","Dagger Spray","Adrenaline+1","Deadly Poison+1","Catalyst+1","Distraction+1","Bouncing Flask+1","Caltrops","Backflip+1","Noxious Fumes","Acrobatics+1","Caltrops+1","Footwork","PiercingWail+1","Burst+1","Parasite","Cloak And Dagger+1"],"relics":["Ring of the Snake","Bronze Scales","Unceasing Top","Toxic Egg 2","Orrery","Gremlin Horn","Dream Catcher","Blood Vial","Red Mask","Busted Crown","Tiny Chest"],"potions_floor_usage":[7,16,16,27,29,38],"damage_taken":[{"damage":0,"enemies":"Small Slimes","floor":1,"turns":3},{"damage":0,"enemies":"2 Louse","floor":2,"turns":3},{"damage":0,"enemies":"Cultist","floor":4,"turns":4},{"damage":0,"enemies":"2 Fungi Beasts","floor":5,"turns":4},{"damage":10,"enemies":"3 Sentries","floor":7,"turns":12},{"damage":6,"enemies":"Exordium Wildlife","floor":11,"turns":4},{"damage":0,"enemies":"Red Slaver","floor":12,"turns":4},{"damage":6,"enemies":"Large Slime","floor":14,"turns":7},{"damage":15,"enemies":"Hexaghost","floor":16,"turns":10},{"damage":0,"enemies":"Spheric Guardian","floor":18,"turns":2},{"damage":0,"enemies":"Chosen","floor":20,"turns":2},{"damage":10,"enemies":"Snake Plant","floor":25,"turns":2},{"damage":21,"enemies":"Masked Bandits","floor":27,"turns":4},{"damage":6,"enemies":"3 Cultists","floor":29,"turns":4},{"damage":7,"enemies":"Snecko","floor":31,"turns":3},{"damage":31,"enemies":"Collector","floor":33,"turns":5},{"damage":0,"enemies":"3 Shapes","floor":35,"turns":3},{"damage":0,"enemies":"Orb Walker","floor":36,"turns":4},{"damage":38,"enemies":"Transient","floor":38,"turns":5},{"damage":3,"enemies":"Writhing Mass","floor":39,"turns":3},{"damage":52,"enemies":"Giant Head","floor":42,"turns":6}],"seed_played":"-6310243263536397124","potions_obtained":[{"floor":4,"key":"GhostInAJar"},{"floor":12,"key":"PowerPotion"},{"floor":14,"key":"Swift Potion"},{"floor":18,"key":"Block Potion"},{"floor":27,"key":"Explosive Potion"},{"floor":33,"key":"LiquidBronze"},{"floor":35,"key":"SkillPotion"}],"is_trial":false,"path_per_floor":["M","M","?","M","M","R","E","R","T","R","M","M","?","M","R","B",null,"M","$","M","T","?","R","$","M","T","?","R","M","$","M","R","B",null,"M","M","?","M","M","R","?","E"],"character_chosen":"THE_SILENT","items_purchased":["Backflip+1","Gremlin Horn","Footwork"],"campfire_rested":3,"item_purchase_floors":[19,19,30],"current_hp_per_floor":[59,59,52,52,52,52,42,42,42,42,36,36,30,24,43,28,57,57,57,57,57,57,57,57,47,47,28,28,24,24,19,38,9,52,54,56,56,20,19,38,38,0],"gold":274,"neow_bonus":"RANDOM_COMMON_RELIC","is_prod":false,"is_daily":false,"chose_seed":false,"campfire_upgraded":5,"win_rate":0,"timestamp":1560734132,"path_taken":["M","M","?","M","M","R","E","R","T","R","M","M","?","M","R","BOSS","M","$","M","?","?","R","?","?","T","?","R","M","$","M","R","BOSS","M","M","?","?","M","R","?","E"],"build_version":"2019-01-23","purchased_purges":1,"victory":false,"max_hp_per_floor":[66,66,66,66,66,66,66,66,66,66,66,66,66,66,66,66,66,66,66,66,66,66,66,66,66,66,66,66,66,66,66,66,66,66,66,66,66,66,66,66,66,66],"card_choices":[{"not_picked":["Flechettes","PiercingWail"],"picked":"Flying Knee","floor":1},{"not_picked":["Blade Dance","All Out Attack"],"picked":"Dodge and Roll","floor":2},{"not_picked":["Terror","PiercingWail"],"picked":"Cloak And Dagger","floor":4},{"not_picked":["Deadly Poison","Predator"],"picked":"Crippling Poison","floor":5},{"not_picked":["Distraction","Dagger Throw","Predator"],"picked":"SKIP","floor":7},{"not_picked":["PiercingWail+1","Deflect+1"],"picked":"Tactician+1","floor":11},{"not_picked":["Leg Sweep+1","Skewer"],"picked":"Noxious Fumes","floor":12},{"not_picked":["Underhanded Strike","Choke"],"picked":"Dagger Spray","floor":14},{"not_picked":["A Thousand Cuts","Phantasmal Killer+1"],"picked":"Adrenaline+1","floor":16},{"not_picked":["Sucker Punch","Leg Sweep+1"],"picked":"Deadly Poison+1","floor":17},{"not_picked":["Underhanded Strike","Deadly Poison+1"],"picked":"Catalyst+1","floor":17},{"not_picked":["Choke","Accuracy"],"picked":"Distraction+1","floor":17},{"not_picked":["Poisoned Stab","Tactician+1"],"picked":"Bouncing Flask+1","floor":17},{"not_picked":["Bane","Eviscerate"],"picked":"Caltrops","floor":18},{"not_picked":["Masterful Stab","Reflex+1"],"picked":"Terror+1","floor":20},{"not_picked":["Eviscerate","Blade Dance+1"],"picked":"Noxious Fumes","floor":25},{"not_picked":["Leg Sweep+1","Malaise+1"],"picked":"Acrobatics+1","floor":27},{"not_picked":["Deadly Poison+1","Infinite Blades"],"picked":"Caltrops+1","floor":29},{"not_picked":["Bouncing Flask+1","Blade Dance+1","Outmaneuver+1"],"picked":"SKIP","floor":31},{"not_picked":["Sucker Punch","Flying Knee"],"picked":"PiercingWail+1","floor":32},{"not_picked":["Venomology+1","Unload"],"picked":"Burst+1","floor":33},{"not_picked":["Choke"],"picked":"SKIP","floor":35},{"not_picked":["Predator"],"picked":"SKIP","floor":36},{"not_picked":["Sucker Punch"],"picked":"SKIP","floor":38},{"not_picked":["Masterful Stab"],"picked":"SKIP","floor":39},{"not_picked":[],"picked":"Cloak And Dagger+1","floor":40}],"player_experience":884241,"relics_obtained":[{"floor":7,"key":"Unceasing Top"},{"floor":9,"key":"Toxic Egg 2"},{"floor":21,"key":"Dream Catcher"},{"floor":26,"key":"Blood Vial"},{"floor":27,"key":"Red Mask"}],"event_choices":[{"cards_removed":["Strike_G"],"damage_healed":0,"gold_gain":0,"player_choice":"Card Removal","damage_taken":7,"max_hp_gain":0,"max_hp_loss":0,"event_name":"Golden Wing","floor":3,"gold_loss":0},{"damage_healed":0,"gold_gain":50,"player_choice":"Touch","damage_taken":6,"max_hp_gain":0,"max_hp_loss":0,"event_name":"FaceTrader","floor":13,"gold_loss":0},{"cards_removed":["Strike_G"],"damage_healed":0,"gold_gain":0,"player_choice":"Gave Gold","damage_taken":0,"max_hp_gain":0,"max_hp_loss":0,"event_name":"Beggar","floor":22,"gold_loss":75},{"damage_healed":0,"gold_gain":0,"player_choice":"Fought Bandits","damage_taken":0,"max_hp_gain":0,"max_hp_loss":0,"event_name":"Masked Bandits","floor":27,"gold_loss":0},{"cards_removed":["Terror"],"damage_healed":0,"gold_gain":0,"player_choice":"Gave Card","damage_taken":0,"relics_obtained":["Tiny Chest"],"max_hp_gain":0,"max_hp_loss":0,"event_name":"WeMeetAgain","floor":37,"gold_loss":0},{"damage_healed":0,"gold_gain":50,"player_choice":"Pray","damage_taken":0,"max_hp_gain":0,"max_hp_loss":0,"event_name":"Golden Shrine","floor":41,"gold_loss":0}],"is_beta":false,"boss_relics":[{"not_picked":["WristBlade","Black Star"],"picked":"Orrery"},{"not_picked":["Astrolabe","Tiny House"],"picked":"Busted Crown"}],"items_purged_floors":[19],"is_endless":false,"potions_floor_spawned":[4,12,14,18,27,33,35,36],"killed_by":"Giant Head","ascension_level":16}