{"gold_per_floor":[118,134,154,154,154,185,203,203,283,297,316,340,31,76,76,180,180,190,206,206,226,239,239,272,288,288,288,388,418,437,453,453,555,555,567,585,604,651,665,665,337,351,351,370,0,18,118,131,131,131],"floor_reached":51,"playtime":3652,"items_purged":["Strike_R"],"score":722,"play_id":"5bb6b34b-bba0-44b8-8ea9-1c57089e618d","local_time":"20190116174605","is_ascension_mode":false,"campfire_choices":[{"data":"Rampage","floor":8,"key":"SMITH"},{"data":"Apotheosis","floor":15,"key":"SMITH"},{"floor":23,"key":"REST"},{"data":"Bloodletting","floor":27,"key":"SMITH"},{"data":"Inflame","floor":32,"key":"SMITH"},{"floor":40,"key":"REST"},{"data":"Heavy Blade","floor":49,"key":"SMITH"}],"neow_cost":"NONE","seed_source_timestamp":652575792096566,"circlet_count":0,"master_deck":["Strike_R","Strike_R","Strike_R","Strike_R","Defend_R","Defend_R","Defend_R","Defend_R","Bash+1","Heavy Blade","Sever Soul+1","Perfected Strike","Rampage+1","Clothesline","Second Wind","Pommel Strike","Double Tap","Apotheosis+1","Bludgeon","Bloodletting+1","Spot Weakness+1","Perfected Strike","Shrug It Off","Inflame+1","Intimidate","Inflame+1","Metallicize","Limit Break","Limit Break","Shrug It Off+1","Warcry+1","Impervious","Heavy Blade+1","Flex+1","Spot Weakness+1","Battle Trance+1"],"relics":["Burning Blood","Art of War","Magic Flower","Oddly Smooth Stone","Meat on the Bone","Odd Mushroom","Whetstone","Red Skull","Velvet Choker","MutagenicStrength","Pantograph","Self Forming Clay","Bottled Flame","Runic Cube","Ice Cream","Question Card","The Courier","Red Mask"],"potions_floor_usage":[16,16,16,29,31,33,33,38,44,48,48],"damage_taken":[{"damage":1,"enemies":"Jaw Worm","floor":1,"turns":3},{"damage":7,"enemies":"Small Slimes","floor":2,"turns":4},{"damage":1,"enemies":"Cultist","floor":3,"turns":3},{"damage":27,"enemies":"Gremlin Nob","floor":6,"turns":4},{"damage":8,"enemies":"3 Louse","floor":7,"turns":3},{"damage":0,"enemies":"Large Slime","floor":10,"turns":4},{"damage":24,"enemies":"Lots of Slimes","floor":11,"turns":9},{"damage":29,"enemies":"The Mushroom Lair","floor":12,"turns":5},{"damage":28,"enemies":"Hexaghost","floor":16,"turns":9},{"damage":46,"enemies":"3 Byrds","floor":18,"turns":12},{"damage":4,"enemies":"Spheric Guardian","floor":19,"turns":3},{"damage":28,"enemies":"Centurion and Healer","floor":21,"turns":4},{"damage":20,"enemies":"Cultist and Chosen","floor":22,"turns":4},{"damage":25,"enemies":"Gremlin Leader","floor":24,"turns":5},{"damage":15,"enemies":"Snake Plant","floor":25,"turns":3},{"damage":18,"enemies":"Book of Stabbing","floor":29,"turns":4},{"damage":19,"enemies":"Shelled Parasite and Fungi","floor":30,"turns":5},{"damage":21,"enemies":"3 Cultists","floor":31,"turns":6},{"damage":57,"enemies":"Collector","floor":33,"turns":10},{"damage":5,"enemies":"Orb Walker","floor":35,"turns":3},{"damage":29,"enemies":"3 Darklings","floor":36,"turns":4},{"damage":30,"enemies":"Jaw Worm Horde","floor":37,"turns":4},{"damage":34,"enemies":"2 Orb Walkers","floor":38,"turns":4},{"damage":32,"enemies":"Spire Growth","floor":39,"turns":5},{"damage":32,"enemies":"Sphere and 2 Shapes","floor":42,"turns":4},{"damage":20,"enemies":"Maw","floor":44,"turns":6},{"damage":25,"enemies":"4 Shapes","floor":46,"turns":6},{"damage":0,"enemies":"Transient","floor":48,"turns":5},{"damage":71,"enemies":"Awakened One","floor":50,"turns":7}],"seed_played":"5676909937435927331","potions_obtained":[{"floor":2,"key":"LiquidBronze"},{"floor":7,"key":"BloodPotion"},{"floor":10,"key":"SkillPotion"},{"floor":18,"key":"Poison Potion"},{"floor":21,"key":"GamblersBrew"},{"floor":22,"key":"LiquidBronze"},{"floor":29,"key":"Fire Potion"},{"floor":33,"key":"Regen Potion"},{"floor":35,"key":"Block Potion"},{"floor":38,"key":"SteroidPotion"},{"floor":39,"key":"Fire Potion"},{"floor":44,"key":"Block Potion"},{"floor":46,"key":"Block Potion"}],"is_trial":false,"path_per_floor":["M","M","M","?","?","E","M","R","T","M","M","?","$","T","R","B",null,"M","M","?","M","M","R","E","M","T","R","?","E","M","M","R","B",null,"M","M","M","?","M","R","$","M","T","M","?","M","?","M","R","B",null],"character_chosen":"IRONCLAD","items_purchased":["Apotheosis","Whetstone","Question Card"],"campfire_rested":2,"item_purchase_floors":[13,13,41],"current_hp_per_floor":[80,79,80,68,73,55,56,56,56,65,68,66,66,66,66,59,85,66,71,71,52,59,84,68,62,62,62,62,53,61,67,67,55,85,85,65,62,55,50,75,75,52,52,65,65,67,67,76,76,41],"gold":131,"neow_bonus":"RANDOM_COMMON_RELIC","is_prod":false,"is_daily":false,"chose_seed":false,"campfire_upgraded":5,"win_rate":0.0,"timestamp":1547678765,"path_taken":["M","M","M","?","?","E","M","R","T","M","M","?","$","?","R","BOSS","M","M","?","M","M","R","E","M","T","R","?","E","M","M","R","BOSS","M","M","?","?","M","R","$","M","T","M","?","M","?","M","R","BOSS"],"build_version":"2019-01-10","purchased_purges":1,"victory":true,"max_hp_per_floor":[80,80,80,80,85,85,85,85,85,85,85,85,85,85,85,85,85,85,85,85,85,85,85,85,85,85,85,85,85,85,85,85,85,85,85,85,85,85,85,85,85,85,85,85,85,85,85,85,85,85],"card_choices":[{"not_picked":["Cleave","Headbutt"],"picked":"Heavy Blade","floor":1},{"not_picked":["Uppercut","Power Through"],"picked":"Sever Soul","floor":2},{"not_picked":["Thunderclap","Headbutt"],"picked":"Perfected Strike","floor":3},{"not_picked":["Armaments","Pummel"],"picked":"Rampage","floor":6},{"not_picked":["Clash","Warcry"],"picked":"Clothesline","floor":7},{"not_picked":["Thunderclap","Sword Boomerang"],"picked":"Second Wind","floor":10},{"not_picked":["Cleave","Perfected Strike"],"picked":"Pommel Strike","floor":11},{"not_picked":["Iron Wave","Blood for Blood"],"picked":"Double Tap","floor":12},{"not_picked":["Impervious","Barricade"],"picked":"Bludgeon","floor":16},{"not_picked":["Shockwave","Cleave+1"],"picked":"Bloodletting","floor":18},{"not_picked":["Pommel Strike","Anger"],"picked":"Spot Weakness+1","floor":19},{"not_picked":["Power Through","Armaments"],"picked":"Perfected Strike","floor":21},{"not_picked":["Perfected Strike+1","Headbutt"],"picked":"Shrug It Off","floor":22},{"not_picked":["Headbutt","Blood for Blood"],"picked":"Inflame+1","floor":24},{"not_picked":["Disarm","Armaments"],"picked":"Intimidate","floor":25},{"not_picked":["Pommel Strike","Bloodletting+1"],"picked":"Inflame","floor":29},{"not_picked":["Whirlwind+1","Pommel Strike"],"picked":"Metallicize","floor":30},{"not_picked":["Warcry","Cleave"],"picked":"Limit Break","floor":31},{"not_picked":["Barricade","Brutality"],"picked":"Limit Break","floor":33},{"not_picked":["Cleave","Clash","Armaments"],"picked":"SKIP","floor":35},{"not_picked":["Power Through+1","Disarm"],"picked":"Shrug It Off+1","floor":36},{"not_picked":["Intimidate","True Grit+1","Body Slam"],"picked":"SKIP","floor":37},{"not_picked":["Clash+1","Armaments"],"picked":"Warcry+1","floor":38},{"not_picked":["Blood for Blood","Sword Boomerang+1"],"picked":"Impervious","floor":39},{"not_picked":["Cleave","Clash","Fiend Fire"],"picked":"Heavy Blade","floor":42},{"not_picked":["Whirlwind","Thunderclap+1","True Grit+1"],"picked":"Flex+1","floor":44},{"not_picked":["Headbutt+1","Shockwave","Warcry"],"picked":"Spot Weakness+1","floor":46},{"not_picked":["Entrench","Carnage+1","Thunderclap"],"picked":"Battle Trance+1","floor":48}],"player_experience":57420,"relics_obtained":[{"floor":6,"key":"Oddly Smooth Stone"},{"floor":9,"key":"Meat on the Bone"},{"floor":12,"key":"Odd Mushroom"},{"floor":14,"key":"Red Skull"},{"floor":24,"key":"Pantograph"},{"floor":26,"key":"Self Forming Clay"},{"floor":29,"key":"Bottled Flame"},{"floor":38,"key":"Ice Cream"},{"floor":43,"key":"The Courier"}],"event_choices":[{"damage_healed":0,"gold_gain":0,"player_choice":"Success","damage_taken":12,"relics_obtained":["Magic Flower"],"max_hp_gain":0,"max_hp_loss":0,"event_name":"Scrap Ooze","floor":4,"gold_loss":0},{"damage_healed":0,"gold_gain":0,"player_choice":"Donut","damage_taken":0,"max_hp_gain":5,"max_hp_loss":0,"event_name":"Big Fish","floor":5,"gold_loss":0},{"damage_healed":0,"gold_gain":0,"player_choice":"Fought Mushrooms","damage_taken":0,"max_hp_gain":0,"max_hp_loss":0,"event_name":"Mushrooms","floor":12,"gold_loss":0},{"damage_healed":0,"gold_gain":0,"player_choice":"Inject Mutagens","damage_taken":0,"relics_obtained":["MutagenicStrength"],"max_hp_gain":0,"max_hp_loss":0,"event_name":"Drug Dealer","floor":20,"gold_loss":0},{"damage_healed":0,"gold_gain":100,"player_choice":"Pray","damage_taken":0,"max_hp_gain":0,"max_hp_loss":0,"event_name":"Golden Shrine","floor":28,"gold_loss":0},{"damage_healed":0,"gold_gain":0,"player_choice":"Fight","damage_taken":0,"max_hp_gain":0,"max_hp_loss":0,"event_name":"Mysterious Sphere","floor":38,"gold_loss":0},{"damage_healed":0,"gold_gain":0,"player_choice":"Paid","damage_taken":0,"relics_obtained":["Red Mask"],"max_hp_gain":0,"max_hp_loss":0,"event_name":"Tomb of Lord Red Mask","floor":45,"gold_loss":370},{"damage_healed":0,"gold_gain":100,"player_choice":"Pray","damage_taken":0,"max_hp_gain":0,"max_hp_loss":0,"event_name":"Golden Shrine","floor":47,"gold_loss":0}],"is_beta":false,"boss_relics":[{"not_picked":["Fusion Hammer","Runic Dome"],"picked":"Velvet Choker"},{"not_picked":["Black Blood","Mark of Pain"],"picked":"Runic Cube"}],"items_purged_floors":[41],"is_endless":false,"potions_floor_spawned":[2,7,10,18,21,22,29,33,35,38,39,44,46],"ascension_level":0}