{"gold_per_floor":[111,127,127,127,137,137,169,184,184,209,223,235,254,274,274,376,426,440,440,33,0,0,28,28,41,41,59,78,78],"floor_reached":29,"playtime":1151,"items_purged":[],"score":272,"play_id":"2559bdb0-48d6-44fc-b663-925115648496","local_time":"20180918192456","is_ascension_mode":true,"campfire_choices":[{"data":"Zap","floor":6,"key":"SMITH"},{"floor":15,"key":"REST"},{"floor":24,"key":"REST"}],"neow_cost":"NONE","seed_source_timestamp":365173562331278,"circlet_count":0,"master_deck":["Strike_B","Strike_B","Strike_B","Strike_B","Defend_B","Defend_B","Defend_B","Zap+1","Dualcast+1","Conserve Battery","BootSequence","Gash","Auto Shields","Ball Lightning+1","Seek","Conserve Battery","Gash","Ball Lightning","All For One","Machine Learning","White Noise","Sunder","Good Instincts","Finesse","Deep Breath","Flash of Steel","Gash","Genetic Algorithm","Compile Driver+1","Chaos"],"relics":["Cracked Core","Regal Pillow","DataDisk","Smiling Mask","Cables","Tiny House","MutagenicStrength","Frozen Egg 2","Anchor","Matryoshka","Happy Flower","Du-Vu Doll"],"potions_floor_usage":[7,7,10,16,23,27,29],"damage_taken":[{"damage":5,"enemies":"Small Slimes","floor":1,"turns":4},{"damage":0,"enemies":"2 Louse","floor":2,"turns":2},{"damage":0,"enemies":"Cultist","floor":5,"turns":3},{"damage":32,"enemies":"3 Sentries","floor":7,"turns":9},{"damage":0,"enemies":"Looter","floor":8,"turns":3},{"damage":13,"enemies":"Lagavulin","floor":10,"turns":5},{"damage":4,"enemies":"Gremlin Gang","floor":11,"turns":3},{"damage":2,"enemies":"Exordium Wildlife","floor":12,"turns":3},{"damage":0,"enemies":"Looter","floor":13,"turns":2},{"damage":0,"enemies":"2 Fungi Beasts","floor":14,"turns":3},{"damage":18,"enemies":"Hexaghost","floor":16,"turns":7},{"damage":3,"enemies":"Shell Parasite","floor":18,"turns":4},{"damage":34,"enemies":"Slavers","floor":23,"turns":7},{"damage":0,"enemies":"2 Thieves","floor":25,"turns":3},{"damage":7,"enemies":"Shelled Parasite and Fungi","floor":27,"turns":4},{"damage":25,"enemies":"Centurion and Healer","floor":28,"turns":4},{"damage":10,"enemies":"Snake Plant","floor":29,"turns":2}],"seed_played":"-7218141145187391776","potions_obtained":[{"floor":1,"key":"SpeedPotion"},{"floor":2,"key":"SpeedPotion"},{"floor":8,"key":"Fire Potion"},{"floor":12,"key":"SteroidPotion"},{"floor":14,"key":"FearPotion"},{"floor":17,"key":"FocusPotion"},{"floor":25,"key":"Poison Potion"},{"floor":27,"key":"Energy Potion"}],"is_trial":false,"path_per_floor":["M","M","?","?","M","R","E","M","T","E","M","M","M","M","R","B",null,"M","?","$","?","?","E","R","M","T","M","M"],"character_chosen":"DEFECT","items_purchased":["Frozen Egg 2","Anchor"],"campfire_rested":2,"item_purchase_floors":[20,20],"current_hp_per_floor":[70,70,70,70,70,70,38,38,38,25,21,19,19,19,56,38,80,77,77,77,77,37,3,42,42,42,35,10,0],"gold":78,"neow_bonus":"RANDOM_COMMON_RELIC","is_prod":false,"is_daily":false,"chose_seed":false,"campfire_upgraded":1,"win_rate":0,"timestamp":1537313096,"path_taken":["M","M","?","?","M","R","E","?","T","E","M","?","M","M","R","BOSS","M","?","$","?","?","E","R","?","T","M","?","M"],"build_version":"2018-09-06","purchased_purges":0,"victory":false,"max_hp_per_floor":[75,75,75,75,75,75,75,75,75,75,75,75,75,75,75,75,80,80,80,80,80,80,80,80,80,80,80,80,80],"card_choices":[{"not_picked":["Undo","Rebound"],"picked":"Conserve Battery","floor":1},{"not_picked":["Auto Shields","Fusion"],"picked":"BootSequence","floor":2},{"not_picked":["Barrage","Coolheaded"],"picked":"Gash","floor":5},{"not_picked":["Stack","Go for the Eyes"],"picked":"Auto Shields","floor":7},{"not_picked":["Consume","Tempest"],"picked":"Ball Lightning","floor":8},{"not_picked":["Cold Snap","Tempest"],"picked":"Seek","floor":10},{"not_picked":["Streamline","Leap"],"picked":"Conserve Battery","floor":11},{"not_picked":["Stack","Compile Driver"],"picked":"Gash","floor":12},{"not_picked":["Glacier","Rip and Tear"],"picked":"Ball Lightning","floor":13},{"not_picked":["Heatsinks","Rip and Tear"],"picked":"All For One","floor":14},{"not_picked":["Thunder Strike","Biased Cognition"],"picked":"Machine Learning","floor":16},{"not_picked":["Hologram","Compile Driver"],"picked":"White Noise","floor":17},{"not_picked":["Reinforced Body+1","Redo"],"picked":"Sunder","floor":18},{"not_picked":["Consume","Steam Power+1"],"picked":"Gash","floor":23},{"not_picked":["Cold Snap","Barrage"],"picked":"Genetic Algorithm","floor":25},{"not_picked":["Go for the Eyes","Chaos"],"picked":"Compile Driver+1","floor":27},{"not_picked":["Rip and Tear","Turbo"],"picked":"Chaos","floor":28}],"player_experience":135883,"relics_obtained":[{"floor":7,"key":"DataDisk"},{"floor":9,"key":"Smiling Mask"},{"floor":10,"key":"Cables"},{"floor":23,"key":"Matryoshka"},{"floor":26,"key":"Happy Flower"},{"floor":26,"key":"Du-Vu Doll"}],"event_choices":[{"event_name":"Living Wall","player_choice":"Grow","floor":3,"damage_taken":0},{"event_name":"Bonfire Elementals","player_choice":"BASIC","floor":4,"damage_taken":0},{"event_name":"Drug Dealer","player_choice":"Inject Mutagens","floor":19,"damage_taken":0},{"event_name":"Masked Bandits","player_choice":"Paid Fearfully","floor":21,"damage_taken":0},{"event_name":"Knowing Skull","player_choice":"CARD CARD CARD CARD ","floor":22,"damage_taken":0}],"is_beta":false,"boss_relics":[{"not_picked":["Black Star","Empty Cage"],"picked":"Tiny House"}],"items_purged_floors":[],"is_endless":false,"potions_floor_spawned":[1,2,8,12,14,25,27],"killed_by":"Snake Plant","ascension_level":1}