{"gold_per_floor":[112,127,141,141,159,159,177,191,270,305,318,318,318,345,345,416,416,386,386,278,298,309,309],"floor_reached":23,"playtime":1855,"items_purged":["Strike_G"],"score":390,"play_id":"60ae5177-7704-4e55-a2ca-0abdb56e896a","local_time":"20190619225332","is_ascension_mode":true,"campfire_choices":[{"data":"Neutralize","floor":6,"key":"SMITH"},{"floor":12,"key":"REST"},{"data":"Cloak And Dagger","floor":15,"key":"SMITH"}],"neow_cost":"NONE","seed_source_timestamp":673285181306650,"circlet_count":0,"master_deck":["AscendersBane","Defend_G","Defend_G","Defend_G","Defend_G","Defend_G","Strike_G","Strike_G","Strike_G","Strike_G","Survivor","Neutralize+1","Venomology+1","Poisoned Stab","Dagger Spray","Dagger Throw","Catalyst","Blade Dance","Cloak And Dagger+1","Backflip","Bullet Time","Deadly Poison","Backflip+1","Cloak And Dagger+1"],"relics":["Ring of the Snake","Ornamental Fan","Bronze Scales","Gambling Chip","Philosopher\u0027s Stone","Smiling Mask"],"potions_floor_usage":[1,5,10,14,14,14,18,22,23,23],"damage_taken":[{"damage":3,"enemies":"Cultist","floor":1,"turns":5},{"damage":4,"enemies":"2 Louse","floor":2,"turns":5},{"damage":0,"enemies":"Small Slimes","floor":3,"turns":3},{"damage":0,"enemies":"Red Slaver","floor":5,"turns":3},{"damage":4,"enemies":"Large Slime","floor":7,"turns":5},{"damage":0,"enemies":"3 Louse","floor":8,"turns":3},{"damage":18,"enemies":"3 Sentries","floor":10,"turns":12},{"damage":1,"enemies":"Red Slaver","floor":11,"turns":3},{"damage":2,"enemies":"Gremlin Nob","floor":14,"turns":4},{"damage":26,"enemies":"The Guardian","floor":16,"turns":14},{"damage":3,"enemies":"2 Thieves","floor":18,"turns":4},{"damage":35,"enemies":"Shell Parasite","floor":21,"turns":5},{"damage":17,"enemies":"Snake Plant","floor":22,"turns":3},{"damage":7,"enemies":"Book of Stabbing","floor":23,"turns":4}],"seed_played":"457986835704810771","potions_obtained":[{"floor":1,"key":"GhostInAJar"},{"floor":16,"key":"FairyPotion"},{"floor":22,"key":"Ancient Potion"}],"is_trial":false,"path_per_floor":["M","M","M","?","M","R","M","M","T","E","M","R","?","E","R","B",null,"M","?","$","M","M","E"],"character_chosen":"THE_SILENT","items_purchased":["Deadly Poison"],"campfire_rested":1,"item_purchase_floors":[20],"current_hp_per_floor":[56,52,52,52,52,52,48,48,48,30,29,48,48,46,46,20,55,52,52,52,17,6,0],"gold":309,"neow_bonus":"ONE_RANDOM_RARE_CARD","is_prod":false,"is_daily":false,"chose_seed":false,"campfire_upgraded":2,"win_rate":0,"timestamp":1560999212,"path_taken":["M","?","M","?","M","R","M","M","T","E","M","R","?","E","R","BOSS","M","?","$","M","?","E"],"build_version":"2019-01-23","purchased_purges":1,"victory":false,"max_hp_per_floor":[66,66,66,66,66,66,66,66,66,66,66,66,66,66,66,66,66,66,66,66,66,66,66],"card_choices":[{"not_picked":["Terror","Flying Knee"],"picked":"Poisoned Stab","floor":1},{"not_picked":["Tactician","Dash"],"picked":"Dagger Spray","floor":2},{"not_picked":["Blade Dance","Concentrate"],"picked":"Dagger Throw","floor":3},{"not_picked":["Terror","Outmaneuver","Deflect"],"picked":"SKIP","floor":5},{"not_picked":["Acrobatics","Escape Plan"],"picked":"Catalyst","floor":7},{"not_picked":["Outmaneuver","Calculated Gamble"],"picked":"Blade Dance","floor":8},{"not_picked":["Sucker Punch","Eviscerate","Slice"],"picked":"SKIP","floor":10},{"not_picked":["Night Terror","Calculated Gamble"],"picked":"Cloak And Dagger","floor":11},{"not_picked":["Flying Knee","Calculated Gamble"],"picked":"Backflip","floor":14},{"not_picked":["Doppelganger","A Thousand Cuts"],"picked":"Bullet Time","floor":16},{"not_picked":["Prepared","Deflect","Slice"],"picked":"SKIP","floor":18},{"not_picked":["Dodge and Roll","Distraction"],"picked":"Backflip+1","floor":21},{"not_picked":["Tactician+1","All Out Attack+1"],"picked":"Cloak And Dagger+1","floor":22}],"player_experience":832801,"relics_obtained":[{"floor":9,"key":"Ornamental Fan"},{"floor":10,"key":"Bronze Scales"},{"floor":14,"key":"Gambling Chip"}],"event_choices":[{"damage_healed":0,"gold_gain":0,"player_choice":"Grow","damage_taken":0,"max_hp_gain":0,"max_hp_loss":0,"event_name":"Living Wall","floor":4,"gold_loss":0,"cards_upgraded":["Venomology"]},{"damage_healed":0,"gold_gain":0,"player_choice":"Ignored","damage_taken":0,"max_hp_gain":0,"max_hp_loss":0,"event_name":"Liars Game","floor":13,"gold_loss":0},{"damage_healed":0,"gold_gain":0,"player_choice":"Gave Potion","damage_taken":0,"relics_obtained":["Smiling Mask"],"max_hp_gain":0,"max_hp_loss":0,"event_name":"WeMeetAgain","floor":19,"gold_loss":0}],"is_beta":false,"boss_relics":[{"not_picked":["Empty Cage","Cursed Key"],"picked":"Philosopher\u0027s Stone"}],"items_purged_floors":[20],"is_endless":false,"potions_floor_spawned":[1,3,7,16,22],"killed_by":"Book of Stabbing","ascension_level":18}