{"gold_per_floor":[216,73,86,16,16,48,48,81,81,81,94,164,177,130,130,232,232,204,204,204,132,146,146,180,279,279,279],"floor_reached":27,"playtime":1331,"items_purged":[],"score":344,"play_id":"0163236d-0ffe-48f5-b35f-ba5a70934c69","local_time":"20190122215953","is_ascension_mode":true,"campfire_choices":[{"floor":7,"key":"REST"},{"floor":10,"key":"REST"},{"data":"Neutralize","floor":15,"key":"SMITH"},{"floor":23,"key":"REST"}],"neow_cost":"NONE","seed_source_timestamp":1188530294791257,"circlet_count":0,"master_deck":["Defend_G","Defend_G","Defend_G","Defend_G","Defend_G","Strike_G","Strike_G","Strike_G","Strike_G","Strike_G","Survivor","Neutralize+1","Infinite Blades","Backflip","Bandage Up","Dagger Spray","Dash","Deflect","Footwork","Envenom","A Thousand Cuts+1","Blade Dance+1","After Image","Quick Slash+1","Well Laid Plans","Injury"],"relics":["Ring of the Snake","Juzu Bracelet","Unceasing Top","Blue Candle","Cursed Key","Lantern","The Courier"],"potions_floor_usage":[8,16,22],"damage_taken":[{"damage":0,"enemies":"Cultist","floor":1,"turns":6},{"damage":1,"enemies":"Jaw Worm","floor":3,"turns":6},{"damage":44,"enemies":"Gremlin Nob","floor":6,"turns":6},{"damage":15,"enemies":"3 Sentries","floor":8,"turns":7},{"damage":0,"enemies":"Small Slimes","floor":11,"turns":3},{"damage":13,"enemies":"Exordium Wildlife","floor":13,"turns":6},{"damage":54,"enemies":"Slime Boss","floor":16,"turns":13},{"damage":26,"enemies":"2 Thieves","floor":18,"turns":5},{"damage":5,"enemies":"Shell Parasite","floor":22,"turns":5},{"damage":40,"enemies":"Gremlin Leader","floor":24,"turns":8},{"damage":27,"enemies":"Sentry and Sphere","floor":27,"turns":5}],"seed_played":"1437499244739860804","potions_obtained":[{"floor":1,"key":"SpeedPotion"},{"floor":6,"key":"LiquidBronze"},{"floor":13,"key":"Regen Potion"}],"is_trial":false,"path_per_floor":["M","$","M","$","?","E","R","E","T","R","M","?","M","?","R","B",null,"M","?","?","$","M","R","E","?","T","M"],"character_chosen":"THE_SILENT","items_purchased":["Backflip","Bandage Up","Dash","After Image"],"campfire_rested":3,"item_purchase_floors":[2,2,4,21],"current_hp_per_floor":[63,63,66,66,66,26,47,36,36,57,61,61,52,52,52,17,57,35,35,35,35,34,55,19,19,19,0],"gold":279,"neow_bonus":"HUNDRED_GOLD","is_prod":false,"is_daily":false,"chose_seed":false,"campfire_upgraded":1,"win_rate":0,"timestamp":1548212393,"path_taken":["M","$","?","?","?","E","R","E","T","R","M","?","M","?","R","BOSS","M","?","?","$","M","R","E","?","T","M"],"build_version":"2019-01-17v2","purchased_purges":0,"victory":false,"max_hp_per_floor":[70,70,70,70,70,70,70,70,70,70,70,70,70,70,70,70,70,70,70,70,70,70,70,70,70,70,70],"card_choices":[{"not_picked":["Finisher","Quick Slash"],"picked":"Infinite Blades","floor":1},{"not_picked":["Bane","Acrobatics"],"picked":"Dagger Spray","floor":3},{"not_picked":["Endless Agony","Tactician","Dagger Spray"],"picked":"SKIP","floor":6},{"not_picked":["Quick Slash","Flying Knee"],"picked":"Deflect","floor":8},{"not_picked":["Endless Agony","Backflip"],"picked":"Footwork","floor":11},{"not_picked":["Dodge and Roll","Prepared"],"picked":"Envenom","floor":13},{"not_picked":["Grand Finale","Venomology"],"picked":"A Thousand Cuts","floor":16},{"not_picked":["Accuracy","Catalyst+1"],"picked":"Blade Dance+1","floor":18},{"not_picked":["Outmaneuver+1","Bane"],"picked":"Quick Slash+1","floor":22},{"not_picked":["Endless Agony+1","Dagger Spray"],"picked":"Well Laid Plans","floor":24}],"player_experience":190234,"relics_obtained":[{"floor":6,"key":"Juzu Bracelet"},{"floor":8,"key":"Unceasing Top"},{"floor":9,"key":"Blue Candle"},{"floor":24,"key":"Lantern"},{"floor":26,"key":"The Courier"}],"event_choices":[{"damage_healed":0,"gold_gain":0,"player_choice":"Leave","damage_taken":0,"max_hp_gain":0,"max_hp_loss":0,"event_name":"The Cleric","floor":5,"gold_loss":0},{"damage_healed":0,"gold_gain":70,"player_choice":"Gained Gold","damage_taken":0,"max_hp_gain":0,"max_hp_loss":0,"event_name":"Golden Wing","floor":12,"gold_loss":0},{"damage_healed":0,"gold_gain":0,"player_choice":"Left Gold","damage_taken":0,"max_hp_gain":0,"max_hp_loss":0,"event_name":"World of Goop","floor":14,"gold_loss":47},{"damage_healed":0,"gold_gain":0,"player_choice":"Upgraded","damage_taken":0,"max_hp_gain":0,"max_hp_loss":0,"event_name":"Upgrade Shrine","floor":19,"gold_loss":0,"cards_upgraded":["A Thousand Cuts"]},{"damage_healed":0,"gold_gain":0,"player_choice":"Ignored","damage_taken":0,"max_hp_gain":0,"max_hp_loss":0,"event_name":"Vampires","floor":20,"gold_loss":0},{"damage_healed":0,"gold_gain":99,"player_choice":"Stole From Cult","damage_taken":0,"max_hp_gain":0,"max_hp_loss":0,"event_name":"Nest","floor":25,"gold_loss":0}],"is_beta":false,"boss_relics":[{"not_picked":["Tiny House","Snecko Eye"],"picked":"Cursed Key"}],"items_purged_floors":[],"is_endless":false,"potions_floor_spawned":[1,6,13],"killed_by":"Sentry and Sphere","ascension_level":9}