{"gold_per_floor":[113,38,3,20,20,53,53,66,66,86,86,98,98,118,118,118],"floor_reached":16,"playtime":413,"items_purged":[],"score":210,"play_id":"73016fb7-e9cb-4bae-bb23-02c24bf825c3","local_time":"20190507220030","is_ascension_mode":true,"campfire_choices":[{"data":"Footwork","floor":7.0,"key":"SMITH"},{"data":"Footwork","floor":11.0,"key":"SMITH"},{"data":"Adrenaline","floor":15.0,"key":"SMITH"}],"neow_cost":"NONE","seed_source_timestamp":0,"circlet_count":0,"master_deck":["AscendersBane","Defend_G+1","Defend_G+1","Defend_G","Defend_G","Defend_G","Strike_G","Strike_G","Strike_G","Strike_G","Strike_G","Survivor","Neutralize","Footwork+1","Footwork+1","Cloak And Dagger","Cloak And Dagger","Dagger Spray","Poisoned Stab","Adrenaline+1"],"special_seed":0,"relics":["Ring of the Snake","NeowsBlessing","Nunchaku","Mummified Hand"],"potions_floor_usage":[],"damage_taken":[{"damage":0.0,"enemies":"Small Slimes","floor":1.0,"turns":1.0},{"damage":0.0,"enemies":"Jaw Worm","floor":4.0,"turns":1.0},{"damage":0.0,"enemies":"Lagavulin","floor":6.0,"turns":2.0},{"damage":0.0,"enemies":"Cultist","floor":8.0,"turns":4.0},{"damage":15.0,"enemies":"Exordium Thugs","floor":10.0,"turns":6.0},{"damage":0.0,"enemies":"Looter","floor":12.0,"turns":3.0},{"damage":2.0,"enemies":"Large Slime","floor":14.0,"turns":9.0},{"damage":0,"enemies":"Slime Boss","floor":16,"turns":1}],"seed_played":"-1382907046494778956","potions_obtained":[{"floor":1.0,"key":"SpeedPotion"},{"floor":6.0,"key":"LiquidBronze"}],"is_trial":false,"path_per_floor":["M","$","?","M","$","E","R","M","T","M","R","M","?","M","R","B"],"character_chosen":"THE_SILENT","items_purchased":["Footwork"],"campfire_rested":0,"item_purchase_floors":[2],"current_hp_per_floor":[63,63,70,70,70,70,70,70,70,55,55,55,41,39,39,39],"gold":118,"neow_bonus":"THREE_ENEMY_KILL","is_prod":false,"is_daily":false,"chose_seed":false,"campfire_upgraded":3,"win_rate":0,"timestamp":1557280830,"path_taken":["M","$","?","M","?","E","R","?","T","M","R","M","?","M","R","BOSS"],"build_version":"2019-01-23","purchased_purges":0,"victory":false,"max_hp_per_floor":[70,70,70,70,70,70,70,70,70,70,70,70,70,70,70,70],"card_choices":[{"not_picked":["Concentrate","Eviscerate"],"picked":"Footwork","floor":1.0},{"not_picked":["Outmaneuver","Underhanded Strike"],"picked":"Cloak And Dagger","floor":4.0},{"not_picked":["Flying Knee","Catalyst"],"picked":"Cloak And Dagger","floor":6.0},{"not_picked":["Blade Dance","Dagger Throw"],"picked":"Dagger Spray","floor":8.0},{"not_picked":["Acrobatics","Flechettes"],"picked":"Poisoned Stab","floor":10.0},{"not_picked":["Sucker Punch","Dagger Spray","Choke"],"picked":"SKIP","floor":12.0},{"not_picked":["Cloak And Dagger","Endless Agony"],"picked":"Adrenaline","floor":14.0}],"player_experience":497256,"relics_obtained":[{"floor":6.0,"key":"Nunchaku"},{"floor":9.0,"key":"Mummified Hand"}],"event_choices":[{"damage_healed":17.0,"max_hp_gain":0.0,"max_hp_loss":0.0,"gold_gain":0.0,"event_name":"The Cleric","player_choice":"Healed","floor":3.0,"gold_loss":35.0,"damage_taken":0.0},{"damage_healed":0.0,"max_hp_gain":0.0,"max_hp_loss":0.0,"gold_gain":0.0,"event_name":"Shining Light","player_choice":"Entered Light","floor":13.0,"gold_loss":0.0,"damage_taken":14.0,"cards_upgraded":["Defend_G","Defend_G"]}],"is_beta":false,"boss_relics":[],"items_purged_floors":[],"is_endless":false,"potions_floor_spawned":[1,6,14],"killed_by":"Slime Boss","ascension_level":13}