{"gold_per_floor":[122,151,163,175,202,240,267,244,256,268,280],"floor_reached":11,"playtime":383,"items_purged":[],"score":176,"play_id":"483ade18-2c16-454b-bd72-714154d07851","local_time":"20190616112435","is_ascension_mode":true,"campfire_choices":[{"data":"Neutralize","floor":10,"key":"SMITH"}],"neow_cost":"NONE","seed_source_timestamp":322792237971579,"circlet_count":0,"master_deck":["AscendersBane","Defend_G","Defend_G","Defend_G","Defend_G+1","Defend_G","Strike_G","Strike_G","Strike_G","Strike_G+1","Survivor","Neutralize+1","Dagger Spray","Backflip","Dagger Spray","Caltrops","Escape Plan"],"relics":["Ring of the Snake","MawBank","Unceasing Top","Mummified Hand"],"potions_floor_usage":[6,6],"damage_taken":[{"damage":7,"enemies":"Jaw Worm","floor":1,"turns":7},{"damage":12,"enemies":"Small Slimes","floor":2,"turns":5},{"damage":0,"enemies":"Cultist","floor":5,"turns":4},{"damage":0,"enemies":"3 Sentries","floor":6,"turns":4},{"damage":0,"enemies":"Exordium Wildlife","floor":7,"turns":3},{"damage":29,"enemies":"Lagavulin","floor":11,"turns":6}],"seed_played":"3893559795747241846","potions_obtained":[{"floor":1,"key":"Strength Potion"},{"floor":5,"key":"GhostInAJar"}],"is_trial":false,"path_per_floor":["M","M","?","?","M","E","M","?","T","R","E"],"character_chosen":"THE_SILENT","items_purchased":[],"campfire_rested":0,"item_purchase_floors":[],"current_hp_per_floor":[52,40,20,13,13,13,13,29,29,29,0],"gold":280,"neow_bonus":"RANDOM_COMMON_RELIC","is_prod":false,"is_daily":false,"chose_seed":false,"campfire_upgraded":1,"win_rate":0,"timestamp":1560655475,"path_taken":["M","M","?","?","M","E","M","?","T","R","E"],"build_version":"2019-01-23","purchased_purges":0,"victory":false,"max_hp_per_floor":[66,66,66,66,66,66,66,66,66,66,66],"card_choices":[{"not_picked":["Prepared","Skewer"],"picked":"Dagger Spray","floor":1},{"not_picked":["Sucker Punch","Cloak And Dagger"],"picked":"Backflip","floor":2},{"not_picked":["Sucker Punch","Riddle With Holes"],"picked":"Dagger Spray","floor":5},{"not_picked":["Slice","Sucker Punch"],"picked":"Caltrops","floor":6},{"not_picked":["Flying Knee","Distraction"],"picked":"Escape Plan","floor":7}],"player_experience":875144,"relics_obtained":[{"floor":6,"key":"Unceasing Top"},{"floor":9,"key":"Mummified Hand"}],"event_choices":[{"damage_healed":0,"gold_gain":0,"player_choice":"Entered Light","damage_taken":20,"max_hp_gain":0,"max_hp_loss":0,"event_name":"Shining Light","floor":3,"gold_loss":0,"cards_upgraded":["Defend_G","Strike_G"]},{"cards_removed":["Strike_G"],"damage_healed":0,"gold_gain":0,"player_choice":"Card Removal","damage_taken":7,"max_hp_gain":0,"max_hp_loss":0,"event_name":"Golden Wing","floor":4,"gold_loss":0},{"damage_healed":16,"gold_gain":0,"player_choice":"Healed","damage_taken":0,"max_hp_gain":0,"max_hp_loss":0,"event_name":"The Cleric","floor":8,"gold_loss":35}],"is_beta":false,"boss_relics":[],"items_purged_floors":[],"is_endless":false,"potions_floor_spawned":[1,5],"killed_by":"Lagavulin","ascension_level":16}