{"gold_per_floor":[110,110,124,74,149,149,168,196,196,196],"floor_reached":10,"playtime":527,"items_purged":[],"score":73,"play_id":"f9819e9c-805a-4bd1-8294-0c73c6e9c00b","local_time":"20181015161956","is_ascension_mode":true,"campfire_choices":[{"data":"Limit Break","floor":6,"key":"SMITH"}],"neow_cost":"PERCENT_DAMAGE","seed_source_timestamp":0,"circlet_count":0,"master_deck":["Strike_R","Strike_R","Strike_R","Strike_R","Defend_R","Defend_R","Defend_R","Defend_R","Bash","Limit Break+1","Heavy Blade","Shrug It Off"],"special_seed":0,"relics":["Burning Blood","Nunchaku","Pocketwatch"],"potions_floor_usage":[8,8],"damage_taken":[{"damage":5.0,"enemies":"Jaw Worm","floor":1.0,"turns":6.0},{"damage":1,"enemies":"Cultist","floor":3,"turns":4},{"damage":3,"enemies":"Small Slimes","floor":7,"turns":3},{"damage":32,"enemies":"Gremlin Nob","floor":8,"turns":4},{"damage":46,"enemies":"Lagavulin","floor":10,"turns":6}],"seed_played":"6139437576733782794","potions_obtained":[{"floor":1,"key":"PowerPotion"},{"floor":7,"key":"Regen Potion"}],"is_trial":false,"path_per_floor":["M","?","M","?","?","R","M","E","T"],"character_chosen":"IRONCLAD","items_purchased":[],"campfire_rested":0,"item_purchase_floors":[],"current_hp_per_floor":[57,57,62,62,51,51,54,40,40,0],"gold":196,"neow_bonus":"THREE_RARE_CARDS","is_prod":false,"is_daily":false,"chose_seed":false,"campfire_upgraded":1,"win_rate":0,"timestamp":1539631196,"path_taken":["M","?","M","?","?","R","M","E","T","E"],"build_version":"2018-10-11","purchased_purges":0,"victory":false,"max_hp_per_floor":[80,80,80,80,80,80,80,80,80,80],"card_choices":[{"not_picked":["Exhume","Fiend Fire"],"picked":"Limit Break","floor":0.0},{"not_picked":["Blood for Blood","Searing Blow","Havoc"],"picked":"SKIP","floor":1},{"not_picked":["Shrug It Off","Wild Strike"],"picked":"Heavy Blade","floor":3},{"not_picked":["Feed","Cleave"],"picked":"Shrug It Off","floor":7},{"not_picked":["Wild Strike","Rupture","Bloodletting"],"picked":"SKIP","floor":8}],"player_experience":151758,"relics_obtained":[{"floor":8,"key":"Nunchaku"},{"floor":9,"key":"Pocketwatch"}],"event_choices":[{"event_name":"The Woman in Blue","player_choice":"Bought 0 Potions","floor":2,"damage_taken":0},{"event_name":"The Cleric","player_choice":"Card Removal","floor":4,"damage_taken":0},{"event_name":"World of Goop","player_choice":"Gather Gold","floor":5,"damage_taken":0}],"is_beta":false,"boss_relics":[],"items_purged_floors":[],"is_endless":false,"potions_floor_spawned":[1,7],"killed_by":"Lagavulin","ascension_level":2}