{"gold_per_floor":[119,119,119,133,151,151,480,480,506,519,532,307,154,164,164,260,310,327,85,85,98,114,114,146,162,162,162,20,20,31,44,44,140,140,160,207,207,224,224,224,7,40,40,40,59,78,78,95,95,95,95,95,57,57],"floor_reached":54,"playtime":4909,"items_purged":["Regret","Writhe"],"score":780,"play_id":"8dea9019-e2a7-437b-97a9-a73a655990d1","local_time":"20190118014654","is_ascension_mode":true,"campfire_choices":[{"data":"Blade Dance","floor":6.0,"key":"SMITH"},{"data":"Cloak And Dagger","floor":8.0,"key":"SMITH"},{"floor":15.0,"key":"REST"},{"floor":23,"key":"REST"},{"floor":27,"key":"RECALL"},{"floor":29,"key":"REST"},{"data":"Backflip","floor":32,"key":"SMITH"},{"data":"Apotheosis","floor":40,"key":"SMITH"},{"floor":44,"key":"REST"},{"data":"Dagger Spray","floor":47,"key":"SMITH"},{"data":"Glass Knife","floor":49,"key":"SMITH"},{"data":"Well Laid Plans","floor":52,"key":"SMITH"}],"neow_cost":"NONE","seed_source_timestamp":0,"circlet_count":0,"master_deck":["Defend_G+1","Defend_G","Defend_G","Defend_G+1","Defend_G+1","Strike_G","Strike_G","Strike_G","Strike_G","Strike_G","Survivor","Neutralize+1","Dash","Caltrops","Blade Dance+1","Cloak And Dagger+1","Corpse Explosion","Deadly Poison","A Thousand Cuts","Distraction+1","Dagger Throw+1","Blur","Dash","Well Laid Plans+1","Finisher","Footwork","Cloak And Dagger+1","Backflip+1","Glass Knife+1","Dagger Spray+1","Leg Sweep","Dagger Throw+1","Apotheosis+1","PiercingWail","Terror","Blade Dance+1","Dagger Throw+1","Accuracy"],"special_seed":0,"relics":["Ring of the Snake","Oddly Smooth Stone","Old Coin","Lantern","War Paint","Tiny House","Shuriken","Pen Nib","Darkstone Periapt","Eternal Feather","Tingsha","Regal Pillow","Meat on the Bone"],"potions_floor_usage":[24,31,33,33,36,45],"damage_taken":[{"damage":0.0,"enemies":"Small Slimes","floor":1.0,"turns":3.0},{"damage":0.0,"enemies":"2 Louse","floor":4.0,"turns":4.0},{"damage":2.0,"enemies":"Cultist","floor":5.0,"turns":5.0},{"damage":23.0,"enemies":"3 Sentries","floor":7.0,"turns":12.0},{"damage":6.0,"enemies":"Red Slaver","floor":10.0,"turns":4.0},{"damage":3.0,"enemies":"Exordium Wildlife","floor":11.0,"turns":5.0},{"damage":0.0,"enemies":"Gremlin Gang","floor":14.0,"turns":3.0},{"damage":29.0,"enemies":"Hexaghost","floor":16.0,"turns":9.0},{"damage":0,"enemies":"3 Byrds","floor":18,"turns":3},{"damage":17,"enemies":"Spheric Guardian","floor":21,"turns":6},{"damage":6,"enemies":"3 Cultists","floor":22,"turns":6},{"damage":2,"enemies":"Book of Stabbing","floor":24,"turns":6},{"damage":16,"enemies":"Snake Plant","floor":25,"turns":5},{"damage":0,"enemies":"Centurion and Healer","floor":30,"turns":4},{"damage":5,"enemies":"Chosen and Byrds","floor":31,"turns":5},{"damage":53,"enemies":"Collector","floor":33,"turns":12},{"damage":1,"enemies":"Orb Walker","floor":35,"turns":3},{"damage":34,"enemies":"2 Orb Walkers","floor":36,"turns":7},{"damage":27,"enemies":"3 Shapes","floor":38,"turns":6},{"damage":63,"enemies":"Reptomancer","floor":42,"turns":9},{"damage":2,"enemies":"3 Darklings","floor":45,"turns":4},{"damage":18,"enemies":"4 Shapes","floor":46,"turns":5},{"damage":25,"enemies":"Maw","floor":48,"turns":7},{"damage":51,"enemies":"Awakened One","floor":50,"turns":18},{"damage":93,"enemies":"Shield and Spear","floor":54,"turns":5}],"seed_played":"-7946976245032626895","potions_obtained":[{"floor":4.0,"key":"SpeedPotion"},{"floor":7.0,"key":"Swift Potion"},{"floor":11.0,"key":"Poison Potion"},{"floor":20,"key":"LiquidBronze"},{"floor":21,"key":"GhostInAJar"},{"floor":25,"key":"Energy Potion"},{"floor":35,"key":"Dexterity Potion"},{"floor":42,"key":"Block Potion"}],"is_trial":false,"path_per_floor":["M","?","?","M","M","R","E","R","T","M","M","$","$","M","R","B",null,"M","$","?","M","M","R","E","M","T","R","$","R","M","M","R","B",null,"M","?","?","M","?","R","$","E","T","R","M","M","R","M","R","B",null,"R","$","E"],"character_chosen":"THE_SILENT","items_purchased":["Lantern","War Paint","Shuriken","Finisher","Footwork","PiercingWail","Terror","Accuracy"],"campfire_rested":4,"item_purchase_floors":[12,13,19,28,28,41,41,53],"current_hp_per_floor":[77,77,77,77,75,75,52,52,52,46,43,43,43,43,66,37,82,82,82,82,65,59,82,80,64,64,64,64,82,82,77,77,24,82,81,47,74,47,47,65,65,2,2,64,62,56,77,52,73,34,88,88,88,0],"gold":57,"neow_bonus":"TEN_PERCENT_HP_BONUS","is_prod":false,"is_daily":false,"chose_seed":false,"campfire_upgraded":7,"win_rate":0,"timestamp":1547794014,"path_taken":["M","?","?","M","?","R","E","R","T","M","M","?","$","M","R","BOSS","M","$","?","?","M","R","E","M","T","R","$","R","M","M","R","BOSS","M","?","?","M","?","R","$","E","T","R","M","?","R","M","R","BOSS","R","$","E"],"build_version":"2019-01-17","purchased_purges":2,"victory":false,"max_hp_per_floor":[77,77,77,77,77,77,77,77,77,77,77,77,77,77,77,77,82,82,82,82,82,82,82,82,82,82,82,82,82,82,82,82,82,82,82,82,88,88,88,88,88,88,88,88,88,88,88,88,88,88,88,88,88,88],"card_choices":[{"not_picked":["Flying Knee","Poisoned Stab"],"picked":"Dash","floor":1.0},{"not_picked":["Dagger Throw","Bouncing Flask"],"picked":"Caltrops","floor":4.0},{"not_picked":["Finisher","Reflex"],"picked":"Blade Dance","floor":5.0},{"not_picked":["Prepared","Setup"],"picked":"Cloak And Dagger","floor":7.0},{"not_picked":["Noxious Fumes","Bane"],"picked":"Corpse Explosion","floor":10.0},{"not_picked":["Prepared","Escape Plan"],"picked":"Deadly Poison","floor":11.0},{"not_picked":["Acrobatics","Flying Knee","Outmaneuver"],"picked":"SKIP","floor":14.0},{"not_picked":["Doppelganger","Tools of the Trade"],"picked":"A Thousand Cuts","floor":16.0},{"not_picked":["Dodge and Roll","Outmaneuver"],"picked":"Distraction+1","floor":18},{"not_picked":["Tactician+1","Acrobatics"],"picked":"Dagger Throw+1","floor":21},{"not_picked":["Distraction","Quick Slash"],"picked":"Blur","floor":22},{"not_picked":["Slice","Prepared"],"picked":"Dash","floor":24},{"not_picked":["Reflex","Endless Agony+1"],"picked":"Well Laid Plans","floor":25},{"not_picked":["Slice","Tactician"],"picked":"Cloak And Dagger+1","floor":30},{"not_picked":["Dash","Sucker Punch"],"picked":"Backflip","floor":31},{"not_picked":["Phantasmal Killer","Doppelganger"],"picked":"Glass Knife","floor":33},{"not_picked":["Caltrops","Acrobatics"],"picked":"Dagger Spray","floor":35},{"not_picked":["Deadly Poison","Flying Knee+1"],"picked":"Leg Sweep","floor":36},{"not_picked":["Setup","Riddle With Holes+1"],"picked":"Dagger Throw+1","floor":38},{"not_picked":["Good Instincts","The Bomb"],"picked":"Apotheosis","floor":39},{"not_picked":["Flying Knee+1","Slice","Tactician"],"picked":"SKIP","floor":42},{"not_picked":["Dagger Throw","Finisher"],"picked":"Blade Dance+1","floor":45},{"not_picked":["Bane+1","Poisoned Stab+1"],"picked":"Dagger Throw+1","floor":46},{"not_picked":["Riddle With Holes","Setup","Flechettes+1"],"picked":"SKIP","floor":48}],"player_experience":82055,"relics_obtained":[{"floor":7.0,"key":"Old Coin"},{"floor":24,"key":"Pen Nib"},{"floor":26,"key":"Darkstone Periapt"},{"floor":36,"key":"Tingsha"},{"floor":42,"key":"Regal Pillow"},{"floor":43,"key":"Meat on the Bone"}],"event_choices":[{"damage_healed":0.0,"max_hp_gain":0.0,"max_hp_loss":0.0,"gold_gain":0.0,"event_name":"Big Fish","player_choice":"Box","floor":2.0,"gold_loss":0.0,"damage_taken":0.0,"relics_obtained":["Oddly Smooth Stone"],"cards_obtained":["Regret"]},{"damage_healed":0.0,"max_hp_gain":0.0,"max_hp_loss":0.0,"gold_gain":0.0,"event_name":"Upgrade Shrine","player_choice":"Upgraded","floor":3.0,"gold_loss":0.0,"damage_taken":0.0,"cards_upgraded":["Neutralize"]},{"damage_healed":0,"gold_gain":0,"player_choice":"Got Potions","damage_taken":0,"max_hp_gain":0,"max_hp_loss":0,"event_name":"Lab","floor":20,"gold_loss":0},{"damage_healed":0,"gold_gain":0,"player_choice":"Fight","damage_taken":0,"max_hp_gain":0,"max_hp_loss":0,"event_name":"Mysterious Sphere","floor":36,"gold_loss":0},{"damage_healed":21,"gold_gain":0,"player_choice":"Writhe","damage_taken":0,"max_hp_gain":0,"max_hp_loss":0,"event_name":"Winding Halls","floor":37,"gold_loss":0,"cards_obtained":["Writhe"]},{"damage_healed":0,"gold_gain":0,"player_choice":"Memory 1","damage_taken":0,"max_hp_gain":0,"max_hp_loss":0,"event_name":"SensoryStone","floor":39,"gold_loss":0}],"is_beta":false,"boss_relics":[{"not_picked":["Lizard Tail","White Beast Statue"],"picked":"Tiny House"},{"not_picked":["Runic Pyramid","Sozu"],"picked":"Eternal Feather"}],"items_purged_floors":[12,41],"is_endless":false,"potions_floor_spawned":[4,7,11,14,18,21,25,35,42],"killed_by":"Shield and Spear","ascension_level":2}