{"gold_per_floor":[110,185,185,2,19,50,62,62,62,82,92,105,105,105,105,208,208,223,223,223,236,23,23,113,113,113,125,140,150,164,263,263,263],"floor_reached":33,"playtime":991,"items_purged":[],"score":274,"play_id":"2c6b0aa1-623c-432b-a750-8f9ff05f3d4b","local_time":"20190123170237","is_ascension_mode":false,"campfire_choices":[{"data":"Whirlwind","floor":8,"key":"SMITH"},{"data":"Double Tap","floor":15,"key":"SMITH"},{"floor":23,"key":"REST"},{"floor":25,"key":"REST"},{"floor":32,"key":"REST"}],"neow_cost":"NONE","seed_source_timestamp":1572242279478208,"circlet_count":0,"master_deck":["Strike_R","Strike_R","Strike_R","Strike_R","Strike_R","Defend_R","Defend_R","Defend_R","Defend_R","Iron Wave","Iron Wave","Whirlwind+1","Inflame","Headbutt","Headbutt","Fire Breathing+1","Double Tap+1","Inflame+1","Barricade+1","Ghostly Armor","Flex","Panache+1","Impatience","Bandage Up","Anger+1","Sword Boomerang"],"relics":["Burning Blood","NeowsBlessing","PreservedInsect","Meat on the Bone","Frozen Egg 2","Singing Bowl","Lizard Tail","MutagenicStrength","Bottled Tornado"],"potions_floor_usage":[16,16,16,27,28,28,33],"damage_taken":[{"damage":0,"enemies":"Jaw Worm","floor":1,"turns":1},{"damage":0,"enemies":"Cultist","floor":5,"turns":1},{"damage":0,"enemies":"3 Sentries","floor":6,"turns":1},{"damage":0,"enemies":"2 Louse","floor":7,"turns":2},{"damage":6,"enemies":"Exordium Thugs","floor":10,"turns":5},{"damage":11,"enemies":"Large Slime","floor":11,"turns":5},{"damage":5,"enemies":"Lots of Slimes","floor":12,"turns":3},{"damage":40,"enemies":"Hexaghost","floor":16,"turns":8},{"damage":5,"enemies":"Chosen","floor":18,"turns":4},{"damage":39,"enemies":"3 Byrds","floor":21,"turns":5},{"damage":29,"enemies":"Snake Plant","floor":27,"turns":5},{"damage":42,"enemies":"Chosen and Byrds","floor":28,"turns":5},{"damage":31,"enemies":"Sentry and Sphere","floor":29,"turns":6},{"damage":10,"enemies":"Cultist and Chosen","floor":30,"turns":4},{"damage":133,"enemies":"Collector","floor":33,"turns":10}],"seed_played":"-8610482217816608224","potions_obtained":[{"floor":10,"key":"SteroidPotion"},{"floor":11,"key":"SkillPotion"},{"floor":12,"key":"SteroidPotion"},{"floor":16,"key":"Regen Potion"},{"floor":27,"key":"Explosive Potion"},{"floor":30,"key":"Dexterity Potion"}],"is_trial":false,"path_per_floor":["?","?","M","?","?","?","?","M","?"],"character_chosen":"IRONCLAD","items_purchased":["PreservedInsect","Whirlwind","Panache+1","AttackPotion"],"campfire_rested":3,"item_purchase_floors":[4,4,22,22],"current_hp_per_floor":[80,69,69,69,75,80,80,80,80,80,75,76,51,51,51,29,80,80,80,80,47,47,71,39,63,63,56,36,29,43,43,68,0],"gold":263,"neow_bonus":"THREE_ENEMY_KILL","is_prod":false,"is_daily":false,"chose_seed":false,"campfire_upgraded":2,"win_rate":0,"timestamp":1548280957,"path_taken":["M","?","?","$","M","E","M","R","T","?","M","M","?","?","R","BOSS","M","$","?","M","$","R","?","R","T","M","?","M","M","?","R","BOSS"],"build_version":"2019-01-23","purchased_purges":0,"victory":false,"max_hp_per_floor":[80,80,80,80,80,80,80,80,80,80,80,80,80,80,80,80,80,80,80,80,80,80,80,80,80,80,80,80,82,84,84,84,84],"card_choices":[{"not_picked":["Body Slam","Perfected Strike"],"picked":"Iron Wave","floor":1},{"not_picked":["Dual Wield","Thunderclap"],"picked":"Inflame","floor":5},{"not_picked":["Uppercut","Rupture"],"picked":"Headbutt","floor":6},{"not_picked":["Clash","Second Wind"],"picked":"Headbutt","floor":7},{"not_picked":["Wild Strike","Body Slam"],"picked":"Fire Breathing+1","floor":10},{"not_picked":["Uppercut","Clash"],"picked":"Double Tap","floor":11},{"not_picked":["Second Wind","Flex"],"picked":"Inflame+1","floor":12},{"not_picked":["Double Tap","Dark Embrace+1"],"picked":"Barricade+1","floor":16},{"not_picked":["Warcry","Clash+1"],"picked":"Ghostly Armor","floor":18},{"not_picked":["Clothesline","Thunderclap"],"picked":"Flex","floor":21},{"not_picked":["Headbutt","Second Wind"],"picked":"Anger+1","floor":27},{"not_picked":["Burning Pact","Cleave"],"picked":"Sword Boomerang","floor":28},{"not_picked":["Rage","Shockwave","Rupture+1"],"picked":"Singing Bowl","floor":29},{"not_picked":["Havoc","Wild Strike","Rage"],"picked":"Singing Bowl","floor":30}],"player_experience":338110,"relics_obtained":[{"floor":6,"key":"Meat on the Bone"},{"floor":9,"key":"Frozen Egg 2"},{"floor":26,"key":"Bottled Tornado"}],"event_choices":[{"damage_healed":0,"gold_gain":75,"player_choice":"Gather Gold","damage_taken":11,"max_hp_gain":0,"max_hp_loss":0,"event_name":"World of Goop","floor":2,"gold_loss":0},{"cards_removed":["Bash"],"damage_healed":0,"gold_gain":0,"player_choice":"Took Card","damage_taken":0,"max_hp_gain":0,"max_hp_loss":0,"event_name":"NoteForYourself","floor":3,"gold_loss":0,"cards_obtained":["Iron Wave"]},{"damage_healed":0,"gold_gain":0,"player_choice":"Success","damage_taken":25,"relics_obtained":["Singing Bowl"],"max_hp_gain":0,"max_hp_loss":0,"event_name":"Scrap Ooze","floor":13,"gold_loss":0},{"damage_healed":0,"gold_gain":0,"player_choice":"Ignored","damage_taken":0,"max_hp_gain":0,"max_hp_loss":0,"event_name":"Golden Wing","floor":14,"gold_loss":0},{"damage_healed":0,"gold_gain":0,"player_choice":"Inject Mutagens","damage_taken":0,"relics_obtained":["MutagenicStrength"],"max_hp_gain":0,"max_hp_loss":0,"event_name":"Drug Dealer","floor":20,"gold_loss":0},{"damage_healed":0,"gold_gain":90,"player_choice":"GOLD CARD CARD ","damage_taken":32,"max_hp_gain":0,"max_hp_loss":0,"event_name":"Knowing Skull","floor":24,"potions_obtained":[],"gold_loss":0,"cards_obtained":["Impatience","Bandage Up"]},{"damage_healed":0,"gold_gain":99,"player_choice":"Stole From Cult","damage_taken":0,"max_hp_gain":0,"max_hp_loss":0,"event_name":"Nest","floor":31,"gold_loss":0}],"is_beta":false,"boss_relics":[{"not_picked":["Runic Pyramid","Cursed Key"],"picked":"Lizard Tail"}],"items_purged_floors":[],"is_endless":false,"potions_floor_spawned":[10,11,12,16,27,30],"killed_by":"Collector","ascension_level":0}