{"gold_per_floor":[112,128,128,148,148,207,382,227,275,288,288,68,68,94,94,189,189,209,190,155,155,155],"floor_reached":22,"playtime":994,"items_purged":["Doubt"],"score":221,"play_id":"5995e9ef-95d0-441d-ab77-3da901374c1a","local_time":"20190330004826","is_ascension_mode":true,"campfire_choices":[{"floor":11,"key":"REST"},{"floor":13,"key":"REST"},{"floor":15,"key":"REST"}],"neow_cost":"NONE","seed_source_timestamp":1409889372032845,"circlet_count":0,"master_deck":["Zap+1","Dualcast","Rainbow","FTL","Genetic Algorithm","Capacitor","Consume","Capacitor","Static Discharge","BootSequence","Creative AI","Rainbow","Self Repair","Scrape","Buffer","Amplify","Hello World","Steam Power","Leap","Melter+1","Coolheaded","Static Discharge"],"relics":["Cracked Core","Tiny Chest","Omamori","Bag of Preparation","Gremlin Horn","Pandora\u0027s Box"],"potions_floor_usage":[10,10,16],"damage_taken":[{"damage":5,"enemies":"2 Louse","floor":1,"turns":3},{"damage":0,"enemies":"Cultist","floor":2,"turns":4},{"damage":1,"enemies":"Jaw Worm","floor":4,"turns":3},{"damage":39,"enemies":"3 Sentries","floor":6,"turns":7},{"damage":16,"enemies":"Exordium Thugs","floor":10,"turns":4},{"damage":34,"enemies":"Gremlin Nob","floor":14,"turns":4},{"damage":9,"enemies":"The Guardian","floor":16,"turns":9},{"damage":10,"enemies":"Chosen","floor":18,"turns":6},{"damage":23,"enemies":"2 Thieves","floor":19,"turns":5},{"damage":79,"enemies":"Cultist and Chosen","floor":22,"turns":6}],"seed_played":"-5030158349980645392","potions_obtained":[{"floor":2,"key":"Fire Potion"},{"floor":6,"key":"AttackPotion"},{"floor":14,"key":"SteroidPotion"},{"floor":16,"key":"Weak Potion"},{"floor":19,"key":"SpeedPotion"}],"is_trial":false,"path_per_floor":["M","M","?","M","$","E","?","$","T","M","R","$","R","E","R","B",null,"M","M","$","?","M"],"character_chosen":"DEFECT","items_purchased":["Capacitor","Bag of Preparation","Static Discharge","Static Discharge"],"campfire_rested":3,"item_purchase_floors":[8,12,12,20],"current_hp_per_floor":[70,70,70,69,69,30,30,30,30,14,36,36,58,24,46,37,75,65,56,56,56,0],"gold":155,"neow_bonus":"ONE_RANDOM_RARE_CARD","is_prod":false,"is_daily":false,"chose_seed":false,"campfire_upgraded":0,"win_rate":0,"timestamp":1553921306,"path_taken":["M","M","?","?","$","E","?","?","T","?","R","?","R","E","R","BOSS","M","M","$","?","M"],"build_version":"2019-01-23","purchased_purges":1,"victory":false,"max_hp_per_floor":[75,75,75,75,75,75,75,75,75,75,75,75,75,75,75,75,75,75,75,75,75,75],"card_choices":[{"not_picked":["Hologram","Go for the Eyes"],"picked":"FTL","floor":1},{"not_picked":["Ball Lightning","Steam"],"picked":"Genetic Algorithm","floor":2},{"not_picked":["Gash","Cold Snap"],"picked":"Capacitor","floor":4},{"not_picked":["Force Field","Chaos"],"picked":"Consume","floor":6},{"not_picked":["Rebound","Sweeping Beam","Scrape"],"picked":"SKIP","floor":10},{"not_picked":["Redo","Rebound"],"picked":"BootSequence","floor":14},{"not_picked":["Fission","Hyperbeam"],"picked":"Creative AI","floor":16},{"not_picked":["Lockon","Go for the Eyes"],"picked":"Melter+1","floor":18},{"not_picked":["Streamline","Blizzard+1"],"picked":"Coolheaded","floor":19}],"player_experience":432687,"relics_obtained":[{"floor":6,"key":"Tiny Chest"},{"floor":9,"key":"Omamori"},{"floor":14,"key":"Gremlin Horn"}],"event_choices":[{"damage_healed":0,"gold_gain":0,"player_choice":"Upgraded","damage_taken":0,"max_hp_gain":0,"max_hp_loss":0,"event_name":"Upgrade Shrine","floor":3,"gold_loss":0,"cards_upgraded":["Zap"]},{"damage_healed":0,"gold_gain":175,"player_choice":"AGREE","damage_taken":0,"max_hp_gain":0,"max_hp_loss":0,"event_name":"Liars Game","floor":7,"gold_loss":0,"cards_obtained":["Doubt"]},{"damage_healed":0,"gold_gain":0,"player_choice":"Ignored","damage_taken":0,"max_hp_gain":0,"max_hp_loss":0,"event_name":"Vampires","floor":21,"gold_loss":0}],"is_beta":false,"boss_relics":[{"not_picked":["Runic Dome","Snecko Eye"],"picked":"Pandora\u0027s Box"}],"items_purged_floors":[8],"is_endless":false,"potions_floor_spawned":[2,6,14,16,19],"killed_by":"Cultist and Chosen","ascension_level":3}