{"gold_per_floor":[116,131,145,145,220,220,237,250,250,262,291,38,66,83,83,188,188,198,123,123,135,135,148,148,167,167,167,194,204,204,215,215,320,320,339,353,6,6,6,36,53,53,53,53,67,67,85,85,85,85],"floor_reached":51,"playtime":994,"items_purged":["Strike_R"],"score":701,"play_id":"8231fe10-3e46-49dc-a2d4-8f1e269787b6","local_time":"20190212210016","is_ascension_mode":false,"campfire_choices":[{"data":"Flex","floor":6,"key":"SMITH"},{"data":"Carnage","floor":10,"key":"SMITH"},{"data":"Limit Break","floor":15,"key":"SMITH"},{"data":"J.A.X.","floor":24,"key":"SMITH"},{"data":"Shockwave","floor":27,"key":"SMITH"},{"floor":32,"key":"REST"},{"floor":42,"key":"REST"},{"data":"Evolve","floor":46,"key":"SMITH"},{"data":"Spot Weakness","floor":49,"key":"SMITH"}],"neow_cost":"NONE","seed_source_timestamp":14019839218909,"circlet_count":0,"master_deck":["Strike_R+1","Strike_R+1","Strike_R+1","Defend_R+1","Defend_R+1","Defend_R+1","Defend_R+1","Bash","Flex+1","Pummel","Anger","Carnage+1","Flame Barrier","Sword Boomerang","Limit Break+1","Iron Wave","Reaper","Spot Weakness+1","Immolate","Shockwave+1","J.A.X.+1","Flex+1","Flame Barrier+1","Headbutt+1","Reaper","Burning Pact+1","Evolve+1","Shrug It Off","Heavy Blade+1"],"relics":["Burning Blood","MawBank","Omamori","Cursed Key","Torii","Paper Frog","Sozu","Molten Egg 2","Incense Burner","Darkstone Periapt"],"potions_floor_usage":[0,2,16,28,33,33],"damage_taken":[{"damage":6,"enemies":"Jaw Worm","floor":1,"turns":3},{"damage":10,"enemies":"Cultist","floor":2,"turns":4},{"damage":8,"enemies":"2 Louse","floor":3,"turns":3},{"damage":1,"enemies":"Exordium Wildlife","floor":7,"turns":3},{"damage":18,"enemies":"2 Fungi Beasts","floor":8,"turns":3},{"damage":2,"enemies":"Blue Slaver","floor":11,"turns":3},{"damage":15,"enemies":"Gremlin Nob","floor":13,"turns":4},{"damage":19,"enemies":"Lots of Slimes","floor":14,"turns":4},{"damage":41,"enemies":"The Guardian","floor":16,"turns":8},{"damage":20,"enemies":"2 Thieves","floor":18,"turns":2},{"damage":5,"enemies":"3 Byrds","floor":21,"turns":4},{"damage":12,"enemies":"3 Cultists","floor":23,"turns":5},{"damage":17,"enemies":"Snake Plant","floor":25,"turns":3},{"damage":37,"enemies":"Slavers","floor":28,"turns":5},{"damage":1,"enemies":"Snecko","floor":29,"turns":3},{"damage":16,"enemies":"Centurion and Healer","floor":31,"turns":6},{"damage":51,"enemies":"Collector","floor":33,"turns":4},{"damage":11,"enemies":"Orb Walker","floor":35,"turns":2},{"damage":10,"enemies":"3 Darklings","floor":36,"turns":3},{"damage":42,"enemies":"Reptomancer","floor":40,"turns":4},{"damage":23,"enemies":"Jaw Worm Horde","floor":41,"turns":3},{"damage":26,"enemies":"4 Shapes","floor":45,"turns":5},{"damage":16,"enemies":"Sphere and 2 Shapes","floor":47,"turns":5},{"damage":60,"enemies":"Donu and Deca","floor":50,"turns":7}],"seed_played":"-3041138788872580305","potions_obtained":[{"floor":0,"key":"Fruit Juice"},{"floor":0,"key":"SneckoOil"},{"floor":0,"key":"EntropicBrew"},{"floor":18,"key":"Block Potion"},{"floor":29,"key":"PowerPotion"}],"is_trial":false,"path_per_floor":["M","M","M","?","?","R","M","M","T","R","M","$","E","M","R","B",null,"M","?","?","M","?","M","R","M","T","R","E","M","?","M","R","B",null,"M","M","$","?","?","E","M","R","T","$","M","R","M","?","R","B",null],"character_chosen":"IRONCLAD","items_purchased":["Limit Break","Iron Wave","Evolve","Shrug It Off","Molten Egg 2"],"campfire_rested":2,"item_purchase_floors":[12,12,37,37,37],"current_hp_per_floor":[85,81,79,84,75,75,80,68,68,68,72,72,63,70,70,35,90,76,76,76,77,77,71,71,60,60,60,37,42,42,36,63,18,90,85,90,90,90,81,57,40,67,67,67,76,76,85,85,85,45],"gold":85,"neow_bonus":"THREE_SMALL_POTIONS","is_prod":false,"is_daily":false,"chose_seed":false,"campfire_upgraded":7,"win_rate":0,"timestamp":1550016016,"path_taken":["M","M","M","?","?","R","M","?","T","R","M","$","E","?","R","BOSS","M","?","?","M","?","M","R","M","T","R","E","M","?","M","R","BOSS","M","M","$","?","?","E","?","R","T","$","M","R","M","?","R","BOSS"],"build_version":"2019-01-23","purchased_purges":1,"victory":true,"max_hp_per_floor":[85,85,85,90,90,90,90,90,90,90,90,90,90,90,90,90,90,90,90,90,90,90,90,90,90,90,90,90,90,90,90,90,90,90,90,90,90,90,90,90,90,90,90,90,90,90,90,90,90,90],"card_choices":[{"not_picked":["Body Slam","Wild Strike"],"picked":"Flex","floor":1},{"not_picked":["Burning Pact","Headbutt"],"picked":"Pummel","floor":2},{"not_picked":["Body Slam","Cleave"],"picked":"Anger","floor":3},{"not_picked":["Disarm","True Grit"],"picked":"Carnage","floor":7},{"not_picked":["Rage","Flex"],"picked":"Flame Barrier","floor":8},{"not_picked":["Second Wind","Heavy Blade"],"picked":"Sword Boomerang","floor":11},{"not_picked":["Heavy Blade","Warcry"],"picked":"Reaper","floor":13},{"not_picked":["Rupture","True Grit"],"picked":"Spot Weakness","floor":14},{"not_picked":["Feed","Bludgeon"],"picked":"Immolate","floor":16},{"not_picked":["True Grit","Seeing Red"],"picked":"Shockwave","floor":18},{"not_picked":["Bloodletting","Dual Wield"],"picked":"Warcry","floor":21},{"not_picked":["Hemokinesis+1","Burning Pact","Warcry"],"picked":"SKIP","floor":23},{"not_picked":["Pommel Strike","Rupture"],"picked":"Flex+1","floor":25},{"not_picked":["Wild Strike","Spot Weakness"],"picked":"Flame Barrier+1","floor":28},{"not_picked":["Cleave","Rupture"],"picked":"Headbutt+1","floor":29},{"not_picked":["Warcry","Perfected Strike","Metallicize"],"picked":"SKIP","floor":31},{"not_picked":["Barricade","Dark Embrace"],"picked":"Reaper","floor":33},{"not_picked":["Clothesline+1","Perfected Strike"],"picked":"Burning Pact+1","floor":35},{"not_picked":["Second Wind+1","Thunderclap","Iron Wave"],"picked":"SKIP","floor":36},{"not_picked":["Havoc","Anger+1","Wild Strike+1"],"picked":"SKIP","floor":40},{"not_picked":["Armaments+1","Rage+1"],"picked":"Heavy Blade+1","floor":41},{"not_picked":["Sever Soul+1","Wild Strike+1","Blood for Blood+1"],"picked":"SKIP","floor":45},{"not_picked":["True Grit","Flex","Dropkick+1"],"picked":"SKIP","floor":47}],"player_experience":842961,"relics_obtained":[{"floor":9,"key":"MawBank"},{"floor":13,"key":"Omamori"},{"floor":26,"key":"Torii"},{"floor":28,"key":"Paper Frog"},{"floor":40,"key":"Incense Burner"},{"floor":43,"key":"Darkstone Periapt"}],"event_choices":[{"damage_healed":0,"gold_gain":0,"player_choice":"Donut","damage_taken":0,"max_hp_gain":5,"max_hp_loss":0,"event_name":"Big Fish","floor":4,"gold_loss":0},{"damage_healed":0,"gold_gain":75,"player_choice":"Touch","damage_taken":9,"max_hp_gain":0,"max_hp_loss":0,"event_name":"FaceTrader","floor":5,"gold_loss":0},{"cards_removed":["Strike_R"],"damage_healed":0,"gold_gain":0,"player_choice":"Gave Gold","damage_taken":0,"max_hp_gain":0,"max_hp_loss":0,"event_name":"Beggar","floor":19,"gold_loss":75},{"damage_healed":0,"gold_gain":0,"player_choice":"Simplicity","damage_taken":0,"max_hp_gain":0,"max_hp_loss":0,"event_name":"Back to Basics","floor":20,"gold_loss":0,"cards_upgraded":["Strike_R","Strike_R","Strike_R","Defend_R","Defend_R","Defend_R","Defend_R"]},{"damage_healed":0,"gold_gain":0,"player_choice":"Obtain J.A.X.","damage_taken":0,"max_hp_gain":0,"max_hp_loss":0,"event_name":"Drug Dealer","floor":22,"gold_loss":0,"cards_obtained":["J.A.X."]},{"damage_healed":0,"gold_gain":0,"player_choice":"Ignored","damage_taken":0,"max_hp_gain":0,"max_hp_loss":0,"event_name":"Vampires","floor":30,"gold_loss":0},{"cards_removed":["Warcry"],"damage_healed":0,"gold_gain":0,"player_choice":"Removed Skill","damage_taken":0,"max_hp_gain":0,"max_hp_loss":0,"event_name":"Falling","floor":38,"gold_loss":0},{"damage_healed":0,"gold_gain":0,"player_choice":"Damaged","damage_taken":9,"max_hp_gain":0,"max_hp_loss":0,"event_name":"Wheel of Change","floor":39,"gold_loss":0},{"damage_healed":0,"gold_gain":0,"player_choice":"Got Potions","damage_taken":0,"max_hp_gain":0,"max_hp_loss":0,"event_name":"Lab","floor":48,"gold_loss":0}],"is_beta":false,"boss_relics":[{"not_picked":["Velvet Choker","Busted Crown"],"picked":"Cursed Key"},{"not_picked":["Mark of Pain","Runic Dome"],"picked":"Sozu"}],"items_purged_floors":[12],"is_endless":false,"potions_floor_spawned":[2,3,11,13,18,21,29,35,41],"ascension_level":0}