{"gold_per_floor":[114,129,304,319,319,346,358,369,369,81,81],"floor_reached":11,"playtime":296,"items_purged":[],"score":90,"play_id":"bdd2bcf4-da15-455b-b55e-a1b3c5120c05","local_time":"20180922001003","is_ascension_mode":true,"campfire_choices":[],"neow_cost":"NONE","seed_source_timestamp":642334351895985,"circlet_count":0,"master_deck":["Strike_B","Strike_B","Strike_B","Strike_B","Defend_B","Defend_B","Defend_B","Defend_B","Zap","Dualcast","Cold Snap","Gash","Doubt","Loop","Loop","Self Repair","Redo","Redo"],"relics":["Cracked Core","Bag of Marbles","NlothsMask","Mango","Ornamental Fan"],"potions_floor_usage":[],"damage_taken":[{"damage":3,"enemies":"2 Louse","floor":1,"turns":3},{"damage":4,"enemies":"Jaw Worm","floor":2,"turns":4},{"damage":0,"enemies":"Small Slimes","floor":4,"turns":3},{"damage":44,"enemies":"Gremlin Nob","floor":6,"turns":5},{"damage":25,"enemies":"Exordium Thugs","floor":7,"turns":6},{"damage":0,"enemies":"3 Louse","floor":8,"turns":2},{"damage":17,"enemies":"Red Slaver","floor":11,"turns":3}],"seed_played":"-7800245519688835286","potions_obtained":[],"is_trial":false,"path_per_floor":["M","M","?","M","?","E","M","M","T","$"],"character_chosen":"DEFECT","items_purchased":["Ornamental Fan","Redo"],"campfire_rested":0,"item_purchase_floors":[10,10],"current_hp_per_floor":[72,68,68,68,68,38,13,13,13,13,0],"gold":81,"neow_bonus":"RANDOM_COMMON_RELIC","is_prod":false,"is_daily":false,"chose_seed":false,"campfire_upgraded":0,"win_rate":0,"timestamp":1537589403,"path_taken":["M","M","?","M","?","E","?","M","T","$","M"],"build_version":"2018-09-20","purchased_purges":0,"victory":false,"max_hp_per_floor":[75,75,75,75,75,89,89,89,89,89,89],"card_choices":[{"not_picked":["Stack","Turbo"],"picked":"Cold Snap","floor":1},{"not_picked":["Compile Driver","Leap"],"picked":"Gash","floor":2},{"not_picked":["Doom and Gloom","Lockon"],"picked":"Loop","floor":4},{"not_picked":["All For One","Skim"],"picked":"Loop","floor":6},{"not_picked":["Barrage","Defragment"],"picked":"Self Repair","floor":7},{"not_picked":["Compile Driver","Hologram"],"picked":"Redo","floor":8}],"player_experience":173795,"relics_obtained":[{"floor":6,"key":"Mango"}],"event_choices":[{"event_name":"Liars Game","player_choice":"agreed","floor":3,"damage_taken":0},{"event_name":"FaceTrader","player_choice":"Trade","floor":5,"damage_taken":0}],"is_beta":false,"boss_relics":[],"items_purged_floors":[],"is_endless":false,"potions_floor_spawned":[],"killed_by":"Red Slaver","ascension_level":4}