{"gold_per_floor":[112,112,128,143,160,192,192,211,236,236,0,11,28,89,89,191,191,204,129,54,74,49,49,74,74,74,74,84,84,95,106,106,106],"floor_reached":33,"playtime":1236,"items_purged":["Strike_B"],"score":377,"play_id":"14caca06-0ae6-434a-8cc5-f1f500d8796a","local_time":"20181109034428","is_ascension_mode":true,"campfire_choices":[{"floor":7,"key":"REST"},{"floor":10,"key":"REST"},{"floor":15,"key":"REST"},{"data":"Rainbow","floor":23,"key":"SMITH"},{"data":"Fusion","floor":25,"key":"SMITH"},{"floor":29,"key":"REST"},{"floor":32,"key":"REST"}],"neow_cost":"TEN_PERCENT_HP_LOSS","seed_source_timestamp":23494922307128,"circlet_count":0,"master_deck":["Strike_B","Defend_B","Defend_B","Zap","Dualcast","Conserve Battery","Conserve Battery","Capacitor","Loop","Darkness","Core Surge","Fusion+1","Rainbow+1","Ball Lightning","Glacier","Ball Lightning","Cold Snap+1","Stack"],"relics":["FrozenCore","Emotion Chip","Pen Nib","Juzu Bracelet","Centennial Puzzle"],"potions_floor_usage":[6,13,16,24,24,24],"damage_taken":[{"damage":2,"enemies":"Jaw Worm","floor":1,"turns":3},{"damage":5,"enemies":"Small Slimes","floor":3,"turns":3},{"damage":1,"enemies":"2 Louse","floor":4,"turns":3},{"damage":8,"enemies":"Exordium Wildlife","floor":5,"turns":6},{"damage":51,"enemies":"Gremlin Nob","floor":6,"turns":5},{"damage":4,"enemies":"Red Slaver","floor":8,"turns":3},{"damage":11,"enemies":"Looter","floor":12,"turns":2},{"damage":19,"enemies":"Lots of Slimes","floor":13,"turns":4},{"damage":31,"enemies":"Hexaghost","floor":16,"turns":8},{"damage":8,"enemies":"Spheric Guardian","floor":18,"turns":5},{"damage":5,"enemies":"Shell Parasite","floor":21,"turns":6},{"damage":3,"enemies":"Book of Stabbing","floor":24,"turns":7},{"damage":18,"enemies":"Snake Plant","floor":28,"turns":5},{"damage":21,"enemies":"Centurion and Healer","floor":30,"turns":8},{"damage":12,"enemies":"Snecko","floor":31,"turns":6},{"damage":50,"enemies":"Champ","floor":33,"turns":14}],"seed_played":"-6882020582487820373","potions_obtained":[{"floor":4,"key":"Dexterity Potion"},{"floor":6,"key":"Poison Potion"},{"floor":13,"key":"Regen Potion"},{"floor":16,"key":"Energy Potion"},{"floor":18,"key":"SkillPotion"},{"floor":21,"key":"Fire Potion"}],"is_trial":false,"path_per_floor":["M","?","M","M","M","E","R","M","T","R","$","M","M","?","R","B",null,"M","?","$","M","$","R","E","R","T","?","M","R","M","M","R","B"],"character_chosen":"DEFECT","items_purchased":["Darkness","Core Surge","Ball Lightning"],"campfire_rested":5,"item_purchase_floors":[11,11,22],"current_hp_per_floor":[66,66,61,60,52,1,21,17,17,37,37,26,7,7,27,11,54,46,46,46,41,41,41,38,38,38,38,20,40,19,7,27,0],"gold":106,"neow_bonus":"REMOVE_TWO","is_prod":false,"is_daily":false,"chose_seed":false,"campfire_upgraded":2,"win_rate":0,"timestamp":1541745868,"path_taken":["M","?","M","M","M","E","R","M","T","R","$","M","M","?","R","BOSS","M","?","$","M","$","R","E","R","T","?","M","R","M","M","R","BOSS"],"build_version":"2018-11-08","purchased_purges":1,"victory":false,"max_hp_per_floor":[68,68,68,68,68,68,68,68,68,68,68,68,68,68,68,68,68,68,68,68,68,68,68,68,68,68,68,68,68,68,68,68,68],"card_choices":[{"not_picked":["Tempest","Barrage"],"picked":"Conserve Battery","floor":1},{"not_picked":["Coolheaded","Compile Driver"],"picked":"Conserve Battery","floor":3},{"not_picked":["Turbo","Leap"],"picked":"Capacitor","floor":4},{"not_picked":["Turbo","Gash","Aggregate"],"picked":"SKIP","floor":5},{"not_picked":["Steam","Rebound"],"picked":"Loop","floor":6},{"not_picked":["Hologram","Go for the Eyes","Leap"],"picked":"SKIP","floor":8},{"not_picked":["Barrage","Compile Driver","Turbo"],"picked":"SKIP","floor":12},{"not_picked":["Conserve Battery","Rebound"],"picked":"Fusion","floor":13},{"not_picked":["Fission","Hyperbeam"],"picked":"Rainbow","floor":16},{"not_picked":["Reprogram","Beam Cell"],"picked":"Ball Lightning","floor":18},{"not_picked":["Beam Cell","Tempest"],"picked":"Glacier","floor":21},{"not_picked":["Steam","Stack"],"picked":"Cold Snap+1","floor":24},{"not_picked":["Go for the Eyes","Steam+1"],"picked":"Stack","floor":28},{"not_picked":["Cold Snap","All For One","Streamline"],"picked":"SKIP","floor":30},{"not_picked":["Sweeping Beam","Heatsinks","Streamline"],"picked":"SKIP","floor":31}],"player_experience":326445,"relics_obtained":[{"floor":6,"key":"Emotion Chip"},{"floor":9,"key":"Pen Nib"},{"floor":24,"key":"Juzu Bracelet"},{"floor":26,"key":"Centennial Puzzle"}],"event_choices":[{"cards_removed":["Defend_B"],"damage_healed":0,"gold_gain":0,"player_choice":"Forget","damage_taken":0,"max_hp_gain":0,"max_hp_loss":0,"event_name":"Living Wall","floor":2,"gold_loss":0},{"damage_healed":0,"gold_gain":61,"player_choice":"Gained Gold","damage_taken":0,"max_hp_gain":0,"max_hp_loss":0,"event_name":"Golden Wing","floor":14,"gold_loss":0},{"cards_removed":["Strike_B"],"damage_healed":0,"gold_gain":0,"player_choice":"Gave Gold","damage_taken":0,"max_hp_gain":0,"max_hp_loss":0,"event_name":"Beggar","floor":19,"gold_loss":75},{"damage_healed":0,"gold_gain":0,"player_choice":"Ignored","damage_taken":0,"max_hp_gain":0,"max_hp_loss":0,"event_name":"Vampires","floor":27,"gold_loss":0}],"is_beta":false,"boss_relics":[{"not_picked":["Pandora\u0027s Box","Astrolabe"],"picked":"FrozenCore"}],"items_purged_floors":[20],"is_endless":false,"potions_floor_spawned":[4,6,13,16,18,21],"killed_by":"Champ","ascension_level":8}