{"gold_per_floor":[112,122,139,159,178,178,204,223,301,301,301,342,342,390,390,518,518,473,473,402,402,402,402,402,402,402,402,402,402,147,147,147,147,147,147,99,99,99,69,69,69,69,69,69,0,0,0,0,0,0],"floor_reached":51,"playtime":2044,"items_purged":[],"score":1069,"play_id":"77ac1946-243f-4c05-9f82-8e7091c8d402","local_time":"20190521165528","is_ascension_mode":true,"campfire_choices":[{"data":"Feed","floor":6,"key":"SMITH"},{"floor":13,"key":"REST"},{"floor":15,"key":"REST"},{"floor":24,"key":"REST"},{"floor":32,"key":"REST"},{"data":"Corruption","floor":41,"key":"SMITH"},{"floor":49,"key":"REST"}],"neow_cost":"CURSE","seed_source_timestamp":564928161347802,"circlet_count":0,"master_deck":["Strike_R","Strike_R","Strike_R","Strike_R","Strike_R","Defend_R+1","Defend_R","Defend_R","Bash","Clumsy","Feed+1","Spot Weakness","Metallicize","Twin Strike","Inflame","Uppercut+1","Inflame","Spot Weakness","Injury","Exhume","Limit Break","Twin Strike","Pommel Strike","Corruption+1","Cleave","Thunderclap","Sword Boomerang","Exhume","Cleave","Sword Boomerang+1","Shrug It Off+1","Shrug It Off+1","Twin Strike+1","Headbutt+1","Infernal Blade+1","Limit Break"],"relics":["Black Blood","Juzu Bracelet","Matryoshka","Golden Idol","Du-Vu Doll","Orichalcum","Omamori","Ectoplasm","Ancient Tea Set","StoneCalendar","Bag of Preparation","Kunai","Pear","Bottled Tornado","Lantern","Unceasing Top","War Paint","Red Mask","Thread and Needle","Bottled Flame"],"potions_floor_usage":[12,12,12,25,27,31,39,40,42,46],"damage_taken":[{"damage":13,"enemies":"Jaw Worm","floor":1,"turns":4},{"damage":7,"enemies":"2 Louse","floor":2,"turns":3},{"damage":2,"enemies":"Cultist","floor":3,"turns":4},{"damage":7,"enemies":"Gremlin Gang","floor":4,"turns":4},{"damage":9,"enemies":"2 Fungi Beasts","floor":5,"turns":3},{"damage":31,"enemies":"Gremlin Nob","floor":7,"turns":4},{"damage":29,"enemies":"Large Slime","floor":8,"turns":6},{"damage":21,"enemies":"3 Sentries","floor":12,"turns":7},{"damage":54,"enemies":"The Guardian","floor":16,"turns":13},{"damage":16,"enemies":"2 Thieves","floor":18,"turns":4},{"damage":2,"enemies":"Chosen","floor":19,"turns":4},{"damage":23,"enemies":"3 Cultists","floor":21,"turns":4},{"damage":15,"enemies":"Snake Plant","floor":22,"turns":3},{"damage":51,"enemies":"Book of Stabbing","floor":23,"turns":5},{"damage":24,"enemies":"Slavers","floor":25,"turns":4},{"damage":20,"enemies":"Gremlin Leader","floor":27,"turns":4},{"damage":8,"enemies":"Snecko","floor":29,"turns":3},{"damage":13,"enemies":"Centurion and Healer","floor":31,"turns":5},{"damage":33,"enemies":"Champ","floor":33,"turns":6},{"damage":6,"enemies":"Orb Walker","floor":35,"turns":3},{"damage":35,"enemies":"Nemesis","floor":40,"turns":5},{"damage":22,"enemies":"Giant Head","floor":42,"turns":6},{"damage":5,"enemies":"3 Shapes","floor":44,"turns":5},{"damage":4,"enemies":"Mind Bloom Boss Battle","floor":46,"turns":5},{"damage":27,"enemies":"Sphere and 2 Shapes","floor":47,"turns":6},{"damage":21,"enemies":"Nemesis","floor":48,"turns":7},{"damage":71,"enemies":"Donu and Deca","floor":50,"turns":6}],"seed_played":"538610170063878477","potions_obtained":[{"floor":1,"key":"AttackPotion"},{"floor":2,"key":"SkillPotion"},{"floor":8,"key":"SkillPotion"},{"floor":21,"key":"SpeedPotion"},{"floor":23,"key":"Block Potion"},{"floor":25,"key":"Swift Potion"},{"floor":27,"key":"GamblersBrew"},{"floor":39,"key":"AttackPotion"},{"floor":39,"key":"Fruit Juice"},{"floor":44,"key":"Fire Potion"}],"is_trial":false,"path_per_floor":["M","M","M","M","M","R","E","M","T","?","?","E","R","T","R","B",null,"M","M","$","M","M","E","R","E","T","E","?","M","$","M","R","B",null,"M","$","?","?","?","E","R","E","T","M","?","?","M","E","R","B",null],"character_chosen":"IRONCLAD","items_purchased":["Corruption","Bottled Tornado","Shrug It Off"],"campfire_rested":5,"item_purchase_floors":[20,30,36],"current_hp_per_floor":[76,78,85,87,87,87,66,47,47,47,47,36,68,68,100,56,97,91,95,95,78,69,24,58,48,48,48,35,33,33,30,72,45,117,121,121,121,121,126,101,101,89,89,98,98,104,87,76,121,60],"gold":0,"neow_bonus":"THREE_RARE_CARDS","is_prod":false,"is_daily":false,"chose_seed":false,"campfire_upgraded":2,"win_rate":0,"timestamp":1558472128,"path_taken":["M","M","M","M","M","R","E","M","T","?","?","E","R","?","R","BOSS","M","M","$","M","M","E","R","E","T","E","?","M","?","M","R","BOSS","M","$","?","?","?","E","R","E","T","M","?","?","M","E","R","BOSS"],"build_version":"2019-01-23","purchased_purges":0,"victory":true,"max_hp_per_floor":[83,86,89,92,95,95,99,103,103,103,103,107,107,107,107,111,111,115,115,115,115,115,115,115,123,123,137,137,137,137,141,141,141,141,141,141,141,141,146,146,146,146,146,150,150,150,150,150,150,150],"card_choices":[{"not_picked":["Dark Embrace","Demon Form"],"picked":"Feed","floor":0},{"not_picked":["Pummel","Rampage"],"picked":"Spot Weakness","floor":1},{"not_picked":["Reckless Charge","Shrug It Off"],"picked":"Metallicize","floor":2},{"not_picked":["Warcry","Heavy Blade"],"picked":"Twin Strike","floor":3},{"not_picked":["Dropkick","Thunderclap"],"picked":"Inflame","floor":4},{"not_picked":["Wild Strike","Evolve"],"picked":"Uppercut","floor":5},{"not_picked":["Sword Boomerang","Anger"],"picked":"Inflame","floor":7},{"not_picked":["Disarm","Flame Barrier"],"picked":"Spot Weakness","floor":8},{"not_picked":["Flex","Wild Strike"],"picked":"Exhume","floor":12},{"not_picked":["Feed","Offering"],"picked":"Limit Break","floor":16},{"not_picked":["Sever Soul+1","Shockwave"],"picked":"Twin Strike","floor":18},{"not_picked":["True Grit","Feel No Pain"],"picked":"Pommel Strike","floor":19},{"not_picked":["Combust+1","Dropkick"],"picked":"Cleave","floor":21},{"not_picked":["Flex","Disarm"],"picked":"Thunderclap","floor":22},{"not_picked":["Feel No Pain","Fire Breathing"],"picked":"Sword Boomerang","floor":23},{"not_picked":["Armaments","True Grit"],"picked":"Exhume","floor":25},{"not_picked":["Rage","Sentinel"],"picked":"Cleave","floor":27},{"not_picked":["Anger","Rage","Spot Weakness"],"picked":"SKIP","floor":29},{"not_picked":["Iron Wave+1","Uppercut"],"picked":"Sword Boomerang+1","floor":31},{"not_picked":["Corruption+1","Anger+1"],"picked":"Shrug It Off+1","floor":35},{"not_picked":["Metallicize","Whirlwind"],"picked":"Twin Strike+1","floor":40},{"not_picked":["Perfected Strike+1","Whirlwind"],"picked":"Headbutt+1","floor":42},{"not_picked":["Iron Wave+1","Ghostly Armor+1"],"picked":"Infernal Blade+1","floor":44},{"not_picked":["Clash+1","Body Slam","Havoc+1"],"picked":"SKIP","floor":47},{"not_picked":["Iron Wave","Fiend Fire"],"picked":"Limit Break","floor":48}],"player_experience":644757,"relics_obtained":[{"floor":7,"key":"Juzu Bracelet"},{"floor":9,"key":"Matryoshka"},{"floor":12,"key":"Du-Vu Doll"},{"floor":14,"key":"Orichalcum"},{"floor":14,"key":"Omamori"},{"floor":23,"key":"Ancient Tea Set"},{"floor":25,"key":"StoneCalendar"},{"floor":26,"key":"Bag of Preparation"},{"floor":26,"key":"Kunai"},{"floor":27,"key":"Pear"},{"floor":40,"key":"Lantern"},{"floor":42,"key":"Unceasing Top"},{"floor":43,"key":"War Paint"},{"floor":46,"key":"Thread and Needle"},{"floor":48,"key":"Bottled Flame"}],"event_choices":[{"damage_healed":0,"gold_gain":0,"player_choice":"Grow","damage_taken":0,"max_hp_gain":0,"max_hp_loss":0,"event_name":"Living Wall","floor":10,"gold_loss":0,"cards_upgraded":["Uppercut"]},{"damage_healed":0,"gold_gain":0,"player_choice":"Take Wound","damage_taken":0,"relics_obtained":["Golden Idol"],"max_hp_gain":0,"max_hp_loss":0,"event_name":"Golden Idol","floor":11,"gold_loss":0,"cards_obtained":["Injury"]},{"damage_healed":0,"gold_gain":0,"player_choice":"Damaged","damage_taken":13,"max_hp_gain":0,"max_hp_loss":0,"event_name":"Wheel of Change","floor":28,"gold_loss":0},{"damage_healed":0,"gold_gain":0,"player_choice":"Ignored","damage_taken":0,"max_hp_gain":0,"max_hp_loss":0,"event_name":"The Moai Head","floor":37,"gold_loss":0},{"cards_removed":["Defend_R"],"damage_healed":0,"gold_gain":0,"player_choice":"Removed Skill","damage_taken":0,"max_hp_gain":0,"max_hp_loss":0,"event_name":"Falling","floor":38,"gold_loss":0},{"damage_healed":0,"gold_gain":0,"player_choice":"Bought 2 Potions","damage_taken":0,"max_hp_gain":0,"max_hp_loss":0,"event_name":"The Woman in Blue","floor":39,"gold_loss":0},{"damage_healed":0,"gold_gain":0,"player_choice":"Paid","damage_taken":0,"relics_obtained":["Red Mask"],"max_hp_gain":0,"max_hp_loss":0,"event_name":"Tomb of Lord Red Mask","floor":45,"gold_loss":69},{"damage_healed":0,"gold_gain":0,"player_choice":"Fight","damage_taken":0,"max_hp_gain":0,"max_hp_loss":0,"event_name":"MindBloom","floor":46,"gold_loss":0}],"is_beta":false,"boss_relics":[{"not_picked":["Lizard Tail","Coffee Dripper"],"picked":"Ectoplasm"},{"not_picked":["Mark of Pain","Runic Dome"],"picked":"Black Blood"}],"items_purged_floors":[],"is_endless":false,"potions_floor_spawned":[1,2,8,21,23,25,27,44],"ascension_level":5}