{"path_per_floor":["M","T","$","M","M","E","R","E","T","?","M","M","M","M","R","B",null,"M","?","M","M","T"],"character_chosen":"THE_SILENT","items_purchased":["Flying Knee","Flechettes","PiercingWail"],"gold_per_floor":[119,146,17,28,41,70,70,100,123,123,143,163,176,194,194,297,297,313,313,324,338,338],"floor_reached":23,"campfire_rested":2,"playtime":2331,"current_hp_per_floor":[63,63,63,63,63,51,70,37,37,23,23,10,7,7,28,8,70,68,68,39,39,39],"items_purged":[],"gold":338,"score":205,"play_id":"1357a1d8-578d-4019-8ffd-389423abd84e","is_prod":false,"is_daily":false,"is_ascension_mode":false,"campfire_upgraded":0,"path_taken":["M","?","$","M","?","E","R","E","T","?","M","?","?","M","R","BOSS","M","?","?","M","?","E"],"build_version":"2018-02-08-PROD1","purchased_purges":0,"victory":false,"master_deck":["Defend_G","Defend_G","Defend_G+1","Defend_G","Defend_G","Strike_G","Strike_G","Strike_G","Strike_G","Strike_G","Survivor","Neutralize","Flying Knee","Flying Knee","Flechettes","PiercingWail","Well Laid Plans","Die Die Die","Dodge and Roll+1","Dagger Spray","Dagger Throw","Eviscerate","Backflip","Backflip","Burst","Dodge and Roll+1","Skewer","Predator+1"],"max_hp_per_floor":[70,70,70,70,70,70,70,70,70,70,70,70,70,70,70,70,70,70,70,70,70,70],"relics":["Ring of the Snake","Happy Flower","Calipers","Darkstone Periapt","Anchor","Sozu","Sundial"],"card_choices":[{"not_picked":["Calculated Gamble","Riddle With Holes"],"picked":"Flying Knee"},{"not_picked":["Expertise","Heel Hook"],"picked":"Well Laid Plans"},{"not_picked":["Predator","Crippling Poison"],"picked":"Die Die Die"},{"not_picked":["Poisoned Stab","Deadly Poison"],"picked":"Dodge and Roll"},{"not_picked":["Dodge and Roll","Flying Knee"],"picked":"Dagger Spray"},{"not_picked":["Acrobatics","Slice"],"picked":"Dagger Throw"},{"not_picked":["Calculated Gamble","Flechettes"],"picked":"Eviscerate"},{"not_picked":["PiercingWail","Glass Knife"],"picked":"Backflip"},{"not_picked":["Escape Plan","PiercingWail"],"picked":"Backflip"},{"not_picked":["Doppelganger","Phantasmal Killer"],"picked":"Burst"},{"not_picked":["Deadly Poison","Footwork"],"picked":"Dodge and Roll"},{"not_picked":["Dodge and Roll","Slice"],"picked":"Skewer"},{"not_picked":["Slice","Bouncing Flask"],"picked":"Predator"}],"player_experience":4130,"potions_floor_usage":[14,14,16],"damage_taken":[{"damage":7,"enemies":"Blue Slaver","floor":1,"turns":5},{"damage":0,"enemies":"Cultist","floor":4,"turns":3},{"damage":0,"enemies":"Jaw Worm","floor":5,"turns":5},{"damage":12,"enemies":"3 Sentries","floor":6,"turns":7},{"damage":33,"enemies":"Lagavulin","floor":8,"turns":9},{"damage":0,"enemies":"3 Louse","floor":11,"turns":2},{"damage":13,"enemies":"Red Slaver","floor":12,"turns":4},{"damage":3,"enemies":"Gremlin Gang","floor":13,"turns":5},{"damage":0,"enemies":"Exordium Wildlife","floor":14,"turns":3},{"damage":20,"enemies":"Slime Boss","floor":16,"turns":16},{"damage":2,"enemies":"Shell Parasite","floor":18,"turns":6},{"damage":29,"enemies":"Chosen","floor":20,"turns":10},{"damage":0,"enemies":"Snake Plant","floor":21,"turns":6},{"damage":39,"enemies":"Book of Stabbing","floor":23,"turns":6}],"event_choices":[{"event_name":"Shining Light","player_choice":"Entered Light","floor":10,"damage_taken":0},{"event_name":"Beggar","player_choice":"Ignored","floor":19,"damage_taken":0}],"boss_relics":[{"not_picked":["Question Card","Lizard Tail"],"picked":"Sozu"}],"potions_floor_spawned":[1,6,13,18,21],"seed_played":"6420728546125016364","killed_by":"Book of Stabbing","ascension_level":0,"is_trial":false}