{"gold_per_floor":[110,110,185,150,150,212,230,259,259,23,23,23,41,57,57,132,132,148,166,166,81,105,105],"floor_reached":23,"playtime":1060,"items_purged":["Strike_G"],"score":444,"play_id":"30eb4776-162b-409e-9d1f-f371a77b7294","local_time":"20190623121347","is_ascension_mode":true,"campfire_choices":[{"data":"Neutralize","floor":12,"key":"SMITH"},{"data":"Noxious Fumes","floor":15,"key":"SMITH"}],"neow_cost":"NONE","seed_source_timestamp":929866369138902,"circlet_count":0,"master_deck":["AscendersBane","Defend_G","Defend_G+1","Defend_G","Defend_G","Defend_G","Strike_G","Strike_G","Strike_G","Strike_G","Survivor","Neutralize+1","Well Laid Plans+1","Caltrops","Noxious Fumes+1","Adrenaline","Heel Hook","Backstab","Sucker Punch+1","Pain"],"relics":["Ring of the Snake","NeowsBlessing","Pocketwatch","Tiny Chest","Incense Burner","Darkstone Periapt","Blood Vial","Cursed Key","MutagenicStrength","Mummified Hand","Vajra"],"potions_floor_usage":[8,16,23],"damage_taken":[{"damage":0,"enemies":"Jaw Worm","floor":1,"turns":1},{"damage":0,"enemies":"Lagavulin","floor":6,"turns":1},{"damage":0,"enemies":"2 Louse","floor":7,"turns":1},{"damage":37,"enemies":"3 Sentries","floor":8,"turns":7},{"damage":1,"enemies":"Small Slimes","floor":13,"turns":4},{"damage":1,"enemies":"Looter","floor":14,"turns":3},{"damage":26,"enemies":"Hexaghost","floor":16,"turns":9},{"damage":5,"enemies":"Chosen","floor":18,"turns":5},{"damage":9,"enemies":"3 Byrds","floor":19,"turns":4},{"damage":56,"enemies":"Gremlin Leader","floor":23,"turns":8}],"seed_played":"-1623511119189109995","potions_obtained":[{"floor":1,"key":"LiquidBronze"},{"floor":8,"key":"Dexterity Potion"},{"floor":14,"key":"AttackPotion"},{"floor":18,"key":"FairyPotion"}],"is_trial":false,"path_per_floor":["M","?","?","?","T","E","M","E","T","$","?","R","M","M","R","B",null,"M","M","?","?","T","E"],"character_chosen":"THE_SILENT","items_purchased":["Blood Vial"],"campfire_rested":0,"item_purchase_floors":[10],"current_hp_per_floor":[59,39,28,44,44,44,44,7,7,7,29,29,30,31,31,7,51,48,41,41,41,47,0],"gold":105,"neow_bonus":"THREE_ENEMY_KILL","is_prod":false,"is_daily":false,"chose_seed":false,"campfire_upgraded":2,"win_rate":0,"timestamp":1561263227,"path_taken":["M","?","?","?","?","E","?","E","T","?","?","R","M","M","R","BOSS","M","M","?","?","?","E"],"build_version":"2019-01-23","purchased_purges":1,"victory":false,"max_hp_per_floor":[66,66,66,66,66,66,66,66,66,66,66,66,66,66,66,66,66,66,66,66,66,72,72],"card_choices":[{"not_picked":["Flechettes","Acrobatics"],"picked":"Well Laid Plans","floor":1},{"not_picked":["Prepared","Quick Slash"],"picked":"Caltrops","floor":6},{"not_picked":["Flechettes","Dagger Throw"],"picked":"Noxious Fumes","floor":7},{"not_picked":["Underhanded Strike","Calculated Gamble"],"picked":"Adrenaline","floor":8},{"not_picked":["Flying Knee","Deadly Poison"],"picked":"Heel Hook","floor":13},{"not_picked":["Dodge and Roll","Deflect"],"picked":"Backstab","floor":14},{"not_picked":["Endless Agony+1","Cloak And Dagger"],"picked":"Sucker Punch+1","floor":18},{"not_picked":["Quick Slash","Outmaneuver","Dagger Throw"],"picked":"SKIP","floor":19}],"player_experience":1000783,"relics_obtained":[{"floor":5,"key":"Pocketwatch"},{"floor":6,"key":"Tiny Chest"},{"floor":8,"key":"Incense Burner"},{"floor":9,"key":"Darkstone Periapt"},{"floor":22,"key":"Vajra"}],"event_choices":[{"damage_healed":0,"gold_gain":0,"player_choice":"Entered Light","damage_taken":20,"max_hp_gain":0,"max_hp_loss":0,"event_name":"Shining Light","floor":2,"gold_loss":0,"cards_upgraded":["Well Laid Plans","Defend_G"]},{"damage_healed":0,"gold_gain":75,"player_choice":"Gather Gold","damage_taken":11,"max_hp_gain":0,"max_hp_loss":0,"event_name":"World of Goop","floor":3,"gold_loss":0},{"damage_healed":16,"gold_gain":0,"player_choice":"Healed","damage_taken":0,"max_hp_gain":0,"max_hp_loss":0,"event_name":"The Cleric","floor":4,"gold_loss":35},{"damage_healed":22,"gold_gain":0,"player_choice":"Banana","damage_taken":0,"max_hp_gain":0,"max_hp_loss":0,"event_name":"Big Fish","floor":11,"gold_loss":0},{"damage_healed":0,"gold_gain":0,"player_choice":"Inject Mutagens","damage_taken":0,"relics_obtained":["MutagenicStrength"],"max_hp_gain":0,"max_hp_loss":0,"event_name":"Drug Dealer","floor":20,"gold_loss":0},{"damage_healed":0,"gold_gain":0,"player_choice":"Obtained Relic","damage_taken":0,"relics_obtained":["Mummified Hand"],"max_hp_gain":0,"max_hp_loss":0,"event_name":"Addict","floor":21,"gold_loss":85}],"is_beta":false,"boss_relics":[{"not_picked":["Lizard Tail","Fusion Hammer"],"picked":"Cursed Key"}],"items_purged_floors":[10],"is_endless":false,"potions_floor_spawned":[1,8,14,18],"killed_by":"Gremlin Leader","ascension_level":20}