{"gold_per_floor":[119,139,139,169,186,204,379,379,379,396,406,406,426,440,440,541,541,648,456,470,480,480,511,511,572,572,547,597,612,679,693,693,793,843,863,823,17,31,57,57],"floor_reached":40,"playtime":1638,"items_purged":["Strike_B"],"score":604,"play_id":"7104bc3b-f4f9-4a98-bb50-b9c8e395c7ba","local_time":"20190130173440","is_ascension_mode":false,"campfire_choices":[{"floor":8,"key":"REST"},{"floor":15,"key":"REST"},{"floor":24,"key":"REST"},{"data":"White Noise","floor":32,"key":"SMITH"}],"neow_cost":"","seed_source_timestamp":2178316631532819,"circlet_count":0,"master_deck":["Strike_B","Strike_B+1","Strike_B","Defend_B","Defend_B","Defend_B","Zap","Dualcast","Streamline+1","Leap","Chaos+1","Gash","Cold Snap","Creative AI","Electrodynamics","BootSequence","Multi-Cast","Static Discharge","ReplayTheSpireMod:Calculation Training","Melter+1","Turbo","Ball Lightning","Barrage+1","Self Repair","Self Repair","Cold Snap+1","Streamline","Self Repair+1","Conserve Battery+1","FTL","Conserve Battery","White Noise+1","Mirror Shield","Defragment+1","Double Energy+1","Madness","Biased Cognition+1","Rip and Tear","Chrysalis","Gash","Leap+1"],"relics":["Cracked Core","Geode","Tiny Chest","infinitespire:EmpoweringShard","Blue Doll","Replay_Grab Bag","Sozu","Orrery","Lantern","SsserpentHead","Frozen Egg 2","Meat on the Bone","Tiny House","Symbiotic Virus","Centennial Puzzle"],"potions_floor_usage":[10,23],"damage_taken":[{"damage":0,"enemies":"2 Louse","floor":1,"turns":2},{"damage":6,"enemies":"Jaw Worm","floor":2,"turns":2},{"damage":10,"enemies":"Small Slimes","floor":5,"turns":2},{"damage":13,"enemies":"Red Slaver","floor":6,"turns":3},{"damage":9,"enemies":"Exordium Wildlife","floor":10,"turns":3},{"damage":1,"enemies":"2 Fungi Beasts","floor":11,"turns":3},{"damage":4,"enemies":"3 Louse","floor":13,"turns":4},{"damage":15,"enemies":"Exordium Wildlife","floor":14,"turns":3},{"damage":9,"enemies":"Slime Boss","floor":16,"turns":8},{"damage":0,"enemies":"Spheric Guardian","floor":18,"turns":2},{"damage":2,"enemies":"Shell Parasite","floor":20,"turns":3},{"damage":40,"enemies":"Snecko","floor":21,"turns":5},{"damage":46,"enemies":"Slavers","floor":23,"turns":4},{"damage":16,"enemies":"Snake Plant","floor":25,"turns":3},{"damage":7,"enemies":"Centurion and Healer","floor":29,"turns":6},{"damage":7,"enemies":"Cultist and Chosen","floor":30,"turns":4},{"damage":27,"enemies":"Snake Plant","floor":31,"turns":4},{"damage":50,"enemies":"Automaton","floor":33,"turns":9},{"damage":29,"enemies":"3 Darklings","floor":35,"turns":6},{"damage":13,"enemies":"Orb Walker","floor":38,"turns":2},{"damage":65,"enemies":"Maw","floor":40,"turns":7}],"seed_played":"-2990957714614033983","potions_obtained":[{"floor":2,"key":"Strength Potion"},{"floor":6,"key":"Weak Potion"}],"is_trial":false,"path_per_floor":["M","M","?","?","M","M","?","R","T","M","M","?","M","M","R","B",null,"M","$","M","M","?","E","R","M","T","?","?","M","M","M","R","B",null,"M","?","$","M","$","M"],"character_chosen":"DEFECT","items_purchased":["Streamline","Geode","Self Repair","Lantern","Symbiotic Virus","Madness","Biased Cognition+1","Rip and Tear","Centennial Puzzle","Chrysalis","Leap+1"],"campfire_rested":3,"item_purchase_floors":[0,0,19,19,37,37,37,37,37,37,39],"current_hp_per_floor":[75,69,54,54,44,31,31,53,53,44,43,43,39,24,46,37,75,75,75,75,49,49,10,32,16,16,16,41,70,75,55,55,41,80,75,75,75,62,62,0],"gold":57,"neow_bonus":"","is_prod":false,"is_daily":false,"chose_seed":false,"campfire_upgraded":1,"win_rate":0,"timestamp":1548887680,"path_taken":["M","M","?","?","M","M","?","R","T","M","M","?","?","M","R","BOSS","M","$","M","M","?","E","R","?","T","?","?","M","?","M","R","BOSS","M","?","$","M","?","M"],"build_version":"2019-01-23","purchased_purges":1,"victory":false,"max_hp_per_floor":[75,75,75,75,75,75,75,75,75,75,75,75,75,75,75,75,75,75,75,75,75,75,75,75,75,75,75,75,75,75,75,75,75,80,80,80,80,80,80,80],"card_choices":[{"not_picked":["Cold Snap","Compile Driver"],"picked":"Leap","floor":1},{"not_picked":["ReplayTheSpireMod:Reroute Power","Leap"],"picked":"Chaos","floor":2},{"not_picked":["Storm","Barrage"],"picked":"Gash","floor":5},{"not_picked":["Chill","Stack"],"picked":"Cold Snap","floor":6},{"not_picked":["Rebound","Cold Snap"],"picked":"Creative AI","floor":10},{"not_picked":["Hologram","BasicCrystalCard"],"picked":"Beam Cell","floor":11},{"not_picked":["Cold Snap","Leap"],"picked":"Electrodynamics","floor":13},{"not_picked":["Doom and Gloom","Hologram"],"picked":"BootSequence","floor":14},{"not_picked":["Fission","Meteor Strike"],"picked":"Multi-Cast","floor":16},{"not_picked":["Turbo","Force Field"],"picked":"Static Discharge","floor":17},{"not_picked":["Streamline","Blizzard"],"picked":"ReplayTheSpireMod:Calculation Training","floor":17},{"not_picked":["Hologram","ReplayTheSpireMod:Repulse"],"picked":"Melter","floor":17},{"not_picked":["Tempest","Hologram"],"picked":"Turbo","floor":17},{"not_picked":["Reboot","Hologram"],"picked":"Ball Lightning","floor":17},{"not_picked":["Skim","FTL"],"picked":"Barrage+1","floor":18},{"not_picked":["Gash","Beam Cell+1"],"picked":"Cold Snap+1","floor":20},{"not_picked":["Leap","Rebound"],"picked":"Streamline","floor":21},{"not_picked":["ReplayTheSpireMod:Reroute Power+1","Leap+1"],"picked":"Self Repair+1","floor":23},{"not_picked":["Cold Snap","ReplayTheSpireMod:System Scan"],"picked":"Conserve Battery+1","floor":25},{"not_picked":["Hologram","Beam Cell+1"],"picked":"FTL","floor":29},{"not_picked":["Leap+1","Compile Driver"],"picked":"Conserve Battery","floor":30},{"not_picked":["Go for the Eyes+1","ReplayTheSpireMod:Calculation Training"],"picked":"White Noise","floor":31},{"not_picked":["Hyperbeam","Biased Cognition+1"],"picked":"Mirror Shield","floor":33},{"not_picked":["Beam Cell+1","Steam Power+1"],"picked":"Defragment+1","floor":34},{"not_picked":["BasicCrystalCard","Panic Button+1"],"picked":"Double Energy+1","floor":35},{"not_picked":["Go for the Eyes+1","Leap"],"picked":"Gash","floor":38}],"player_experience":388919,"relics_obtained":[{"floor":4,"key":"Tiny Chest"},{"floor":9,"key":"infinitespire:EmpoweringShard"},{"floor":23,"key":"Frozen Egg 2"},{"floor":26,"key":"Meat on the Bone"}],"event_choices":[{"damage_healed":0,"gold_gain":0,"player_choice":"Entered Light","damage_taken":15,"max_hp_gain":0,"max_hp_loss":0,"event_name":"Shining Light","floor":3,"gold_loss":0,"cards_upgraded":["Chaos","Strike_B"]},{"damage_healed":0,"gold_gain":175,"player_choice":"AGREE","damage_taken":0,"max_hp_gain":0,"max_hp_loss":0,"event_name":"Liars Game","floor":7,"gold_loss":0,"cards_obtained":["Doubt"]},{"cards_removed":["Doubt"],"damage_healed":0,"gold_gain":0,"player_choice":"Purged","damage_taken":0,"max_hp_gain":0,"max_hp_loss":0,"event_name":"Purifier","floor":12,"gold_loss":0},{"damage_healed":0,"gold_gain":0,"player_choice":"Trade","damage_taken":0,"relics_obtained":["SsserpentHead"],"max_hp_gain":0,"max_hp_loss":0,"event_name":"FaceTrader","floor":22,"gold_loss":0},{"cards_removed":["Beam Cell"],"damage_healed":0,"gold_gain":0,"player_choice":"Gave Gold","damage_taken":0,"max_hp_gain":0,"max_hp_loss":0,"event_name":"Beggar","floor":27,"gold_loss":75},{"damage_healed":25,"gold_gain":0,"player_choice":"Heal","damage_taken":0,"max_hp_gain":0,"max_hp_loss":0,"event_name":"The Library","floor":28,"gold_loss":0},{"cards_removed":["Defend_B"],"damage_healed":0,"gold_gain":0,"player_choice":"Upgrade and Remove","damage_taken":0,"max_hp_gain":0,"max_hp_loss":0,"event_name":"Designer","floor":36,"gold_loss":90,"cards_upgraded":["Streamline"]}],"is_beta":false,"boss_relics":[{"not_picked":["Ectoplasm","ReplayTheSpireMod:SealedPack"],"picked":"Replay_Grab Bag"},{"not_picked":["ReplayTheSpireMod:Onyx Gauntlets","Painkiller Herb"],"picked":"Sozu"},{"not_picked":["Black Star","Snecko Eye"],"picked":"Orrery"},{"not_picked":["Replay:Drink Me","White Beast Statue"],"picked":"Tiny House"}],"items_purged_floors":[37],"is_endless":false,"potions_floor_spawned":[2,6,20,23,33,35],"killed_by":"Maw","ascension_level":0}