{"gold_per_floor":[218,3,3,22,40,40,84,97,97,111,132,172,172,74,74,199,199,220,319,232,232,194,194,194],"floor_reached":24,"playtime":1162,"items_purged":[],"score":255,"play_id":"e252687c-9e22-4f39-83e2-babca2ed3521","local_time":"20181101012841","is_ascension_mode":true,"campfire_choices":[{"data":"Rainbow","floor":6,"key":"SMITH"},{"data":"Defragment","floor":13,"key":"SMITH"},{"floor":15,"key":"REST"},{"data":"Defragment","floor":23,"key":"SMITH"}],"neow_cost":"NONE","seed_source_timestamp":2631331778491,"circlet_count":0,"master_deck":["Strike_B","Strike_B","Strike_B","Strike_B","Defend_B","Defend_B","Defend_B","Defend_B","Zap","Dualcast","Auto Shields","Rainbow+1","Defragment+1","Leap","Cold Snap","Cold Snap","Conserve Battery","Hologram","Compile Driver","Stack","Multi-Cast","Coolheaded+1","Defragment+1","Coolheaded","Chaos"],"relics":["FrozenCore","Golden Idol","Bottled Lightning","Bottled Flame","Darkstone Periapt","Dodecahedron"],"potions_floor_usage":[16],"damage_taken":[{"damage":7,"enemies":"Small Slimes","floor":1,"turns":3},{"damage":0,"enemies":"2 Louse","floor":4,"turns":2},{"damage":1,"enemies":"Cultist","floor":5,"turns":4},{"damage":9,"enemies":"Lagavulin","floor":7,"turns":7},{"damage":10,"enemies":"Large Slime","floor":8,"turns":4},{"damage":5,"enemies":"Exordium Wildlife","floor":10,"turns":5},{"damage":0,"enemies":"2 Fungi Beasts","floor":11,"turns":3},{"damage":26,"enemies":"Gremlin Nob","floor":12,"turns":6},{"damage":15,"enemies":"Slime Boss","floor":16,"turns":15},{"damage":5,"enemies":"Shell Parasite","floor":18,"turns":6},{"damage":62,"enemies":"Gremlin Leader","floor":24,"turns":6}],"seed_played":"-5851358326868119277","potions_obtained":[{"floor":1,"key":"FearPotion"},{"floor":5,"key":"Strength Potion"},{"floor":7,"key":"EssenceOfSteel"},{"floor":18,"key":"Strength Potion"}],"is_trial":false,"path_per_floor":["M","$","?","M","M","R","E","M","T","M","M","E","R","$","R","B",null,"M","?","$","?","$","R"],"character_chosen":"DEFECT","items_purchased":["Rainbow","Defragment","Compile Driver","Stack","Defragment","Coolheaded","Chaos"],"campfire_rested":1,"item_purchase_floors":[2,2,14,14,20,20,22],"current_hp_per_floor":[68,68,68,68,67,67,58,48,48,43,43,17,17,17,37,22,57,52,52,52,52,52,52,0],"gold":194,"neow_bonus":"HUNDRED_GOLD","is_prod":false,"is_daily":false,"chose_seed":false,"campfire_upgraded":3,"win_rate":0,"timestamp":1541046521,"path_taken":["M","$","?","M","M","R","E","?","T","M","M","E","R","$","R","BOSS","M","?","$","?","?","R","E"],"build_version":"2018-10-25v2","purchased_purges":0,"victory":false,"max_hp_per_floor":[75,75,69,69,69,69,69,69,69,69,69,69,69,69,69,69,69,69,69,69,69,69,69,69],"card_choices":[{"not_picked":["Force Field","Compile Driver"],"picked":"Auto Shields","floor":1},{"not_picked":["Static Discharge","Doom and Gloom"],"picked":"Leap","floor":4},{"not_picked":["Streamline","Redo"],"picked":"Cold Snap","floor":5},{"not_picked":["Biased Cognition","Hello World"],"picked":"Cold Snap","floor":7},{"not_picked":["Beam Cell","Barrage"],"picked":"Conserve Battery","floor":8},{"not_picked":["Gash","Lockon","Barrage"],"picked":"SKIP","floor":10},{"not_picked":["Beam Cell","Steam","Reprogram"],"picked":"SKIP","floor":11},{"not_picked":["Amplify","Cold Snap"],"picked":"Hologram","floor":12},{"not_picked":["Thunder Strike","Hyperbeam"],"picked":"Multi-Cast","floor":16},{"not_picked":["Leap+1","Barrage"],"picked":"Coolheaded+1","floor":18}],"player_experience":221453,"relics_obtained":[{"floor":7,"key":"Bottled Lightning"},{"floor":9,"key":"Bottled Flame"},{"floor":12,"key":"Darkstone Periapt"}],"event_choices":[{"damage_healed":0,"gold_gain":0,"player_choice":"Lose Max HP","damage_taken":0,"relics_obtained":["Golden Idol"],"max_hp_gain":0,"max_hp_loss":6,"event_name":"Golden Idol","floor":3,"gold_loss":0},{"damage_healed":0,"gold_gain":99,"player_choice":"Stole From Cult","damage_taken":0,"max_hp_gain":0,"max_hp_loss":0,"event_name":"Nest","floor":19,"gold_loss":0},{"damage_healed":0,"gold_gain":0,"player_choice":"Gave Potion","damage_taken":0,"relics_obtained":["Dodecahedron"],"max_hp_gain":0,"max_hp_loss":0,"event_name":"WeMeetAgain","floor":21,"gold_loss":0}],"is_beta":false,"boss_relics":[{"not_picked":["Ectoplasm","Runic Pyramid"],"picked":"FrozenCore"}],"items_purged_floors":[],"is_endless":false,"potions_floor_spawned":[1,5,7,18],"killed_by":"Gremlin Leader","ascension_level":5}