{"gold_per_floor":[17,31,51,51,120,154,154,187,187,206,217,217,217,235,235,334,334,347,358,61,75,75,75,100,100,175,204,204,214,214,10,10,107,107,123,142,142,2,0,0,32,50,50,150,150,178,178,196,196,196],"floor_reached":51,"playtime":4086,"items_purged":["Shame"],"score":864,"play_id":"0084b40b-7bbb-4358-becb-c94027916279","local_time":"20190620020043","is_ascension_mode":true,"campfire_choices":[{"floor":7,"key":"REST"},{"floor":13,"key":"REST"},{"floor":15,"key":"REST"},{"floor":23,"key":"REST"},{"floor":25,"key":"REST"},{"floor":28,"key":"REST"},{"floor":32,"key":"REST"},{"floor":40,"key":"REST"},{"floor":47,"key":"REST"},{"floor":49,"key":"REST"}],"neow_cost":"NO_GOLD","seed_source_timestamp":167699635941000,"circlet_count":0,"master_deck":["Strike_R","Strike_R","Strike_R","Strike_R","Defend_R","Defend_R+1","Defend_R","Defend_R","Bash+1","Deep Breath+1","Cleave+1","Juggernaut","Heavy Blade","Infernal Blade","Demon Form+1","Limit Break","Battle Trance+1","Ghostly Armor","Shrug It Off","Power Through","Necronomicurse","Spot Weakness+1","Barricade+1","Offering+1","Apotheosis+1","Twin Strike+1","True Grit+1","Carnage","Dropkick+1"],"relics":["Burning Blood","Letter Opener","WingedGreaves","Bottled Flame","Velvet Choker","Mummified Hand","Necronomicon","Anchor","Frozen Egg 2","Strawberry","War Paint","Membership Card","Astrolabe","Juzu Bracelet","Red Mask","Ancient Tea Set","Gremlin Horn","Darkstone Periapt"],"potions_floor_usage":[6,11,16,21,27,33,33,41,50,50],"damage_taken":[{"damage":3,"enemies":"Jaw Worm","floor":1,"turns":5},{"damage":0,"enemies":"2 Louse","floor":2,"turns":3},{"damage":1,"enemies":"Cultist","floor":3,"turns":4},{"damage":51,"enemies":"Lagavulin","floor":6,"turns":9},{"damage":39,"enemies":"Gremlin Nob","floor":8,"turns":5},{"damage":0,"enemies":"Large Slime","floor":10,"turns":5},{"damage":0,"enemies":"3 Louse","floor":11,"turns":1},{"damage":4,"enemies":"Exordium Thugs","floor":14,"turns":4},{"damage":52,"enemies":"Hexaghost","floor":16,"turns":8},{"damage":31,"enemies":"2 Thieves","floor":18,"turns":4},{"damage":12,"enemies":"Shell Parasite","floor":19,"turns":4},{"damage":19,"enemies":"Centurion and Healer","floor":21,"turns":5},{"damage":22,"enemies":"Gremlin Leader","floor":24,"turns":6},{"damage":29,"enemies":"Book of Stabbing","floor":27,"turns":6},{"damage":22,"enemies":"Snecko","floor":29,"turns":5},{"damage":27,"enemies":"Champ","floor":33,"turns":8},{"damage":54,"enemies":"3 Darklings","floor":35,"turns":5},{"damage":0,"enemies":"3 Shapes","floor":36,"turns":3},{"damage":10,"enemies":"Nemesis","floor":41,"turns":11},{"damage":6,"enemies":"Maw","floor":42,"turns":6},{"damage":27,"enemies":"Giant Head","floor":46,"turns":8},{"damage":8,"enemies":"Sphere and 2 Shapes","floor":48,"turns":4},{"damage":65,"enemies":"Time Eater","floor":50,"turns":7}],"seed_played":"-2712542458599452015","potions_obtained":[{"floor":3,"key":"Strength Potion"},{"floor":8,"key":"Explosive Potion"},{"floor":10,"key":"AttackPotion"},{"floor":16,"key":"FearPotion"},{"floor":18,"key":"Weak Potion"},{"floor":24,"key":"SkillPotion"},{"floor":29,"key":"Regen Potion"},{"floor":36,"key":"Fire Potion"},{"floor":48,"key":"Poison Potion"}],"is_trial":false,"path_per_floor":["M","M","M","?","?","E","R","E","T","M","M","?","R","M","R","B",null,"M","M","$","M","?","R","E","R","T","E","R","M","?","$","R","B",null,"M","M","?","$","?","R","E","M","T","?","?","E","R","M","R","B",null],"character_chosen":"IRONCLAD","items_purchased":["Mummified Hand","Shrug It Off","Membership Card","Juzu Bracelet","Weak Potion"],"campfire_rested":10,"item_purchase_floors":[20,20,31,38,38],"current_hp_per_floor":[80,80,80,64,64,19,43,10,10,16,22,22,46,48,72,26,80,55,49,49,36,20,44,28,52,52,36,62,46,46,46,72,66,87,39,45,45,45,45,71,67,67,67,67,67,46,72,70,87,28],"gold":196,"neow_bonus":"RANDOM_COLORLESS_2","is_prod":false,"is_daily":false,"chose_seed":false,"campfire_upgraded":0,"win_rate":0,"timestamp":1560960043,"path_taken":["M","M","M","?","?","E","R","E","T","M","M","?","R","M","R","BOSS","M","?","$","M","?","R","E","R","T","E","R","M","?","$","R","BOSS","M","M","?","?","?","R","E","M","T","?","?","E","R","M","R","BOSS"],"build_version":"2019-01-23","purchased_purges":1,"victory":true,"max_hp_per_floor":[80,80,80,80,80,80,80,80,80,80,80,80,80,80,80,80,80,80,80,80,80,80,80,80,80,80,87,87,87,87,87,87,87,87,87,87,87,87,87,87,87,87,87,87,87,87,87,87,87,87],"card_choices":[{"not_picked":["Havoc","Warcry","Metallicize"],"picked":"SKIP","floor":1},{"not_picked":["Clothesline","Power Through","Thunderclap"],"picked":"SKIP","floor":2},{"not_picked":["Wild Strike","Pummel"],"picked":"Cleave","floor":3},{"not_picked":["True Grit","Headbutt"],"picked":"Juggernaut","floor":6},{"not_picked":["Entrench","Pommel Strike"],"picked":"Clash","floor":8},{"not_picked":["Wild Strike","Reckless Charge"],"picked":"Heavy Blade","floor":10},{"not_picked":["Heavy Blade","Sever Soul"],"picked":"Infernal Blade","floor":11},{"not_picked":["Wild Strike","Body Slam"],"picked":"Demon Form","floor":14},{"not_picked":["Juggernaut","Impervious"],"picked":"Limit Break","floor":16},{"not_picked":["True Grit+1","Havoc+1"],"picked":"Battle Trance","floor":18},{"not_picked":["Perfected Strike","Clothesline"],"picked":"Ghostly Armor","floor":19},{"not_picked":["Clothesline","Thunderclap"],"picked":"Power Through","floor":21},{"not_picked":["Havoc","Clash","Dark Embrace"],"picked":"SKIP","floor":24},{"not_picked":["Heavy Blade","Combust+1","Clothesline"],"picked":"SKIP","floor":27},{"not_picked":["Combust+1","Pommel Strike"],"picked":"Spot Weakness+1","floor":29},{"not_picked":["Limit Break","Juggernaut+1"],"picked":"Barricade+1","floor":33},{"not_picked":["Twin Strike","Wild Strike+1","Heavy Blade"],"picked":"SKIP","floor":35},{"not_picked":["Clash","Searing Blow+1"],"picked":"Twin Strike+1","floor":36},{"not_picked":["Anger+1","Flex","Wild Strike"],"picked":"SKIP","floor":41},{"not_picked":["Clash+1","Flex"],"picked":"True Grit+1","floor":42},{"not_picked":["Inflame+1","Iron Wave+1"],"picked":"Carnage","floor":46},{"not_picked":["Rage+1","Havoc"],"picked":"Dropkick+1","floor":48}],"player_experience":95877,"relics_obtained":[{"floor":6,"key":"Letter Opener"},{"floor":8,"key":"WingedGreaves"},{"floor":9,"key":"Bottled Flame"},{"floor":22,"key":"Necronomicon"},{"floor":24,"key":"Anchor"},{"floor":26,"key":"Frozen Egg 2"},{"floor":27,"key":"Strawberry"},{"floor":41,"key":"Ancient Tea Set"},{"floor":43,"key":"Gremlin Horn"},{"floor":46,"key":"Darkstone Periapt"}],"event_choices":[{"damage_healed":0,"gold_gain":0,"player_choice":"Entered Light","damage_taken":16,"max_hp_gain":0,"max_hp_loss":0,"event_name":"Shining Light","floor":4,"gold_loss":0,"cards_upgraded":["Bash","Defend_R"]},{"damage_healed":0,"gold_gain":69,"player_choice":"Gained Gold","damage_taken":0,"max_hp_gain":0,"max_hp_loss":0,"event_name":"Golden Wing","floor":5,"gold_loss":0},{"damage_healed":0,"gold_gain":0,"player_choice":"Upgraded","damage_taken":0,"max_hp_gain":0,"max_hp_loss":0,"event_name":"Upgrade Shrine","floor":12,"gold_loss":0,"cards_upgraded":["Cleave"]},{"damage_healed":0,"gold_gain":0,"player_choice":"Obtained Book","damage_taken":16,"max_hp_gain":0,"max_hp_loss":0,"event_name":"Cursed Tome","floor":22,"gold_loss":0},{"damage_healed":0,"gold_gain":0,"player_choice":"Opened","damage_taken":0,"relics_obtained":["War Paint"],"max_hp_gain":0,"max_hp_loss":0,"event_name":"The Mausoleum","floor":30,"gold_loss":0,"cards_obtained":["Writhe"]},{"damage_healed":0,"gold_gain":0,"player_choice":"Upgraded","damage_taken":0,"max_hp_gain":0,"max_hp_loss":0,"event_name":"Upgrade Shrine","floor":37,"gold_loss":0,"cards_upgraded":["Demon Form"]},{"damage_healed":0,"gold_gain":0,"player_choice":"Paid","damage_taken":0,"relics_obtained":["Red Mask"],"max_hp_gain":0,"max_hp_loss":0,"event_name":"Tomb of Lord Red Mask","floor":39,"gold_loss":2},{"damage_healed":0,"gold_gain":100,"player_choice":"Pray","damage_taken":0,"max_hp_gain":0,"max_hp_loss":0,"event_name":"Golden Shrine","floor":44,"gold_loss":0},{"cards_removed":["Strike_R"],"damage_healed":0,"gold_gain":0,"player_choice":"Removed Attack","damage_taken":0,"max_hp_gain":0,"max_hp_loss":0,"event_name":"Falling","floor":45,"gold_loss":0}],"is_beta":false,"boss_relics":[{"not_picked":["Fusion Hammer","Cursed Key"],"picked":"Velvet Choker"},{"not_picked":["Busted Crown","Coffee Dripper"],"picked":"Astrolabe"}],"items_purged_floors":[38],"is_endless":false,"potions_floor_spawned":[3,8,10,16,18,24,29,36,48],"ascension_level":1}