{"gold_per_floor":[115,133,146,146,146,185,185,201,201,201,220,220,234,270,270,394,394,415,17,17,33,48,48,91,91,143,186,198,223,235,372,384,396],"floor_reached":33,"playtime":2158,"items_purged":["Injury"],"score":428,"play_id":"f2843aa9-8b72-4d43-b230-a33a374a9226","local_time":"20190122202953","is_ascension_mode":true,"campfire_choices":[{"data":"Predator","floor":7,"key":"SMITH"},{"floor":12,"key":"REST"},{"floor":15,"key":"REST"},{"floor":23,"key":"REST"},{"data":"Noxious Fumes","floor":25,"key":"SMITH"},{"floor":30,"key":"REST"},{"floor":32,"key":"REST"}],"neow_cost":"NONE","seed_source_timestamp":1182301882688294,"circlet_count":0,"master_deck":["Defend_G","Defend_G","Defend_G","Defend_G","Defend_G","Strike_G","Strike_G","Survivor","Neutralize+1","Dagger Throw","Deadly Poison","Predator+1","Blade Dance","Backstab","Backflip","Caltrops","Cloak And Dagger","Terror+1","Cloak And Dagger+1","Acrobatics","Well Laid Plans","Noxious Fumes+1","Dash+1","Backflip+1","Dagger Spray+1","Blade Dance+1","Dagger Spray+1","Predator+1","Noxious Fumes"],"relics":["Ring of the Snake","Golden Idol","Ginger","Prayer Wheel","Gremlin Horn","Mercury Hourglass","Astrolabe","Molten Egg 2","Ornamental Fan","MawBank","Bottled Flame","Pantograph","Du-Vu Doll"],"potions_floor_usage":[6,6,14,16,16,24,27,31,33],"damage_taken":[{"damage":10,"enemies":"Small Slimes","floor":1,"turns":6},{"damage":6,"enemies":"Jaw Worm","floor":2,"turns":6},{"damage":0,"enemies":"2 Louse","floor":3,"turns":2},{"damage":23,"enemies":"3 Sentries","floor":6,"turns":10},{"damage":5,"enemies":"Gremlin Gang","floor":8,"turns":4},{"damage":0,"enemies":"2 Fungi Beasts","floor":11,"turns":2},{"damage":0,"enemies":"3 Louse","floor":13,"turns":3},{"damage":7,"enemies":"Gremlin Nob","floor":14,"turns":3},{"damage":40,"enemies":"Hexaghost","floor":16,"turns":10},{"damage":9,"enemies":"Shell Parasite","floor":18,"turns":5},{"damage":7,"enemies":"Chosen","floor":21,"turns":5},{"damage":16,"enemies":"Centurion and Healer","floor":22,"turns":7},{"damage":17,"enemies":"Book of Stabbing","floor":24,"turns":5},{"damage":14,"enemies":"Gremlin Leader","floor":27,"turns":5},{"damage":5,"enemies":"3 Cultists","floor":29,"turns":4},{"damage":8,"enemies":"Colosseum Slavers","floor":31,"turns":3},{"damage":9,"enemies":"Colosseum Nobs","floor":31,"turns":4},{"damage":93,"enemies":"Champ","floor":33,"turns":11}],"seed_played":"587019005909186541","potions_obtained":[{"floor":0,"key":"Ancient Potion"},{"floor":0,"key":"Fire Potion"},{"floor":0,"key":"SkillPotion"},{"floor":1,"key":"Regen Potion"},{"floor":13,"key":"PowerPotion"},{"floor":14,"key":"Dexterity Potion"},{"floor":22,"key":"PowerPotion"},{"floor":24,"key":"AttackPotion"},{"floor":27,"key":"Ancient Potion"},{"floor":31,"key":"AttackPotion"}],"is_trial":false,"path_per_floor":["M","M","M","?","?","E","R","M","T","?","M","R","M","E","R","B",null,"M","$","?","M","M","R","E","R","T","E","$","M","R","?","R","B"],"character_chosen":"THE_SILENT","items_purchased":["Molten Egg 2","Noxious Fumes"],"campfire_rested":5,"item_purchase_floors":[19,19],"current_hp_per_floor":[53,47,47,47,47,39,39,34,34,22,22,43,43,36,57,17,57,48,48,70,63,47,68,51,51,51,37,37,32,53,36,57,0],"gold":396,"neow_bonus":"THREE_SMALL_POTIONS","is_prod":false,"is_daily":false,"chose_seed":false,"campfire_upgraded":2,"win_rate":0,"timestamp":1548206993,"path_taken":["M","M","M","?","?","E","R","M","T","?","M","R","?","E","R","BOSS","M","$","?","?","M","R","E","R","T","E","$","M","R","?","R","BOSS"],"build_version":"2019-01-17v2","purchased_purges":1,"victory":false,"max_hp_per_floor":[70,70,70,70,70,70,70,70,70,70,70,70,70,70,70,70,70,70,70,70,70,70,70,70,70,70,70,70,70,70,70,70,70],"card_choices":[{"not_picked":["Quick Slash","Catalyst"],"picked":"Dagger Throw","floor":1},{"not_picked":["Dodge and Roll","Poisoned Stab"],"picked":"Deadly Poison","floor":2},{"not_picked":["Reflex","Blade Dance"],"picked":"Predator","floor":3},{"not_picked":["Unload","Underhanded Strike"],"picked":"Blade Dance","floor":6},{"not_picked":["Quick Slash","Heel Hook"],"picked":"Backstab","floor":8},{"not_picked":["Flechettes","Crippling Poison"],"picked":"Backflip","floor":11},{"not_picked":["Venomology","Poisoned Stab","Setup"],"picked":"SKIP","floor":11},{"not_picked":["Prepared","Backflip"],"picked":"Caltrops","floor":13},{"not_picked":["Blade Dance","Concentrate","Heel Hook"],"picked":"SKIP","floor":13},{"not_picked":["Sucker Punch","Bouncing Flask"],"picked":"Cloak And Dagger","floor":14},{"not_picked":["Underhanded Strike","Endless Agony"],"picked":"Acrobatics","floor":18},{"not_picked":["Flying Knee","Prepared+1"],"picked":"Well Laid Plans","floor":18},{"not_picked":["Choke+1","Grand Finale+1"],"picked":"Dash+1","floor":21},{"not_picked":["Cloak And Dagger","Flying Knee+1"],"picked":"Backflip+1","floor":21},{"not_picked":["Dagger Throw+1","Flying Knee+1"],"picked":"Dagger Spray+1","floor":22},{"not_picked":["Acrobatics","Poisoned Stab+1","Blade Dance"],"picked":"SKIP","floor":22},{"not_picked":["Terror","Endless Agony+1"],"picked":"Blade Dance+1","floor":24},{"not_picked":["PiercingWail","Poisoned Stab+1"],"picked":"Dagger Spray+1","floor":27},{"not_picked":["Skewer+1","Escape Plan"],"picked":"Predator+1","floor":29},{"not_picked":["Deadly Poison","Slice+1"],"picked":"Noxious Fumes","floor":29}],"player_experience":184239,"relics_obtained":[{"floor":6,"key":"Ginger"},{"floor":9,"key":"Prayer Wheel"},{"floor":14,"key":"Mercury Hourglass"},{"floor":24,"key":"Ornamental Fan"},{"floor":26,"key":"MawBank"},{"floor":27,"key":"Bottled Flame"},{"floor":31,"key":"Pantograph"},{"floor":31,"key":"Du-Vu Doll"}],"event_choices":[{"damage_healed":0,"gold_gain":0,"player_choice":"Take Wound","damage_taken":0,"relics_obtained":["Golden Idol"],"max_hp_gain":0,"max_hp_loss":0,"event_name":"Golden Idol","floor":4,"gold_loss":0,"cards_obtained":["Injury"]},{"damage_healed":0,"gold_gain":0,"player_choice":"Grow","damage_taken":0,"max_hp_gain":0,"max_hp_loss":0,"event_name":"Living Wall","floor":5,"gold_loss":0,"cards_upgraded":["Neutralize"]},{"damage_healed":0,"gold_gain":0,"player_choice":"Success","damage_taken":12,"relics_obtained":["Gremlin Horn"],"max_hp_gain":0,"max_hp_loss":0,"event_name":"Scrap Ooze","floor":10,"gold_loss":0},{"cards_removed":["Distraction"],"damage_healed":22,"gold_gain":0,"player_choice":"Offered Uncommon","damage_taken":0,"max_hp_gain":0,"max_hp_loss":0,"event_name":"Bonfire Elementals","floor":20,"gold_loss":0},{"damage_healed":0,"gold_gain":0,"player_choice":"Fight","damage_taken":0,"max_hp_gain":0,"max_hp_loss":0,"event_name":"Colosseum","floor":31,"gold_loss":0},{"damage_healed":0,"gold_gain":0,"player_choice":"Fought Nobs","damage_taken":0,"max_hp_gain":0,"max_hp_loss":0,"event_name":"Colosseum","floor":31,"gold_loss":0}],"is_beta":false,"boss_relics":[{"not_picked":["Coffee Dripper","Tiny House"],"picked":"Astrolabe"}],"items_purged_floors":[19],"is_endless":false,"potions_floor_spawned":[1,2,13,14,22,24,27,31],"killed_by":"Champ","ascension_level":9}