{"gold_per_floor":[116,133,150,165,18,18,49,66,66,95,95,95],"floor_reached":12,"playtime":457,"items_purged":[],"score":126,"play_id":"1bcd6762-9405-419b-ade7-f53c56c296c3","local_time":"20190531165116","is_ascension_mode":true,"campfire_choices":[{"floor":6,"key":"REST"}],"neow_cost":"PERCENT_DAMAGE","seed_source_timestamp":1430267843825762,"circlet_count":0,"master_deck":["Strike_R","Strike_R","Strike_R","Strike_R","Strike_R","Defend_R","Defend_R","Defend_R","Defend_R","Bash+1","Demon Form","Twin Strike","Shrug It Off","Metallicize","Heavy Blade","Cleave","Inflame"],"relics":["Burning Blood","Vajra","Bag of Preparation","Bottled Tornado","Toxic Egg 2"],"potions_floor_usage":[3,7,7,12],"damage_taken":[{"damage":33,"enemies":"Jaw Worm","floor":1,"turns":6},{"damage":12,"enemies":"Small Slimes","floor":2,"turns":4},{"damage":1,"enemies":"2 Louse","floor":3,"turns":2},{"damage":5,"enemies":"Blue Slaver","floor":4,"turns":5},{"damage":11,"enemies":"Gremlin Nob","floor":7,"turns":4},{"damage":15,"enemies":"2 Fungi Beasts","floor":8,"turns":3},{"damage":18,"enemies":"3 Sentries","floor":10,"turns":9},{"damage":29,"enemies":"Gremlin Nob","floor":12,"turns":3}],"seed_played":"-2307947965491146889","potions_obtained":[{"floor":1,"key":"Energy Potion"},{"floor":2,"key":"Fire Potion"},{"floor":4,"key":"Weak Potion"},{"floor":10,"key":"Poison Potion"}],"is_trial":false,"path_per_floor":["M","M","M","M","$","R","E","M","T","E","?","E"],"character_chosen":"IRONCLAD","items_purchased":["Vajra"],"campfire_rested":1,"item_purchase_floors":[5],"current_hp_per_floor":[24,18,23,24,24,48,43,34,34,22,22,0],"gold":95,"neow_bonus":"THREE_RARE_CARDS","is_prod":false,"is_daily":false,"chose_seed":false,"campfire_upgraded":0,"win_rate":0,"timestamp":1559335876,"path_taken":["M","M","M","M","$","R","E","M","T","E","?","E"],"build_version":"2019-01-23","purchased_purges":0,"victory":false,"max_hp_per_floor":[80,80,80,80,80,80,80,80,80,80,80,80],"card_choices":[{"not_picked":["Berserk","Dark Embrace"],"picked":"Demon Form","floor":0},{"not_picked":["Shockwave","Sentinel","Wild Strike"],"picked":"SKIP","floor":1},{"not_picked":["Infernal Blade","Heavy Blade"],"picked":"Twin Strike","floor":2},{"not_picked":["Twin Strike","Armaments"],"picked":"Shrug It Off","floor":3},{"not_picked":["Dual Wield","Evolve"],"picked":"Metallicize","floor":4},{"not_picked":["Clash","Warcry"],"picked":"Heavy Blade","floor":7},{"not_picked":["True Grit","Intimidate"],"picked":"Cleave","floor":8},{"not_picked":["Demon Form","Carnage"],"picked":"Inflame","floor":10}],"player_experience":753281,"relics_obtained":[{"floor":7,"key":"Bag of Preparation"},{"floor":9,"key":"Bottled Tornado"},{"floor":10,"key":"Toxic Egg 2"}],"event_choices":[{"damage_healed":0,"gold_gain":0,"player_choice":"Grow","damage_taken":0,"max_hp_gain":0,"max_hp_loss":0,"event_name":"Living Wall","floor":11,"gold_loss":0,"cards_upgraded":["Bash"]}],"is_beta":false,"boss_relics":[],"items_purged_floors":[],"is_endless":false,"potions_floor_spawned":[1,2,4,10],"killed_by":"Gremlin Nob","ascension_level":8}