{"gold_per_floor":[109,109,119,130,205,232,244,271,310,338,366,378,404,416,428,440],"floor_reached":16,"playtime":840,"items_purged":[],"score":191,"play_id":"11c0b709-0206-451e-921e-2bc34f05963f","local_time":"20190613230215","is_ascension_mode":true,"campfire_choices":[{"floor":12,"key":"REST"},{"floor":15,"key":"REST"}],"neow_cost":"CURSE","seed_source_timestamp":9179768044600,"circlet_count":0,"master_deck":["AscendersBane","Strike_R","Strike_R","Strike_R","Strike_R","Strike_R","Defend_R","Defend_R","Defend_R","Defend_R","Bash","Writhe","Pommel Strike","Shrug It Off","Combust","Sentinel","Second Wind","Flex","Corruption","Injury"],"relics":["Burning Blood","MawBank","Anchor","Golden Idol"],"potions_floor_usage":[16,16,16,16],"damage_taken":[{"damage":7,"enemies":"Small Slimes","floor":1,"turns":5},{"damage":7,"enemies":"Jaw Worm","floor":3,"turns":3},{"damage":1,"enemies":"2 Louse","floor":4,"turns":3},{"damage":49,"enemies":"Lagavulin","floor":6,"turns":7},{"damage":11,"enemies":"Exordium Wildlife","floor":8,"turns":6},{"damage":8,"enemies":"Large Slime","floor":10,"turns":5},{"damage":11,"enemies":"Blue Slaver","floor":11,"turns":4},{"damage":23,"enemies":"Exordium Thugs","floor":13,"turns":4},{"damage":76,"enemies":"Hexaghost","floor":16,"turns":9}],"seed_played":"-7937334151192339544","potions_obtained":[{"floor":3,"key":"EntropicBrew"},{"floor":6,"key":"Poison Potion"}],"is_trial":false,"path_per_floor":["M","?","M","M","?","E","?","M","T","M","M","R","M","?","R","B"],"character_chosen":"IRONCLAD","items_purchased":[],"campfire_rested":2,"item_purchase_floors":[],"current_hp_per_floor":[87,92,91,96,85,42,42,37,37,35,30,60,43,43,73,0],"gold":440,"neow_bonus":"TWENTY_PERCENT_HP_BONUS","is_prod":false,"is_daily":false,"chose_seed":false,"campfire_upgraded":0,"win_rate":0,"timestamp":1560492135,"path_taken":["M","?","M","M","?","E","?","M","T","?","M","R","M","?","R","BOSS"],"build_version":"2019-01-23","purchased_purges":0,"victory":false,"max_hp_per_floor":[96,101,101,101,101,101,101,101,101,101,101,101,101,101,101,101],"card_choices":[{"not_picked":["Seeing Red","Armaments"],"picked":"Pommel Strike","floor":1},{"not_picked":["Pommel Strike","Havoc"],"picked":"Shrug It Off","floor":3},{"not_picked":["Wild Strike","Exhume"],"picked":"Combust","floor":4},{"not_picked":["Perfected Strike","Infernal Blade"],"picked":"Sentinel","floor":6},{"not_picked":["Battle Trance","Carnage"],"picked":"Second Wind","floor":8},{"not_picked":["Shrug It Off","Heavy Blade"],"picked":"Flex","floor":10},{"not_picked":["Reckless Charge","Havoc","Sword Boomerang"],"picked":"SKIP","floor":11},{"not_picked":["Armaments","Havoc"],"picked":"Corruption","floor":13}],"player_experience":248600,"relics_obtained":[{"floor":6,"key":"MawBank"},{"floor":9,"key":"Anchor"}],"event_choices":[{"damage_healed":0,"gold_gain":0,"player_choice":"Donut","damage_taken":0,"max_hp_gain":5,"max_hp_loss":0,"event_name":"Big Fish","floor":2,"gold_loss":0},{"damage_healed":0,"gold_gain":75,"player_choice":"Gather Gold","damage_taken":11,"max_hp_gain":0,"max_hp_loss":0,"event_name":"World of Goop","floor":5,"gold_loss":0},{"damage_healed":0,"gold_gain":0,"player_choice":"Ignored","damage_taken":0,"max_hp_gain":0,"max_hp_loss":0,"event_name":"Shining Light","floor":7,"gold_loss":0},{"damage_healed":0,"gold_gain":0,"player_choice":"Take Wound","damage_taken":0,"relics_obtained":["Golden Idol"],"max_hp_gain":0,"max_hp_loss":0,"event_name":"Golden Idol","floor":14,"gold_loss":0,"cards_obtained":["Injury"]}],"is_beta":false,"boss_relics":[],"items_purged_floors":[],"is_endless":false,"potions_floor_spawned":[3,6,8],"killed_by":"Hexaghost","ascension_level":12}