{"gold_per_floor":[218,238,238,80,80,80,92,120,147,165,179,179,79,95,95,170,170,189,8,21,35,50,50,68,68,68,85,85,85,45,56,56,130,130,141,155,155,69,81,81,81],"floor_reached":41,"playtime":2804,"items_purged":["Strike_G","Strike_G","Strike_G"],"score":760,"play_id":"37d3f3b8-a23c-4081-9076-293258197e56","local_time":"20181212171902","is_ascension_mode":true,"campfire_choices":[{"data":"Cloak And Dagger","floor":6,"key":"SMITH"},{"data":"Well Laid Plans","floor":12,"key":"SMITH"},{"data":"Neutralize","floor":15,"key":"SMITH"},{"data":"Deflect","floor":23,"key":"SMITH"},{"floor":25,"key":"REST"},{"floor":28,"key":"REST"},{"floor":32,"key":"REST"},{"floor":40,"key":"REST"}],"neow_cost":"NONE","seed_source_timestamp":6234273783834,"circlet_count":0,"master_deck":["AscendersBane","Defend_G","Defend_G","Defend_G","Defend_G","Defend_G","Strike_G","Survivor","Neutralize+1","Heel Hook","Deadly Poison+1","Cloak And Dagger+1","Dagger Throw","Acrobatics","Dagger Throw","Corpse Explosion","Catalyst","Well Laid Plans+1","Eviscerate","Venomology","Catalyst","Deflect+1","Well Laid Plans+1","Acrobatics+1","Dodge and Roll","Noxious Fumes","Night Terror","Footwork","Dash","Underhanded Strike"],"relics":["Ring of the Snake","Pen Nib","Blood Vial","Busted Crown","Dead Branch","Black Star"],"potions_floor_usage":[14,21,22,22,27,29,31,33,33,36,39,41,41],"damage_taken":[{"damage":0,"enemies":"2 Louse","floor":1,"turns":3},{"damage":0,"enemies":"Small Slimes","floor":2,"turns":3},{"damage":0,"enemies":"Cultist","floor":7,"turns":3},{"damage":28,"enemies":"Lagavulin","floor":8,"turns":8},{"damage":1,"enemies":"Red Slaver","floor":10,"turns":4},{"damage":0,"enemies":"2 Fungi Beasts","floor":11,"turns":2},{"damage":2,"enemies":"3 Louse","floor":14,"turns":2},{"damage":23,"enemies":"Hexaghost","floor":16,"turns":8},{"damage":2,"enemies":"3 Byrds","floor":18,"turns":2},{"damage":17,"enemies":"Chosen","floor":20,"turns":5},{"damage":12,"enemies":"3 Cultists","floor":21,"turns":3},{"damage":19,"enemies":"Snecko","floor":22,"turns":6},{"damage":8,"enemies":"Snake Plant","floor":24,"turns":4},{"damage":27,"enemies":"Sentry and Sphere","floor":27,"turns":8},{"damage":11,"enemies":"Colosseum Slavers","floor":29,"turns":3},{"damage":19,"enemies":"Shelled Parasite and Fungi","floor":31,"turns":5},{"damage":7,"enemies":"Champ","floor":33,"turns":8},{"damage":29,"enemies":"3 Darklings","floor":35,"turns":4},{"damage":0,"enemies":"3 Shapes","floor":36,"turns":4},{"damage":16,"enemies":"Transient","floor":39,"turns":5},{"damage":58,"enemies":"Reptomancer","floor":41,"turns":2}],"seed_played":"133893650950229009","potions_obtained":[{"floor":1,"key":"Fire Potion"},{"floor":2,"key":"Energy Potion"},{"floor":18,"key":"Energy Potion"},{"floor":21,"key":"Regen Potion"},{"floor":27,"key":"Regen Potion"},{"floor":33,"key":"Strength Potion"}],"is_trial":false,"path_per_floor":["M","M","?","$","?","R","M","E","T","M","M","R","$","M","R","B",null,"M","$","M","M","M","R","M","R","T","M","R","?","$","M","R","B",null,"M","M","?","$","M","R","E"],"character_chosen":"THE_SILENT","items_purchased":["Cloak And Dagger","Dagger Throw","Deflect","Noxious Fumes","Dash"],"campfire_rested":4,"item_purchase_floors":[4,4,19,30,38],"current_hp_per_floor":[59,59,59,59,59,59,59,31,31,32,34,34,34,34,34,13,53,53,53,38,28,23,23,17,36,36,11,30,33,33,16,35,30,57,30,32,32,32,18,37,0],"gold":81,"neow_bonus":"HUNDRED_GOLD","is_prod":false,"is_daily":false,"chose_seed":false,"campfire_upgraded":4,"win_rate":0,"timestamp":1544645942,"path_taken":["M","M","?","$","?","R","?","E","T","M","M","R","$","M","R","BOSS","M","$","M","M","M","R","M","R","T","M","R","?","$","M","R","BOSS","M","M","?","$","M","R","E"],"build_version":"2018-12-06","purchased_purges":3,"victory":false,"max_hp_per_floor":[66,66,66,66,66,66,66,66,66,66,66,66,66,66,66,66,66,66,66,66,66,66,66,66,66,66,66,66,66,66,66,66,66,66,66,66,66,66,66,66,66],"card_choices":[{"not_picked":["Acrobatics","Deflect"],"picked":"Heel Hook","floor":1},{"not_picked":["Quick Slash","Deflect"],"picked":"Deadly Poison","floor":2},{"not_picked":["Outmaneuver","Quick Slash"],"picked":"Dagger Throw","floor":7},{"not_picked":["Dagger Spray","Backflip"],"picked":"Corpse Explosion","floor":8},{"not_picked":["Masterful Stab","Flying Knee"],"picked":"Catalyst","floor":10},{"not_picked":["Dagger Spray","Poisoned Stab"],"picked":"Well Laid Plans","floor":11},{"not_picked":["Accuracy","Cloak And Dagger"],"picked":"Eviscerate","floor":14},{"not_picked":["Unload","Bullet Time"],"picked":"Venomology","floor":16},{"not_picked":[],"picked":"Catalyst","floor":18},{"not_picked":["Blade Dance"],"picked":"SKIP","floor":20},{"not_picked":[],"picked":"Well Laid Plans+1","floor":21},{"not_picked":[],"picked":"Acrobatics+1","floor":22},{"not_picked":["Expertise"],"picked":"SKIP","floor":24},{"not_picked":[],"picked":"Dodge and Roll","floor":27},{"not_picked":[],"picked":"Night Terror","floor":31},{"not_picked":[],"picked":"Footwork","floor":35},{"not_picked":["Flying Knee"],"picked":"SKIP","floor":36},{"not_picked":[],"picked":"Underhanded Strike","floor":39}],"player_experience":530318,"relics_obtained":[{"floor":8,"key":"Pen Nib"},{"floor":9,"key":"Blood Vial"},{"floor":26,"key":"Dead Branch"}],"event_choices":[{"damage_healed":0,"gold_gain":0,"player_choice":"Grow","damage_taken":0,"max_hp_gain":0,"max_hp_loss":0,"event_name":"Living Wall","floor":3,"gold_loss":0,"cards_upgraded":["Deadly Poison"]},{"damage_healed":0,"gold_gain":0,"cards_transformed":["Strike_G"],"player_choice":"Transformed","damage_taken":0,"max_hp_gain":0,"max_hp_loss":0,"event_name":"Transmorgrifier","floor":5,"gold_loss":0,"cards_obtained":["Acrobatics"]},{"damage_healed":0,"gold_gain":0,"player_choice":"Fight","damage_taken":0,"max_hp_gain":0,"max_hp_loss":0,"event_name":"Colosseum","floor":29,"gold_loss":0},{"damage_healed":0,"gold_gain":0,"player_choice":"Fled From Nobs","damage_taken":0,"max_hp_gain":0,"max_hp_loss":0,"event_name":"Colosseum","floor":29,"gold_loss":0},{"damage_healed":0,"gold_gain":0,"player_choice":"Ignored","damage_taken":0,"max_hp_gain":0,"max_hp_loss":0,"event_name":"The Moai Head","floor":37,"gold_loss":0}],"is_beta":false,"boss_relics":[{"not_picked":["Empty Cage","Lizard Tail"],"picked":"Busted Crown"},{"not_picked":["Pandora\u0027s Box","Fusion Hammer"],"picked":"Black Star"}],"items_purged_floors":[4,13,19],"is_endless":false,"potions_floor_spawned":[1,2,11,18,21,27,29,33],"killed_by":"Reptomancer","ascension_level":16}