{"gold_per_floor":[119,119,137,152,152,178,178,178,178,189,199,199,213,240,240,313,313,326,251],"floor_reached":19,"playtime":736,"items_purged":[],"score":313,"play_id":"71f06e5e-03f1-4d31-b84b-b23c56fd6dc3","local_time":"20190508135408","is_ascension_mode":true,"campfire_choices":[{"floor":8,"key":"REST"},{"floor":12,"key":"REST"},{"data":"Neutralize","floor":15,"key":"SMITH"}],"neow_cost":"NONE","seed_source_timestamp":590203533834702,"circlet_count":0,"master_deck":["AscendersBane","Defend_G","Defend_G","Defend_G","Defend_G","Strike_G+1","Strike_G+1","Strike_G","Strike_G","Survivor","Neutralize+1","Dash","PiercingWail","Dagger Spray","Corpse Explosion","Deadly Poison","Well Laid Plans","Cloak And Dagger","Die Die Die","Quick Slash+1","Well Laid Plans+1","Envenom+1"],"relics":["Ring of the Snake","NeowsBlessing","Sundial","Pen Nib","WingedGreaves","Astrolabe"],"potions_floor_usage":[6,14,16],"damage_taken":[{"damage":0,"enemies":"Small Slimes","floor":1,"turns":1},{"damage":0,"enemies":"Cultist","floor":3,"turns":1},{"damage":0,"enemies":"Jaw Worm","floor":4,"turns":1},{"damage":24,"enemies":"Gremlin Nob","floor":6,"turns":6},{"damage":7,"enemies":"Large Slime","floor":10,"turns":5},{"damage":0,"enemies":"Lots of Slimes","floor":11,"turns":2},{"damage":2,"enemies":"3 Louse","floor":13,"turns":2},{"damage":2,"enemies":"3 Sentries","floor":14,"turns":3},{"damage":42,"enemies":"Slime Boss","floor":16,"turns":13},{"damage":19,"enemies":"Shell Parasite","floor":18,"turns":7},{"damage":35,"enemies":"2 Thieves","floor":19,"turns":3}],"seed_played":"-6876162006958711472","potions_obtained":[{"floor":3,"key":"Ancient Potion"},{"floor":4,"key":"SpeedPotion"},{"floor":10,"key":"Regen Potion"}],"is_trial":false,"path_per_floor":["M","?","M","M","?","E","?","R","T","M","M","R","M","E","R","B",null,"M","M"],"character_chosen":"THE_SILENT","items_purchased":[],"campfire_rested":2,"item_purchase_floors":[],"current_hp_per_floor":[59,55,55,55,35,11,11,30,30,23,23,42,40,50,50,8,52,33,0],"gold":251,"neow_bonus":"THREE_ENEMY_KILL","is_prod":false,"is_daily":false,"chose_seed":false,"campfire_upgraded":1,"win_rate":0,"timestamp":1557338048,"path_taken":["M","?","?","M","?","E","?","R","T","?","M","R","M","E","R","BOSS","M","M"],"build_version":"2019-01-23","purchased_purges":0,"victory":false,"max_hp_per_floor":[66,66,66,66,66,66,66,66,66,66,66,66,66,66,66,66,66,66,66],"card_choices":[{"not_picked":["Quick Slash","Dagger Spray"],"picked":"Dash","floor":1},{"not_picked":["Quick Slash","Calculated Gamble"],"picked":"PiercingWail","floor":3},{"not_picked":["Escape Plan","Heel Hook"],"picked":"Dagger Spray","floor":4},{"not_picked":["Backflip","Dodge and Roll"],"picked":"Corpse Explosion","floor":6},{"not_picked":["Outmaneuver","Eviscerate","Expertise"],"picked":"SKIP","floor":10},{"not_picked":["Calculated Gamble","Endless Agony"],"picked":"Well Laid Plans","floor":11},{"not_picked":["Prepared","Deflect","Calculated Gamble"],"picked":"SKIP","floor":13},{"not_picked":["Bane","Sucker Punch"],"picked":"Cloak And Dagger","floor":14},{"not_picked":["Burst","Unload"],"picked":"Die Die Die","floor":16},{"not_picked":["Bane","Reflex","Poisoned Stab"],"picked":"SKIP","floor":18}],"player_experience":502702,"relics_obtained":[{"floor":6,"key":"Sundial"},{"floor":9,"key":"Pen Nib"},{"floor":14,"key":"WingedGreaves"}],"event_choices":[{"damage_healed":0,"gold_gain":0,"player_choice":"Bought 0 Potions","damage_taken":0,"max_hp_gain":0,"max_hp_loss":0,"event_name":"The Woman in Blue","floor":2,"gold_loss":0},{"damage_healed":0,"gold_gain":0,"player_choice":"Entered Light","damage_taken":20,"max_hp_gain":0,"max_hp_loss":0,"event_name":"Shining Light","floor":5,"gold_loss":0,"cards_upgraded":["Strike_G","Strike_G"]},{"damage_healed":0,"gold_gain":0,"player_choice":"2 cards matched","damage_taken":0,"max_hp_gain":0,"max_hp_loss":0,"event_name":"Match and Keep!","floor":7,"gold_loss":0,"cards_obtained":["Deadly Poison","Masterful Stab"]}],"is_beta":false,"boss_relics":[{"not_picked":["HoveringKite","Pandora\u0027s Box"],"picked":"Astrolabe"}],"items_purged_floors":[],"is_endless":false,"potions_floor_spawned":[3,4,10],"killed_by":"2 Thieves","ascension_level":15}