{"gold_per_floor":[112,112,112,112,136,174,189,189,189,233,233,259,277,298,298,397,397,413,463,477,495,513,548,548,568,592,606,606,64,82,102,102,198,198,219,238,238,238,258,298,298,342,367,382,85,85,106,184,184,184],"floor_reached":50,"playtime":3206,"items_purged":["Strike_G"],"score":1055,"play_id":"c81ff9d8-9090-45a3-aed7-663623e63424","local_time":"20190616143613","is_ascension_mode":true,"campfire_choices":[{"data":"Cloak And Dagger","floor":8,"key":"SMITH"},{"floor":15,"key":"REST"},{"data":"Cloak And Dagger","floor":24,"key":"SMITH"},{"data":"Blur","floor":28,"key":"SMITH"},{"floor":32,"key":"REST"},{"floor":41,"key":"REST"},{"floor":46,"key":"REST"},{"floor":49,"key":"REST"}],"neow_cost":"NONE","seed_source_timestamp":331465244347887,"circlet_count":0,"master_deck":["AscendersBane","Defend_G","Defend_G","Defend_G","Defend_G","Defend_G","Strike_G","Strike_G","Strike_G","Strike_G","Survivor+1","Neutralize","Cloak And Dagger+1","Backstab","Caltrops","Dash","Die Die Die","Cloak And Dagger+1","PiercingWail","Dodge and Roll+1","Blur+1","Leg Sweep","Corpse Explosion","Blur+1","Noxious Fumes+1","Well Laid Plans","Cloak And Dagger","Infinite Blades+1","Backflip","Deadly Poison+1","Mayhem","Footwork","Noxious Fumes","Skewer"],"relics":["Ring of the Snake","NeowsBlessing","Golden Idol","Pear","Kunai","Prayer Wheel","Matryoshka","Odd Mushroom","Busted Crown","War Paint","Oddly Smooth Stone","Vajra","StoneCalendar","ClockworkSouvenir","Sozu","Ancient Tea Set","PreservedInsect","Bottled Lightning","Smiling Mask","Boot","Letter Opener"],"potions_floor_usage":[12,16,20,21,22,33,40],"damage_taken":[{"damage":0,"enemies":"2 Louse","floor":1,"turns":1},{"damage":0,"enemies":"Jaw Worm","floor":5,"turns":1},{"damage":0,"enemies":"3 Sentries","floor":6,"turns":1},{"damage":0,"enemies":"Small Slimes","floor":7,"turns":2},{"damage":28,"enemies":"Gremlin Nob","floor":10,"turns":5},{"damage":0,"enemies":"The Mushroom Lair","floor":12,"turns":2},{"damage":0,"enemies":"3 Louse","floor":13,"turns":1},{"damage":0,"enemies":"Looter","floor":14,"turns":4},{"damage":4,"enemies":"Hexaghost","floor":16,"turns":14},{"damage":1,"enemies":"Chosen","floor":18,"turns":7},{"damage":0,"enemies":"3 Byrds","floor":20,"turns":2},{"damage":6,"enemies":"Snecko","floor":21,"turns":6},{"damage":8,"enemies":"Cultist and Chosen","floor":22,"turns":6},{"damage":19,"enemies":"Slavers","floor":23,"turns":5},{"damage":4,"enemies":"Shelled Parasite and Fungi","floor":25,"turns":5},{"damage":7,"enemies":"Snake Plant","floor":27,"turns":5},{"damage":0,"enemies":"Chosen and Byrds","floor":30,"turns":7},{"damage":16,"enemies":"Snecko","floor":31,"turns":6},{"damage":1,"enemies":"Collector","floor":33,"turns":9},{"damage":11,"enemies":"3 Darklings","floor":35,"turns":2},{"damage":0,"enemies":"3 Shapes","floor":36,"turns":3},{"damage":7,"enemies":"Spire Growth","floor":39,"turns":7},{"damage":34,"enemies":"Reptomancer","floor":40,"turns":7},{"damage":0,"enemies":"Giant Head","floor":42,"turns":11},{"damage":27,"enemies":"Maw","floor":44,"turns":8},{"damage":0,"enemies":"Sphere and 2 Shapes","floor":47,"turns":6},{"damage":76,"enemies":"Time Eater","floor":50,"turns":7}],"seed_played":"-5857998199443769180","potions_obtained":[{"floor":5,"key":"Explosive Potion"},{"floor":10,"key":"Explosive Potion"},{"floor":12,"key":"SmokeBomb"},{"floor":13,"key":"SteroidPotion"},{"floor":14,"key":"Strength Potion"},{"floor":20,"key":"Energy Potion"},{"floor":21,"key":"Fruit Juice"},{"floor":23,"key":"FearPotion"},{"floor":27,"key":"Ancient Potion"},{"floor":31,"key":"LiquidBronze"}],"is_trial":false,"path_per_floor":["M","?","?","?","M","E","M","R","T","E","?","?","M","M","R","B",null,"M","?","M","M","M","E","R","M","T","M","R","$","M","M","R","B",null,"M","M","?","?","M","E","R","E","T","M","$","R","M","T","R","B"],"character_chosen":"THE_SILENT","items_purchased":["StoneCalendar","ClockworkSouvenir","Noxious Fumes","Boot"],"campfire_rested":5,"item_purchase_floors":[29,29,45,45],"current_hp_per_floor":[59,64,64,40,40,50,50,50,50,22,17,17,17,17,41,37,70,69,69,69,68,60,41,41,37,37,30,30,30,30,14,39,38,74,63,63,63,63,56,22,46,46,46,19,19,43,43,43,67,0],"gold":184,"neow_bonus":"THREE_ENEMY_KILL","is_prod":false,"is_daily":false,"chose_seed":false,"campfire_upgraded":3,"win_rate":0,"timestamp":1560666973,"path_taken":["M","?","?","?","M","E","M","R","T","E","?","?","M","M","R","BOSS","M","?","M","M","M","E","R","M","T","M","R","$","M","M","R","BOSS","M","M","?","?","M","E","R","E","T","M","$","R","M","?","R","BOSS"],"build_version":"2019-01-23","purchased_purges":1,"victory":false,"max_hp_per_floor":[66,71,71,71,71,81,81,81,81,81,81,81,81,81,81,81,81,81,81,81,86,86,86,86,86,86,86,86,86,86,86,86,86,86,86,86,86,82,82,82,82,82,82,82,82,82,82,82,82,82],"card_choices":[{"not_picked":["Flying Knee","Deflect"],"picked":"Cloak And Dagger","floor":1},{"not_picked":["Expertise","Accuracy"],"picked":"Backstab","floor":5},{"not_picked":["Expertise","Dagger Spray"],"picked":"Caltrops","floor":6},{"not_picked":["Dagger Spray","Bane"],"picked":"Dash","floor":7},{"not_picked":["Finisher","Poisoned Stab"],"picked":"Die Die Die","floor":10},{"not_picked":["Crippling Poison","PiercingWail"],"picked":"Cloak And Dagger","floor":12},{"not_picked":["Dagger Spray","Expertise"],"picked":"PiercingWail","floor":13},{"not_picked":["Calculated Gamble","Underhanded Strike"],"picked":"Dodge and Roll","floor":13},{"not_picked":["Flechettes","Dagger Throw"],"picked":"Blur","floor":14},{"not_picked":["Calculated Gamble","Choke"],"picked":"Leg Sweep","floor":14},{"not_picked":["Phantasmal Killer","Glass Knife"],"picked":"Corpse Explosion","floor":16},{"not_picked":[],"picked":"Blur+1","floor":18},{"not_picked":["Prepared"],"picked":"SKIP","floor":18},{"not_picked":[],"picked":"Noxious Fumes+1","floor":20},{"not_picked":["Quick Slash"],"picked":"SKIP","floor":20},{"not_picked":["Underhanded Strike"],"picked":"SKIP","floor":21},{"not_picked":["Acrobatics"],"picked":"SKIP","floor":21},{"not_picked":[],"picked":"Well Laid Plans","floor":22},{"not_picked":[],"picked":"Cloak And Dagger","floor":22},{"not_picked":["Bane"],"picked":"SKIP","floor":23},{"not_picked":[],"picked":"Infinite Blades+1","floor":25},{"not_picked":["Quick Slash"],"picked":"SKIP","floor":25},{"not_picked":["Predator"],"picked":"SKIP","floor":27},{"not_picked":["Deflect"],"picked":"SKIP","floor":27},{"not_picked":["Prepared"],"picked":"SKIP","floor":30},{"not_picked":["Quick Slash"],"picked":"SKIP","floor":30},{"not_picked":["Wraith Form v2"],"picked":"SKIP","floor":31},{"not_picked":["Bane"],"picked":"SKIP","floor":31},{"not_picked":["Deadly Poison"],"picked":"SKIP","floor":35},{"not_picked":["Sucker Punch+1"],"picked":"SKIP","floor":35},{"not_picked":[],"picked":"Backflip","floor":36},{"not_picked":[],"picked":"Deadly Poison+1","floor":36},{"not_picked":[],"picked":"Mayhem","floor":37},{"not_picked":["Sucker Punch"],"picked":"SKIP","floor":39},{"not_picked":["All Out Attack"],"picked":"SKIP","floor":39},{"not_picked":["Finisher"],"picked":"SKIP","floor":40},{"not_picked":["Well Laid Plans"],"picked":"SKIP","floor":42},{"not_picked":[],"picked":"Footwork","floor":44},{"not_picked":["Dagger Throw"],"picked":"SKIP","floor":44},{"not_picked":["Sucker Punch"],"picked":"SKIP","floor":47},{"not_picked":["Skewer"],"picked":"SKIP","floor":47},{"not_picked":[],"picked":"Skewer","floor":47},{"not_picked":["Sucker Punch"],"picked":"SKIP","floor":47}],"player_experience":880534,"relics_obtained":[{"floor":6,"key":"Pear"},{"floor":9,"key":"Kunai"},{"floor":10,"key":"Prayer Wheel"},{"floor":12,"key":"Odd Mushroom"},{"floor":23,"key":"War Paint"},{"floor":26,"key":"Oddly Smooth Stone"},{"floor":26,"key":"Vajra"},{"floor":40,"key":"Ancient Tea Set"},{"floor":42,"key":"PreservedInsect"},{"floor":43,"key":"Bottled Lightning"},{"floor":43,"key":"Smiling Mask"},{"floor":48,"key":"Letter Opener"}],"event_choices":[{"damage_healed":0,"gold_gain":0,"player_choice":"Donut","damage_taken":0,"max_hp_gain":5,"max_hp_loss":0,"event_name":"Big Fish","floor":2,"gold_loss":0},{"damage_healed":0,"gold_gain":0,"player_choice":"Ignored","damage_taken":0,"max_hp_gain":0,"max_hp_loss":0,"event_name":"Liars Game","floor":3,"gold_loss":0},{"damage_healed":0,"gold_gain":0,"player_choice":"Take Damage","damage_taken":24,"relics_obtained":["Golden Idol"],"max_hp_gain":0,"max_hp_loss":0,"event_name":"Golden Idol","floor":4,"gold_loss":0},{"damage_healed":0,"gold_gain":0,"player_choice":"Success","damage_taken":5,"relics_obtained":["Matryoshka"],"max_hp_gain":0,"max_hp_loss":0,"event_name":"Scrap Ooze","floor":11,"gold_loss":0},{"damage_healed":0,"gold_gain":0,"player_choice":"Fought Mushrooms","damage_taken":0,"max_hp_gain":0,"max_hp_loss":0,"event_name":"Mushrooms","floor":12,"gold_loss":0},{"damage_healed":0,"gold_gain":50,"player_choice":"Stole From Cult","damage_taken":0,"max_hp_gain":0,"max_hp_loss":0,"event_name":"Nest","floor":19,"gold_loss":0},{"damage_healed":0,"gold_gain":0,"player_choice":"Memory 1","damage_taken":0,"max_hp_gain":0,"max_hp_loss":0,"event_name":"SensoryStone","floor":37,"gold_loss":0},{"damage_healed":0,"gold_gain":0,"player_choice":"Max HP","damage_taken":0,"max_hp_gain":0,"max_hp_loss":4,"event_name":"Winding Halls","floor":38,"gold_loss":0}],"is_beta":false,"boss_relics":[{"not_picked":["HoveringKite","Fusion Hammer"],"picked":"Busted Crown"},{"not_picked":["Empty Cage","Orrery"],"picked":"Sozu"}],"items_purged_floors":[45],"is_endless":false,"potions_floor_spawned":[5,10,12,13,14,20,21,23,27,31,36,39,44],"killed_by":"Time Eater","ascension_level":16}