{"gold_per_floor":[114,289,304,304,319,319,334,364,364,364,379,394,409,424,424,524,524,539,252,267,288,303,303,333,333,333,248,263,278,293,308,308,408,408,423,438,453,453,92,122,122,152,152,202,232,247,277,14,14,14],"floor_reached":51,"playtime":3310,"items_purged":[],"score":943,"play_id":"6516ed95-4ffd-4cc4-bc3b-b09469712216","local_time":"20180916141710","daily_mods":["Shiny","Elite Swarm","Vintage"],"is_ascension_mode":false,"campfire_choices":[{"floor":6,"key":"REST"},{"data":"Buffer","floor":10,"key":"SMITH"},{"floor":15,"key":"REST"},{"floor":23,"key":"REST"},{"data":"Amplify","floor":25,"key":"SMITH"},{"data":"Electrodynamics","floor":32,"key":"SMITH"},{"data":"Zap","floor":49,"key":"SMITH"}],"neow_cost":"","seed_source_timestamp":0,"circlet_count":0,"master_deck":["Hyperbeam","Thunder Strike","Biased Cognition","Machine Learning","Electrodynamics+1","Buffer+1","Rainbow","Seek","Meteor Strike","Echo Form","All For One","Reboot","Amplify+1","Creative AI","Fission","Core Surge","Creative AI","Static Discharge+1","Cold Snap+1","Rebound+1","Barrage+1","Buffer+1","Rainbow","Gash+1","Zap+1","Glacier","Static Discharge+1","Buffer+1","Biased Cognition+1","Amplify+1","Creative AI+1","Jack Of All Trades+1","Coolheaded+1"],"special_seed":17790,"relics":["Cracked Core","Shuriken","Molten Egg 2","Omamori","Singing Bowl","Ice Cream","Bottled Flame","Bronze Scales","Kunai","Bottled Tornado","Juzu Bracelet","DataDisk","Calling Bell","Pen Nib","Frozen Egg 2","Incense Burner","Bird Faced Urn","Anchor","Meat on the Bone","Red Mask","Matryoshka","Mercury Hourglass","Boot","Bottled Lightning","Pear","Sundial","Bag of Preparation","Calipers","Symbiotic Virus","Dream Catcher","Empty Cage","Smiling Mask","Letter Opener","Gremlin Horn","Pantograph","Centennial Puzzle","Prayer Wheel","Bag of Marbles","Toxic Egg 2","Lantern","Regal Pillow","Oddly Smooth Stone","Cables","Happy Flower"],"potions_floor_usage":[8,8,16,24,30,31,33,37,37,37,40,40,40,45,47,50],"damage_taken":[{"damage":11,"enemies":"Jaw Worm","floor":1,"turns":3},{"damage":10,"enemies":"Small Slimes","floor":3,"turns":3},{"damage":1,"enemies":"2 Louse","floor":5,"turns":2},{"damage":13,"enemies":"Lots of Slimes","floor":7,"turns":2},{"damage":0,"enemies":"Lagavulin","floor":8,"turns":4},{"damage":0,"enemies":"Exordium Wildlife","floor":11,"turns":2},{"damage":13,"enemies":"Blue Slaver","floor":12,"turns":4},{"damage":11,"enemies":"Large Slime","floor":13,"turns":4},{"damage":11,"enemies":"Lots of Slimes","floor":14,"turns":3},{"damage":36,"enemies":"Hexaghost","floor":16,"turns":7},{"damage":20,"enemies":"2 Thieves","floor":18,"turns":3},{"damage":0,"enemies":"Chosen","floor":20,"turns":4},{"damage":27,"enemies":"Masked Bandits","floor":21,"turns":4},{"damage":15,"enemies":"3 Cultists","floor":22,"turns":4},{"damage":31,"enemies":"Gremlin Leader","floor":24,"turns":6},{"damage":0,"enemies":"Chosen and Byrds","floor":28,"turns":4},{"damage":0,"enemies":"Cultist and Chosen","floor":29,"turns":5},{"damage":17,"enemies":"Centurion and Healer","floor":30,"turns":5},{"damage":2,"enemies":"Sentry and Sphere","floor":31,"turns":4},{"damage":25,"enemies":"Automaton","floor":33,"turns":8},{"damage":0,"enemies":"3 Darklings","floor":35,"turns":1},{"damage":0,"enemies":"Orb Walker","floor":36,"turns":3},{"damage":22,"enemies":"Spire Growth","floor":37,"turns":5},{"damage":0,"enemies":"Giant Head","floor":40,"turns":12},{"damage":8,"enemies":"2 Orb Walkers","floor":42,"turns":3},{"damage":0,"enemies":"Nemesis","floor":45,"turns":7},{"damage":0,"enemies":"Sphere and 2 Shapes","floor":46,"turns":4},{"damage":0,"enemies":"Giant Head","floor":47,"turns":10},{"damage":36,"enemies":"Awakened One","floor":50,"turns":8}],"seed_played":"-2272757281198237477","potions_obtained":[{"floor":1,"key":"Ancient Potion"},{"floor":7,"key":"FocusPotion"},{"floor":12,"key":"Weak Potion"},{"floor":16,"key":"Poison Potion"},{"floor":20,"key":"Regen Potion"},{"floor":28,"key":"SkillPotion"},{"floor":29,"key":"EssenceOfSteel"},{"floor":30,"key":"Swift Potion"},{"floor":33,"key":"Poison Potion"},{"floor":36,"key":"EntropicBrew"},{"floor":42,"key":"EssenceOfSteel"},{"floor":46,"key":"LiquidBronze"},{"floor":47,"key":"Block Potion"}],"is_trial":false,"path_per_floor":["M","?","M","?","M","R","M","E","T","R","M","M","M","M","R","B",null,"M","$","M","?","M","R","E","R","T","?","M","M","M","M","R","B",null,"M","M","M","?","$","E","?","E","T","T","E","M","E","$","R","B"],"character_chosen":"DEFECT","items_purchased":["Static Discharge+1","Cold Snap+1","Rebound+1","Anchor","Glacier","Static Discharge+1","Pantograph","Jack Of All Trades+1","Happy Flower","Coolheaded+1"],"campfire_rested":3,"item_purchase_floors":[19,19,19,19,39,39,39,48,48,48],"current_hp_per_floor":[64,64,54,54,53,75,62,62,62,62,62,49,38,27,49,15,77,57,57,69,52,47,70,55,55,55,65,79,87,74,80,80,74,87,87,87,65,65,65,87,87,83,83,83,87,87,87,87,87,77],"gold":14,"neow_bonus":"","is_prod":false,"is_daily":true,"chose_seed":false,"campfire_upgraded":4,"win_rate":0.0,"timestamp":1537121830,"path_taken":["M","?","?","?","?","R","M","E","T","R","M","M","M","M","R","BOSS","M","$","M","?","M","R","E","R","T","?","M","M","M","M","R","BOSS","M","M","M","?","$","E","?","E","T","?","E","M","E","$","R","BOSS"],"build_version":"2018-09-06","purchased_purges":0,"victory":true,"max_hp_per_floor":[75,75,75,75,75,75,75,75,75,75,75,75,75,75,75,77,77,77,77,77,77,77,77,77,77,77,87,87,87,87,87,87,87,87,87,87,87,87,87,87,87,87,87,87,87,87,87,87,87,87],"card_choices":[{"not_picked":["Meteor Strike+1","Seek"],"picked":"Creative AI","floor":8},{"not_picked":["Fission","Multi-Cast","Echo Form"],"picked":"Singing Bowl","floor":16},{"not_picked":["Consume","Rebound+1"],"picked":"Barrage+1","floor":21},{"not_picked":["All For One+1","Core Surge+1"],"picked":"Buffer+1","floor":24},{"not_picked":["Multi-Cast","Creative AI+1"],"picked":"Rainbow","floor":33},{"not_picked":["Fission","Echo Form+1"],"picked":"Buffer+1","floor":40},{"not_picked":["Fission","Hyperbeam+1"],"picked":"Biased Cognition+1","floor":42},{"not_picked":["Core Surge+1","Biased Cognition+1"],"picked":"Amplify+1","floor":45},{"not_picked":["Meteor Strike+1","Seek+1"],"picked":"Creative AI+1","floor":47}],"player_experience":120830,"relics_obtained":[{"floor":1,"key":"Shuriken"},{"floor":3,"key":"Molten Egg 2"},{"floor":5,"key":"Omamori"},{"floor":7,"key":"Singing Bowl"},{"floor":8,"key":"Ice Cream"},{"floor":9,"key":"Bottled Flame"},{"floor":11,"key":"Bronze Scales"},{"floor":12,"key":"Kunai"},{"floor":13,"key":"Bottled Tornado"},{"floor":14,"key":"Juzu Bracelet"},{"floor":16,"key":"DataDisk"},{"floor":17,"key":"Pen Nib"},{"floor":17,"key":"Frozen Egg 2"},{"floor":17,"key":"Incense Burner"},{"floor":18,"key":"Bird Faced Urn"},{"floor":20,"key":"Meat on the Bone"},{"floor":21,"key":"Red Mask"},{"floor":22,"key":"Matryoshka"},{"floor":24,"key":"Mercury Hourglass"},{"floor":26,"key":"Boot"},{"floor":26,"key":"Bottled Lightning"},{"floor":28,"key":"Sundial"},{"floor":29,"key":"Bag of Preparation"},{"floor":30,"key":"Calipers"},{"floor":31,"key":"Symbiotic Virus"},{"floor":33,"key":"Dream Catcher"},{"floor":35,"key":"Smiling Mask"},{"floor":36,"key":"Letter Opener"},{"floor":37,"key":"Gremlin Horn"},{"floor":40,"key":"Centennial Puzzle"},{"floor":42,"key":"Prayer Wheel"},{"floor":43,"key":"Bag of Marbles"},{"floor":43,"key":"Toxic Egg 2"},{"floor":44,"key":"Lantern"},{"floor":45,"key":"Regal Pillow"},{"floor":46,"key":"Oddly Smooth Stone"},{"floor":47,"key":"Cables"}],"event_choices":[{"event_name":"Liars Game","player_choice":"agreed","floor":2,"damage_taken":0},{"event_name":"Scrap Ooze","player_choice":"unsuccessful","floor":4,"damage_taken":0},{"event_name":"Masked Bandits","player_choice":"Fought Bandits","floor":21,"damage_taken":0},{"event_name":"Addict","player_choice":"Obtained Relic","floor":27,"damage_taken":0},{"event_name":"Match and Keep!","player_choice":"2 cards matched","floor":38,"damage_taken":0},{"event_name":"Falling","player_choice":"Removed Skill","floor":41,"damage_taken":0}],"is_beta":false,"boss_relics":[{"not_picked":["Ectoplasm","Snecko Eye"],"picked":"Calling Bell"},{"not_picked":["Cursed Key","Velvet Choker"],"picked":"Empty Cage"}],"items_purged_floors":[],"is_endless":false,"potions_floor_spawned":[1,7,12,16,20,28,29,30,33,36,42,46,47],"ascension_level":0}