{"gold_per_floor":[119,136,146,156,171,171,206,206,275,302,315,328,328,328,328,405,405,378,395,158,176,176,176],"floor_reached":23,"playtime":2469,"items_purged":[],"score":379,"play_id":"bdce9f86-eea9-43a7-8487-e3325a43c8da","local_time":"20190602200848","is_ascension_mode":true,"campfire_choices":[{"floor":6,"key":"REST"},{"floor":13,"key":"REST"},{"floor":15,"key":"REST"}],"neow_cost":"NONE","seed_source_timestamp":0,"circlet_count":0,"master_deck":["AscendersBane","Survivor","Neutralize+1","Skewer","Blade Dance","Noxious Fumes","All Out Attack","Dagger Throw","Backflip","Malaise","Heel Hook","Caltrops","A Thousand Cuts","Dodge and Roll","Caltrops","All Out Attack","Eviscerate","Expertise","After Image","Acrobatics","Cloak And Dagger","Blade Dance","Glass Knife","Backstab","Finisher","Ghostly","Ghostly","Ghostly"],"special_seed":0,"relics":["Ring of the Snake","Strawberry","Shuriken","Thread and Needle","Pandora\u0027s Box"],"potions_floor_usage":[10,10,11,16,19,23],"damage_taken":[{"damage":9,"enemies":"Small Slimes","floor":1,"turns":5},{"damage":1,"enemies":"Cultist","floor":2,"turns":4},{"damage":9,"enemies":"Jaw Worm","floor":3,"turns":6},{"damage":10,"enemies":"3 Louse","floor":4,"turns":5},{"damage":8,"enemies":"2 Fungi Beasts","floor":5,"turns":4},{"damage":20,"enemies":"3 Sentries","floor":7,"turns":7},{"damage":20,"enemies":"Lagavulin","floor":10,"turns":5},{"damage":4,"enemies":"Blue Slaver","floor":11,"turns":4},{"damage":0,"enemies":"Red Slaver","floor":12,"turns":5},{"damage":2,"enemies":"The Guardian","floor":16,"turns":12},{"damage":20,"enemies":"2 Thieves","floor":18,"turns":4},{"damage":10,"enemies":"Spheric Guardian","floor":19,"turns":6},{"damage":35,"enemies":"Shelled Parasite and Fungi","floor":21,"turns":5},{"damage":30,"enemies":"Book of Stabbing","floor":23,"turns":5}],"seed_played":"2079372430479465303","potions_obtained":[{"floor":2,"key":"FearPotion"},{"floor":4,"key":"GamblersBrew"},{"floor":10,"key":"Regen Potion"},{"floor":12,"key":"Block Potion"},{"floor":16,"key":"LiquidBronze"},{"floor":18,"key":"Regen Potion"}],"is_trial":false,"path_per_floor":["M","M","M","M","M","R","E","?","T","E","M","M","R","?","R","B",null,"M","M","$","M","?","E"],"character_chosen":"THE_SILENT","items_purchased":["Glass Knife","Backstab"],"campfire_rested":3,"item_purchase_floors":[20,20],"current_hp_per_floor":[56,55,46,36,28,49,36,36,36,16,24,24,47,36,59,57,74,54,59,59,24,24,0],"gold":176,"neow_bonus":"TEN_PERCENT_HP_BONUS","is_prod":false,"is_daily":false,"chose_seed":false,"campfire_upgraded":0,"win_rate":0,"timestamp":1559520528,"path_taken":["M","M","M","M","M","R","E","?","T","E","M","?","R","?","R","BOSS","M","M","$","?","?","E"],"build_version":"2019-01-23","purchased_purges":0,"victory":false,"max_hp_per_floor":[72,72,72,72,72,72,79,79,79,79,79,79,79,79,79,79,79,79,79,79,79,39,39],"card_choices":[{"not_picked":["Flying Knee","Bane"],"picked":"Skewer","floor":1},{"not_picked":["Outmaneuver","Tactician","Bane"],"picked":"SKIP","floor":2},{"not_picked":["Prepared","Dodge and Roll"],"picked":"Blade Dance","floor":3},{"not_picked":["Storm of Steel","All Out Attack"],"picked":"Noxious Fumes","floor":4},{"not_picked":["Underhanded Strike","Blade Dance"],"picked":"All Out Attack","floor":5},{"not_picked":["Underhanded Strike","Prepared","All Out Attack"],"picked":"SKIP","floor":7},{"not_picked":["Calculated Gamble","Underhanded Strike"],"picked":"Dagger Throw","floor":10},{"not_picked":["Slice","Prepared"],"picked":"Backflip","floor":11},{"not_picked":["Heel Hook","Expertise","Prepared"],"picked":"SKIP","floor":12},{"not_picked":["Doppelganger","Grand Finale"],"picked":"Malaise","floor":16},{"not_picked":["Prepared","Outmaneuver"],"picked":"Cloak And Dagger","floor":18},{"not_picked":["Outmaneuver","Blur"],"picked":"Blade Dance","floor":19},{"not_picked":["Slice","Blade Dance"],"picked":"Finisher","floor":21}],"player_experience":758230,"relics_obtained":[{"floor":7,"key":"Strawberry"},{"floor":9,"key":"Shuriken"},{"floor":10,"key":"Thread and Needle"}],"event_choices":[{"damage_healed":0,"gold_gain":0,"player_choice":"Forge","damage_taken":0,"max_hp_gain":0,"max_hp_loss":0,"event_name":"Accursed Blacksmith","floor":8,"gold_loss":0,"cards_upgraded":["Neutralize"]},{"damage_healed":0,"gold_gain":0,"player_choice":"Damaged","damage_taken":11,"max_hp_gain":0,"max_hp_loss":0,"event_name":"Wheel of Change","floor":14,"gold_loss":0},{"damage_healed":0,"gold_gain":0,"player_choice":"Became a Ghost","damage_taken":0,"max_hp_gain":0,"max_hp_loss":40,"event_name":"Ghosts","floor":22,"gold_loss":0,"cards_obtained":["Ghostly","Ghostly","Ghostly"]}],"is_beta":false,"boss_relics":[{"not_picked":["Empty Cage","Ring of the Serpent"],"picked":"Pandora\u0027s Box"}],"items_purged_floors":[],"is_endless":false,"potions_floor_spawned":[2,4,10,12,16,18],"killed_by":"Book of Stabbing","ascension_level":17}