{"gold_per_floor":[218,229,76,76,93,93,93,128,128,147,147,147,147,47,47,150,150,167,42,58,76,89,89,89,189,489,489,508,164,181,197,197,197],"floor_reached":33,"playtime":1294,"items_purged":["Strike_B","Parasite","Zap","Dualcast"],"score":383,"play_id":"22c7e91d-0540-4f0f-99b6-5a7acd4bc1f9","local_time":"20181116181458","is_ascension_mode":true,"campfire_choices":[{"data":"Beam Cell","floor":6,"key":"SMITH"},{"data":"Steam","floor":12,"key":"SMITH"},{"data":"Sweeping Beam","floor":15,"key":"SMITH"},{"data":"Echo Form","floor":23,"key":"SMITH"},{"floor":27,"key":"REST"},{"floor":32,"key":"REST"}],"neow_cost":"NONE","seed_source_timestamp":1344140449566,"circlet_count":0,"master_deck":["AscendersBane","Strike_B","Strike_B","Strike_B+1","Defend_B","Defend_B+1","Defend_B","Defend_B","Streamline+1","Self Repair","Beam Cell+1","Sweeping Beam+1","Steam+1","Echo Form+1","Melter","Gash+1","Leap+1","Leap","Streamline","Rebound","Auto Shields"],"relics":["Cracked Core","Pocketwatch","Darkstone Periapt","Blood Vial","Nuclear Battery","Old Coin"],"potions_floor_usage":[20,21,31,33],"damage_taken":[{"damage":0,"enemies":"2 Louse","floor":1,"turns":2},{"damage":4,"enemies":"Jaw Worm","floor":2,"turns":3},{"damage":4,"enemies":"Small Slimes","floor":5,"turns":2},{"damage":16,"enemies":"Gremlin Nob","floor":8,"turns":3},{"damage":6,"enemies":"3 Louse","floor":10,"turns":2},{"damage":24,"enemies":"The Guardian","floor":16,"turns":9},{"damage":16,"enemies":"3 Byrds","floor":18,"turns":5},{"damage":31,"enemies":"2 Thieves","floor":20,"turns":4},{"damage":11,"enemies":"Centurion and Healer","floor":21,"turns":5},{"damage":3,"enemies":"Snecko","floor":22,"turns":4},{"damage":16,"enemies":"Snake Plant","floor":28,"turns":3},{"damage":6,"enemies":"Chosen and Byrds","floor":30,"turns":5},{"damage":9,"enemies":"3 Cultists","floor":31,"turns":5},{"damage":83,"enemies":"Collector","floor":33,"turns":7}],"seed_played":"4567028189668129472","potions_obtained":[{"floor":2,"key":"GamblersBrew"},{"floor":8,"key":"PowerPotion"},{"floor":20,"key":"Block Potion"},{"floor":22,"key":"SteroidPotion"}],"is_trial":false,"path_per_floor":["M","M","$","?","M","R","?","E","T","M","?","R","?","$","R","B",null,"M","$","M","M","M","R","?","?","T","R","M","$","M","M","R","B"],"character_chosen":"DEFECT","items_purchased":["Self Repair","Leap","Streamline","Rebound","Auto Shields"],"campfire_rested":2,"item_purchase_floors":[3,29,29,29,29],"current_hp_per_floor":[68,64,64,49,52,52,52,36,36,30,54,54,47,47,47,32,67,53,53,31,36,42,42,27,27,27,51,37,37,47,47,71,0],"gold":197,"neow_bonus":"HUNDRED_GOLD","is_prod":false,"is_daily":false,"chose_seed":false,"campfire_upgraded":4,"win_rate":0,"timestamp":1542402898,"path_taken":["M","M","$","?","M","R","?","E","T","M","?","R","?","$","R","BOSS","M","$","M","M","M","R","?","?","T","R","M","$","M","M","R","BOSS"],"build_version":"2018-11-15","purchased_purges":4,"victory":false,"max_hp_per_floor":[75,75,75,75,75,75,75,75,75,75,81,81,81,78,78,78,78,78,78,78,78,78,78,83,83,83,83,83,83,83,83,83,83],"card_choices":[{"not_picked":["Stack","Redo","Hello World"],"picked":"SKIP","floor":1},{"not_picked":["Hello World","Beam Cell"],"picked":"Streamline","floor":2},{"not_picked":["Sweeping Beam","Hologram"],"picked":"Beam Cell","floor":5},{"not_picked":["Reboot","Fission"],"picked":"Sweeping Beam","floor":8},{"not_picked":["Hello World","Blizzard"],"picked":"Steam","floor":10},{"not_picked":["Amplify","Reboot"],"picked":"Echo Form","floor":16},{"not_picked":["Cold Snap+1","Compile Driver"],"picked":"Melter","floor":18},{"not_picked":["Turbo","Barrage+1"],"picked":"Gash+1","floor":20},{"not_picked":["Ball Lightning+1","Sweeping Beam","Barrage"],"picked":"SKIP","floor":21},{"not_picked":["Amplify","Hello World","Fusion+1"],"picked":"SKIP","floor":22},{"not_picked":["Fusion+1","Sweeping Beam+1"],"picked":"Leap+1","floor":28},{"not_picked":["Chill+1","Reinforced Body","Self Repair"],"picked":"SKIP","floor":30},{"not_picked":["Sweeping Beam","Stack","Barrage"],"picked":"SKIP","floor":31}],"player_experience":387159,"relics_obtained":[{"floor":8,"key":"Pocketwatch"},{"floor":9,"key":"Darkstone Periapt"},{"floor":26,"key":"Old Coin"}],"event_choices":[{"damage_healed":0,"gold_gain":0,"player_choice":"Entered Light","damage_taken":15,"max_hp_gain":0,"max_hp_loss":0,"event_name":"Shining Light","floor":4,"gold_loss":0,"cards_upgraded":["Defend_B","Strike_B"]},{"damage_healed":0,"gold_gain":0,"player_choice":"Grow","damage_taken":0,"max_hp_gain":0,"max_hp_loss":0,"event_name":"Living Wall","floor":7,"gold_loss":0,"cards_upgraded":["Streamline"]},{"damage_healed":18,"gold_gain":0,"player_choice":"Healed and dodged fight","damage_taken":0,"max_hp_gain":0,"max_hp_loss":0,"event_name":"Mushrooms","floor":11,"gold_loss":0,"cards_obtained":["Parasite"]},{"damage_healed":0,"gold_gain":0,"player_choice":"Success","damage_taken":7,"relics_obtained":["Blood Vial"],"max_hp_gain":0,"max_hp_loss":0,"event_name":"Scrap Ooze","floor":13,"gold_loss":0},{"damage_healed":0,"gold_gain":0,"player_choice":"Shed Blood","damage_taken":20,"max_hp_gain":5,"max_hp_loss":0,"event_name":"Forgotten Altar","floor":24,"gold_loss":0},{"damage_healed":0,"gold_gain":100,"player_choice":"Pray","damage_taken":0,"max_hp_gain":0,"max_hp_loss":0,"event_name":"Golden Shrine","floor":25,"gold_loss":0}],"is_beta":false,"boss_relics":[{"not_picked":["Pandora\u0027s Box","Calling Bell"],"picked":"Nuclear Battery"}],"items_purged_floors":[3,14,19,29],"is_endless":false,"potions_floor_spawned":[2,8,20,22,30],"killed_by":"Collector","ascension_level":11}