{"gold_per_floor":[109,109,109,128,146,186,202,202,202,202,242,242,242,257,257,385,385,401,401],"floor_reached":19,"playtime":587,"items_purged":[],"score":212,"play_id":"8c1256d6-2de1-43f3-8670-feffbd331719","local_time":"20180921234516","is_ascension_mode":true,"campfire_choices":[{"floor":8,"key":"REST"},{"floor":10,"key":"REST"},{"floor":15,"key":"REST"}],"neow_cost":"PERCENT_DAMAGE","seed_source_timestamp":640555786033322,"circlet_count":0,"master_deck":["Strike_B","Strike_B","Strike_B","Strike_B","Defend_B","Defend_B","Defend_B","Zap","Dualcast+1","Ball Lightning","Injury","Leap+1","Redo","Hologram","Go for the Eyes","Genetic Algorithm","Pain","Static Discharge","Seek","Hello World"],"relics":["Cracked Core","Golden Idol","Sundial","Ornamental Fan","Pantograph","WarpedTongs","Cursed Key"],"potions_floor_usage":[16,16,19],"damage_taken":[{"damage":0,"enemies":"Small Slimes","floor":1,"turns":3},{"damage":6,"enemies":"Cultist","floor":4,"turns":3},{"damage":0,"enemies":"2 Louse","floor":5,"turns":2},{"damage":26,"enemies":"3 Sentries","floor":6,"turns":7},{"damage":3,"enemies":"Looter","floor":7,"turns":3},{"damage":13,"enemies":"Lagavulin","floor":11,"turns":5},{"damage":15,"enemies":"Large Slime","floor":14,"turns":5},{"damage":39,"enemies":"Hexaghost","floor":16,"turns":6},{"damage":29,"enemies":"3 Byrds","floor":18,"turns":2},{"damage":66,"enemies":"Masked Bandits","floor":19,"turns":5}],"seed_played":"7592252917190201166","potions_obtained":[{"floor":6,"key":"Block Potion"},{"floor":11,"key":"Swift Potion"},{"floor":14,"key":"LiquidBronze"}],"is_trial":false,"path_per_floor":["M","?","?","M","M","E","M","R","T","R","E","?","?","M","R","B",null,"M"],"character_chosen":"DEFECT","items_purchased":[],"campfire_rested":3,"item_purchase_floors":[],"current_hp_per_floor":[65,65,65,59,59,33,30,56,56,82,69,69,51,36,62,48,89,60,0],"gold":401,"neow_bonus":"TWENTY_PERCENT_HP_BONUS","is_prod":false,"is_daily":false,"chose_seed":false,"campfire_upgraded":0,"win_rate":0,"timestamp":1537587916,"path_taken":["M","?","?","M","M","E","M","R","T","R","E","?","?","?","R","BOSS","M","?"],"build_version":"2018-09-20","purchased_purges":0,"victory":false,"max_hp_per_floor":[89,89,89,89,89,89,89,89,89,89,89,89,89,89,89,89,89,89,89],"card_choices":[{"not_picked":["Steam","Sweeping Beam"],"picked":"Ball Lightning","floor":1},{"not_picked":["Sweeping Beam","Cold Snap"],"picked":"Leap","floor":4},{"not_picked":["Chaos","Rebound"],"picked":"Redo","floor":5},{"not_picked":["Darkness","Glacier"],"picked":"Hologram","floor":6},{"not_picked":["Ball Lightning","Sweeping Beam"],"picked":"Go for the Eyes","floor":7},{"not_picked":["Rebound","Ball Lightning"],"picked":"Genetic Algorithm","floor":11},{"not_picked":["Leap","FTL"],"picked":"Static Discharge","floor":14},{"not_picked":["Reboot","Thunder Strike"],"picked":"Seek","floor":16},{"not_picked":["Hologram","Go for the Eyes"],"picked":"Hello World","floor":18}],"player_experience":172039,"relics_obtained":[{"floor":6,"key":"Sundial"},{"floor":9,"key":"Ornamental Fan"},{"floor":11,"key":"Pantograph"}],"event_choices":[{"event_name":"Bonfire Elementals","player_choice":"BASIC","floor":2,"damage_taken":0},{"event_name":"Golden Idol","player_choice":"Take Wound","floor":3,"damage_taken":0},{"event_name":"Accursed Blacksmith","player_choice":"Rummage","floor":12,"damage_taken":0},{"event_name":"Shining Light","player_choice":"Entered Light","floor":13,"damage_taken":0},{"event_name":"Masked Bandits","player_choice":"Fought Bandits","floor":19,"damage_taken":0}],"is_beta":false,"boss_relics":[{"not_picked":["Runic Dome","Philosopher\u0027s Stone"],"picked":"Cursed Key"}],"items_purged_floors":[],"is_endless":false,"potions_floor_spawned":[6,11,14],"killed_by":"Masked Bandits","ascension_level":4}