{"gold_per_floor":[117,137,91,108,126,159,159,191,191,220,220,232,9,44,44,141,141,153,163,163,163,176,206,156,174,252,252,286,286,319,319,319,319],"floor_reached":33,"playtime":1290,"items_purged":["Strike_R","Decay"],"score":436,"play_id":"624711f3-7c52-4157-a513-2ea436a6bb51","local_time":"20190521171826","is_ascension_mode":true,"campfire_choices":[{"floor":7.0,"key":"REST"},{"floor":11,"key":"REST"},{"floor":15,"key":"REST"},{"floor":27,"key":"REST"},{"floor":29,"key":"REST"},{"floor":32,"key":"REST"}],"neow_cost":"PERCENT_DAMAGE","seed_source_timestamp":566990838441622,"circlet_count":0,"master_deck":["Strike_R+1","Strike_R","Strike_R","Strike_R","Defend_R","Defend_R","Defend_R","Defend_R","Bash","Reaper+1","Uppercut","Shrug It Off","Thunderclap","Twin Strike","Corruption","Dropkick","Offering","Pommel Strike","Warcry","Bludgeon","Cleave","Cleave","Spot Weakness","Infernal Blade","Parasite","Whirlwind","Pommel Strike"],"special_seed":0,"relics":["Burning Blood","Whetstone","Bottled Flame","Blue Candle","Matryoshka","Vajra","Mercury Hourglass","Cursed Key","Girya","Smiling Mask","Centennial Puzzle","Singing Bowl","Sundial","Shuriken"],"potions_floor_usage":[10,16,23,28,28,31],"damage_taken":[{"damage":6.0,"enemies":"Cultist","floor":1.0,"turns":3.0},{"damage":10.0,"enemies":"2 Louse","floor":2.0,"turns":3.0},{"damage":19.0,"enemies":"Jaw Worm","floor":4.0,"turns":3.0},{"damage":8.0,"enemies":"Looter","floor":5.0,"turns":2.0},{"damage":40.0,"enemies":"Gremlin Nob","floor":6.0,"turns":5.0},{"damage":40.0,"enemies":"3 Sentries","floor":8.0,"turns":7.0},{"damage":2,"enemies":"Lagavulin","floor":10,"turns":6},{"damage":13,"enemies":"2 Fungi Beasts","floor":12,"turns":2},{"damage":39,"enemies":"3 Sentries","floor":14,"turns":7},{"damage":60,"enemies":"The Guardian","floor":16,"turns":13},{"damage":7,"enemies":"Spheric Guardian","floor":18,"turns":3},{"damage":20,"enemies":"2 Thieves","floor":19,"turns":4},{"damage":14,"enemies":"Chosen and Byrds","floor":22,"turns":3},{"damage":42,"enemies":"Gremlin Leader","floor":23,"turns":4},{"damage":30,"enemies":"Shelled Parasite and Fungi","floor":25,"turns":4},{"damage":38,"enemies":"Book of Stabbing","floor":28,"turns":4},{"damage":47,"enemies":"Gremlin Leader","floor":30,"turns":4},{"damage":12,"enemies":"Cultist and Chosen","floor":31,"turns":4},{"damage":55,"enemies":"Champ","floor":33,"turns":7}],"seed_played":"2421079805760875543","potions_obtained":[{"floor":2.0,"key":"SpeedPotion"},{"floor":4.0,"key":"SmokeBomb"},{"floor":14,"key":"Fire Potion"},{"floor":16,"key":"PowerPotion"},{"floor":19,"key":"SkillPotion"},{"floor":25,"key":"Explosive Potion"}],"is_trial":false,"path_per_floor":["M","M","$","M","M","E","R","E","T","E","R","M","$","E","R","B",null,"M","M","?","?","M","E","$","M","T","R","E","R","E","M","R","B"],"character_chosen":"IRONCLAD","items_purchased":["Thunderclap","Vajra"],"campfire_rested":6,"item_purchase_floors":[3,13],"current_hp_per_floor":[55,59,59,47,45,17,41,22,22,26,50,53,53,38,62,14,64,63,61,61,61,62,44,44,20,20,44,12,36,13,19,43,0],"gold":319,"neow_bonus":"THREE_RARE_CARDS","is_prod":false,"is_daily":false,"chose_seed":false,"campfire_upgraded":0,"win_rate":0,"timestamp":1558473506,"path_taken":["M","M","?","M","M","E","R","E","T","E","R","?","$","E","R","BOSS","M","M","?","?","M","E","$","M","T","R","E","R","E","M","R","BOSS"],"build_version":"2019-01-23","purchased_purges":2,"victory":false,"max_hp_per_floor":[80,80,80,80,80,80,80,80,80,80,80,80,80,80,80,80,80,80,80,80,80,80,80,80,80,80,80,80,80,80,80,80,80],"card_choices":[{"not_picked":["Dark Embrace","Limit Break"],"picked":"Reaper","floor":0.0},{"not_picked":["Wild Strike","Headbutt"],"picked":"Uppercut","floor":1.0},{"not_picked":["Heavy Blade","Havoc"],"picked":"Shrug It Off","floor":2.0},{"not_picked":["Clothesline","Sword Boomerang"],"picked":"Twin Strike","floor":4.0},{"not_picked":["Wild Strike","Shockwave","Heavy Blade"],"picked":"SKIP","floor":5.0},{"not_picked":["Rupture","Rampage"],"picked":"Corruption","floor":6.0},{"not_picked":["Clash","True Grit"],"picked":"Dropkick","floor":8.0},{"not_picked":["Dual Wield","Warcry"],"picked":"Offering","floor":10},{"not_picked":["Blood for Blood","Body Slam"],"picked":"Pommel Strike","floor":12},{"not_picked":["Headbutt","Sever Soul"],"picked":"Warcry","floor":14},{"not_picked":["Juggernaut","Demon Form"],"picked":"Bludgeon","floor":16},{"not_picked":["Havoc","Sword Boomerang"],"picked":"Cleave","floor":18},{"not_picked":["Iron Wave","True Grit","Clothesline"],"picked":"SKIP","floor":19},{"not_picked":["Heavy Blade","Anger"],"picked":"Cleave","floor":22},{"not_picked":["Corruption","Warcry"],"picked":"Spot Weakness","floor":23},{"not_picked":["Pommel Strike","Thunderclap"],"picked":"Infernal Blade","floor":25},{"not_picked":["Bludgeon","Wild Strike"],"picked":"Whirlwind","floor":28},{"not_picked":["Searing Blow+1","True Grit"],"picked":"Pommel Strike","floor":30}],"player_experience":646801,"relics_obtained":[{"floor":6.0,"key":"Whetstone"},{"floor":8.0,"key":"Bottled Flame"},{"floor":9.0,"key":"Blue Candle"},{"floor":10,"key":"Matryoshka"},{"floor":14,"key":"Mercury Hourglass"},{"floor":23,"key":"Smiling Mask"},{"floor":26,"key":"Centennial Puzzle"},{"floor":26,"key":"Singing Bowl"},{"floor":28,"key":"Sundial"},{"floor":30,"key":"Shuriken"}],"event_choices":[{"damage_healed":0,"gold_gain":0,"player_choice":"Smashed Altar","damage_taken":0,"max_hp_gain":0,"max_hp_loss":0,"event_name":"Forgotten Altar","floor":20,"gold_loss":0,"cards_obtained":["Decay"]},{"damage_healed":0,"gold_gain":0,"player_choice":"Opened","damage_taken":0,"relics_obtained":["Girya"],"max_hp_gain":0,"max_hp_loss":0,"event_name":"The Mausoleum","floor":21,"gold_loss":0}],"is_beta":false,"boss_relics":[{"not_picked":["Runic Cube","Tiny House"],"picked":"Cursed Key"}],"items_purged_floors":[13,24],"is_endless":false,"potions_floor_spawned":[2,4,14,16,19,22,25],"killed_by":"Champ","ascension_level":6}