{"gold_per_floor":[118,118,83,158,158,158,168,168,168,168,202,221,246,262,262,362,362,375,375,185,199,299,299,333,333,360,385,403,328,357,369,369,474,474,494,494,594,594,639,639,674,14,61,73,85,129,155,167,179,191],"floor_reached":51,"playtime":3181,"items_purged":[],"score":1185,"play_id":"5804eff4-1255-4ccf-bd35-416058f2349f","local_time":"20190321191810","is_ascension_mode":true,"campfire_choices":[{"data":"Terror","floor":6,"key":"SMITH"},{"data":"Well Laid Plans","floor":8,"key":"SMITH"},{"data":"Flying Knee","floor":10,"key":"SMITH"},{"floor":15,"key":"REST"},{"data":"A Thousand Cuts","floor":23,"key":"SMITH"},{"floor":25,"key":"REST"},{"floor":32,"key":"REST"},{"floor":40,"key":"REST"},{"floor":44,"key":"REST"},{"floor":49,"key":"REST"}],"neow_cost":"NONE","seed_source_timestamp":696686830009535,"circlet_count":0,"master_deck":["AscendersBane","Defend_G","Defend_G","Defend_G","Defend_G","Defend_G","Strike_G","Survivor","Neutralize+1","Skewer+1","Flying Knee+1","Terror+1","Well Laid Plans+1","Predator","Backstab","A Thousand Cuts+1","Dagger Spray+1","Dash+1","PiercingWail+1","Footwork","Venomology","Malaise+1","Bullet Time","Corpse Explosion","Outmaneuver+1","Blade Dance+1","Finesse","Backflip+1","Normality","After Image","Skewer+1"],"relics":["Ring of the Snake","Pear","Strawberry","Lantern","Nloth\u0027s Gift","Bag of Marbles","Regal Pillow","Potion Belt","Girya","Question Card","Cursed Key","Du-Vu Doll","WingedGreaves","War Paint","Pen Nib","StoneCalendar","HandDrill","MawBank","Vajra"],"potions_floor_usage":[11,24,27,28,31,31,33,33,33,37,39,39,46,46,46,50,50],"damage_taken":[{"damage":0,"enemies":"Small Slimes","floor":1,"turns":6},{"damage":0,"enemies":"Jaw Worm","floor":7,"turns":1},{"damage":0,"enemies":"Gremlin Nob","floor":11,"turns":2},{"damage":0,"enemies":"Cultist","floor":12,"turns":2},{"damage":40,"enemies":"3 Sentries","floor":13,"turns":6},{"damage":5,"enemies":"Red Slaver","floor":14,"turns":2},{"damage":12,"enemies":"Slime Boss","floor":16,"turns":7},{"damage":11,"enemies":"2 Thieves","floor":18,"turns":4},{"damage":21,"enemies":"3 Byrds","floor":21,"turns":7},{"damage":12,"enemies":"Book of Stabbing","floor":24,"turns":5},{"damage":14,"enemies":"Gremlin Leader","floor":27,"turns":6},{"damage":6,"enemies":"3 Cultists","floor":28,"turns":4},{"damage":23,"enemies":"Book of Stabbing","floor":30,"turns":8},{"damage":3,"enemies":"Sentry and Sphere","floor":31,"turns":4},{"damage":42,"enemies":"Champ","floor":33,"turns":17},{"damage":19,"enemies":"3 Darklings","floor":35,"turns":5},{"damage":8,"enemies":"Mind Bloom Boss Battle","floor":37,"turns":9},{"damage":27,"enemies":"2 Orb Walkers","floor":39,"turns":3},{"damage":23,"enemies":"Nemesis","floor":41,"turns":9},{"damage":44,"enemies":"Reptomancer","floor":46,"turns":6},{"damage":0,"enemies":"Orb Walker","floor":47,"turns":1},{"damage":62,"enemies":"Awakened One","floor":50,"turns":10}],"seed_played":"-862384731334979498","potions_obtained":[{"floor":1,"key":"SteroidPotion"},{"floor":12,"key":"GhostInAJar"},{"floor":14,"key":"SpeedPotion"},{"floor":16,"key":"Weak Potion"},{"floor":24,"key":"SpeedPotion"},{"floor":27,"key":"Explosive Potion"},{"floor":28,"key":"Explosive Potion"},{"floor":31,"key":"Regen Potion"},{"floor":35,"key":"LiquidBronze"},{"floor":41,"key":"Weak Potion"},{"floor":46,"key":"SneckoOil"}],"is_trial":false,"path_per_floor":["M","?","$","?","?","R","M","R","T","R","E","M","E","M","R","B",null,"M","?","$","M","?","R","E","R","T","E","M","?","E","M","R","B",null,"M","?","?","?","?","R","E","$","T","R","?","E","M","?","R","B",null],"character_chosen":"THE_SILENT","items_purchased":["Terror","Footwork","Bag of Marbles","Pen Nib","StoneCalendar","HandDrill"],"campfire_rested":6,"item_purchase_floors":[3,20,20,42,42,42],"current_hp_per_floor":[63,63,63,52,52,52,52,52,62,62,69,69,29,24,50,38,75,64,64,64,43,43,43,31,72,72,58,52,52,29,26,67,40,75,56,56,48,48,26,67,44,44,44,85,83,39,39,39,78,16],"gold":203,"neow_bonus":"THREE_CARDS","is_prod":false,"is_daily":false,"chose_seed":false,"campfire_upgraded":4,"win_rate":0,"timestamp":1553210290,"path_taken":["M","?","$","?","?","R","?","R","T","R","E","M","E","M","R","BOSS","M","?","$","?","?","R","E","R","T","E","?","?","E","M","R","BOSS","M","?","?","?","?","R","E","$","T","R","?","E","?","?","R","BOSS"],"build_version":"2019-01-23","purchased_purges":0,"victory":true,"max_hp_per_floor":[70,70,70,70,70,70,70,70,80,80,87,87,87,87,87,87,87,87,87,87,87,87,87,87,87,87,87,87,87,87,87,87,87,87,87,87,87,87,87,87,87,87,87,87,83,83,83,83,83,83],"card_choices":[{"not_picked":["Concentrate","Dodge and Roll"],"picked":"Skewer","floor":0},{"not_picked":["Skewer","Dodge and Roll"],"picked":"Flying Knee","floor":1},{"not_picked":["Caltrops","Dagger Spray"],"picked":"Well Laid Plans","floor":7},{"not_picked":["Caltrops","Masterful Stab"],"picked":"Predator","floor":11},{"not_picked":["Finisher","Bouncing Flask"],"picked":"Skewer","floor":12},{"not_picked":["Quick Slash","Calculated Gamble","Sucker Punch"],"picked":"SKIP","floor":13},{"not_picked":["Distraction","Quick Slash"],"picked":"Backstab","floor":14},{"not_picked":["Die Die Die","Adrenaline"],"picked":"A Thousand Cuts","floor":16},{"not_picked":["Heel Hook","Quick Slash","Well Laid Plans"],"picked":"SKIP","floor":18},{"not_picked":["Dagger Throw","Endless Agony","Underhanded Strike"],"picked":"SKIP","floor":21},{"not_picked":["Bane+1","Infinite Blades+1"],"picked":"Venomology","floor":24},{"not_picked":["Flying Knee","Blade Dance"],"picked":"Malaise","floor":27},{"not_picked":["Terror","Concentrate","Underhanded Strike"],"picked":"SKIP","floor":28},{"not_picked":["Acrobatics","Flying Knee"],"picked":"Bullet Time","floor":30},{"not_picked":["Grand Finale","Poisoned Stab","Eviscerate","Setup"],"picked":"SKIP","floor":31},{"not_picked":["A Thousand Cuts","Bullet Time","Phantasmal Killer"],"picked":"Corpse Explosion","floor":33},{"not_picked":["PiercingWail","Flying Knee","Dagger Spray"],"picked":"Outmaneuver+1","floor":35},{"not_picked":["Bane+1","All Out Attack+1","Prepared+1"],"picked":"Blade Dance+1","floor":37},{"not_picked":["Trip","Deep Breath","Purity"],"picked":"Finesse","floor":38},{"not_picked":["Deadly Poison","Poisoned Stab","All Out Attack"],"picked":"Backflip","floor":39},{"not_picked":["Dagger Throw+1","Acrobatics+1","Choke+1","Flechettes"],"picked":"SKIP","floor":41},{"not_picked":["Acrobatics+1","Corpse Explosion","Riddle With Holes"],"picked":"After Image","floor":46},{"not_picked":["Footwork","Bane+1","Caltrops"],"picked":"Skewer+1","floor":47}],"player_experience":222014,"relics_obtained":[{"floor":9,"key":"Pear"},{"floor":11,"key":"Strawberry"},{"floor":13,"key":"Lantern"},{"floor":24,"key":"Regal Pillow"},{"floor":26,"key":"Potion Belt"},{"floor":27,"key":"Girya"},{"floor":30,"key":"Question Card"},{"floor":37,"key":"Du-Vu Doll"},{"floor":39,"key":"WingedGreaves"},{"floor":41,"key":"War Paint"},{"floor":43,"key":"MawBank"},{"floor":46,"key":"Vajra"}],"event_choices":[{"damage_healed":0,"gold_gain":0,"player_choice":"Grow","damage_taken":0,"max_hp_gain":0,"max_hp_loss":0,"event_name":"Living Wall","floor":2,"gold_loss":0,"cards_upgraded":["Skewer"]},{"damage_healed":0,"gold_gain":75,"player_choice":"Gather Gold","damage_taken":11,"max_hp_gain":0,"max_hp_loss":0,"event_name":"World of Goop","floor":4,"gold_loss":0},{"damage_healed":0,"gold_gain":0,"player_choice":"Forge","damage_taken":0,"max_hp_gain":0,"max_hp_loss":0,"event_name":"Accursed Blacksmith","floor":5,"gold_loss":0,"cards_upgraded":["Neutralize"]},{"damage_healed":0,"gold_gain":0,"player_choice":"Traded Relic","damage_taken":0,"relics_obtained":["Nloth\u0027s Gift"],"max_hp_gain":0,"max_hp_loss":0,"event_name":"N\u0027loth","floor":19,"relics_lost":["Astrolabe"],"gold_loss":0},{"damage_healed":0,"gold_gain":100,"player_choice":"Pray","damage_taken":0,"max_hp_gain":0,"max_hp_loss":0,"event_name":"Golden Shrine","floor":22,"gold_loss":0},{"cards_removed":["Strike_G"],"damage_healed":0,"gold_gain":0,"player_choice":"Gave Gold","damage_taken":0,"max_hp_gain":0,"max_hp_loss":0,"event_name":"Beggar","floor":29,"gold_loss":75},{"damage_healed":0,"gold_gain":0,"player_choice":"Ignored","damage_taken":0,"max_hp_gain":0,"max_hp_loss":0,"event_name":"Tomb of Lord Red Mask","floor":36,"gold_loss":0},{"damage_healed":0,"gold_gain":0,"player_choice":"Fight","damage_taken":0,"max_hp_gain":0,"max_hp_loss":0,"event_name":"MindBloom","floor":37,"gold_loss":0},{"damage_healed":0,"gold_gain":0,"player_choice":"Memory 1","damage_taken":0,"max_hp_gain":0,"max_hp_loss":0,"event_name":"SensoryStone","floor":38,"gold_loss":0},{"damage_healed":0,"gold_gain":0,"player_choice":"Fight","damage_taken":0,"max_hp_gain":0,"max_hp_loss":0,"event_name":"Mysterious Sphere","floor":39,"gold_loss":0},{"damage_healed":0,"gold_gain":0,"player_choice":"Max HP","damage_taken":0,"max_hp_gain":0,"max_hp_loss":4,"event_name":"Winding Halls","floor":45,"gold_loss":0},{"cards_removed":["Skewer"],"damage_healed":0,"gold_gain":0,"player_choice":"Removed Attack","damage_taken":0,"max_hp_gain":0,"max_hp_loss":0,"event_name":"Falling","floor":48,"gold_loss":0}],"is_beta":false,"boss_relics":[{"not_picked":["Snecko Eye","HoveringKite"],"picked":"Astrolabe"},{"not_picked":["Eternal Feather","Calling Bell"],"picked":"Cursed Key"}],"items_purged_floors":[],"is_endless":false,"potions_floor_spawned":[1,12,14,16,24,27,28,31,35,41,46],"ascension_level":10}