{"gold_per_floor":[114,165,115,30,42,73,73,143,143,168,168,201,213,227,227,325,325,342,342,293,313,5,5,19,49,124,124,134,134,151,184,184,288,288,304,321,321],"floor_reached":37,"playtime":3083,"items_purged":[],"score":708,"play_id":"fa298610-3f4f-475c-aabb-9948e715af65","local_time":"20190610235830","is_ascension_mode":true,"campfire_choices":[{"data":"Bash","floor":7.0,"key":"SMITH"},{"data":"Uppercut","floor":11.0,"key":"SMITH"},{"floor":15.0,"key":"DIG"},{"floor":23.0,"key":"DIG"},{"floor":25.0,"key":"DIG"},{"floor":27.0,"key":"DIG"},{"floor":32.0,"key":"DIG"}],"neow_cost":"NONE","seed_source_timestamp":0,"circlet_count":0,"master_deck":["AscendersBane","Strike_R","Strike_R","Strike_R","Strike_R","Defend_R","Defend_R","Defend_R","Defend_R","Bash+1","Dropkick","PanicButton","Offering","Uppercut+1","Rupture","Iron Wave","True Grit","Cleave","Barricade","Iron Wave+1","Offering","Entrench","Body Slam","Armaments+1","Shockwave","Juggernaut","Evolve","Shrug It Off","True Grit+1"],"special_seed":0,"relics":["Burning Blood","NeowsBlessing","Centennial Puzzle","Gambling Chip","Ginger","Prayer Wheel","Shovel","Bronze Scales","Snecko Eye","Potion Belt","Art of War","Matryoshka","Tiny Chest","Oddly Smooth Stone","The Courier","Mercury Hourglass","PreservedInsect","Nunchaku","Philosopher\u0027s Stone"],"potions_floor_usage":[],"damage_taken":[{"damage":0.0,"enemies":"Cultist","floor":1.0,"turns":1.0},{"damage":0.0,"enemies":"2 Louse","floor":5.0,"turns":1.0},{"damage":0.0,"enemies":"Lagavulin","floor":6.0,"turns":1.0},{"damage":26.0,"enemies":"3 Sentries","floor":10.0,"turns":8.0},{"damage":18.0,"enemies":"Gremlin Nob","floor":12.0,"turns":3.0},{"damage":4.0,"enemies":"Jaw Worm","floor":13.0,"turns":2.0},{"damage":3.0,"enemies":"Looter","floor":14.0,"turns":3.0},{"damage":47.0,"enemies":"Slime Boss","floor":16.0,"turns":9.0},{"damage":19.0,"enemies":"Shell Parasite","floor":18.0,"turns":4.0},{"damage":6.0,"enemies":"Chosen","floor":21.0,"turns":4.0},{"damage":0.0,"enemies":"Snecko","floor":24.0,"turns":5.0},{"damage":6.0,"enemies":"Snake Plant","floor":28.0,"turns":4.0},{"damage":6.0,"enemies":"Chosen and Byrds","floor":30.0,"turns":4.0},{"damage":12.0,"enemies":"Gremlin Leader","floor":31.0,"turns":7.0},{"damage":31.0,"enemies":"Collector","floor":33.0,"turns":7.0},{"damage":34.0,"enemies":"3 Darklings","floor":35.0,"turns":6.0},{"damage":12.0,"enemies":"3 Shapes","floor":36.0,"turns":4.0},{"damage":40,"enemies":"Spire Growth","floor":37,"turns":3}],"seed_played":"-9033102880728197708","potions_obtained":[{"floor":5.0,"key":"LiquidBronze"},{"floor":6.0,"key":"AttackPotion"},{"floor":13.0,"key":"Swift Potion"},{"floor":21.0,"key":"Swift Potion"},{"floor":30.0,"key":"Poison Potion"},{"floor":33.0,"key":"GamblersBrew"}],"is_trial":false,"path_per_floor":["M","T","?","$","M","E","R","?","T","E","R","E","M","M","R","B",null,"M","?","$","M","$","R","M","R","T","R","M","?","M","E","R","B",null,"M","M","M"],"character_chosen":"IRONCLAD","items_purchased":["PanicButton","SteroidPotion","Art of War","Offering"],"campfire_rested":0,"item_purchase_floors":[4,20,22,22],"current_hp_per_floor":[78,78,78,78,80,80,80,80,80,60,60,48,50,53,53,12,63,50,50,50,50,50,50,56,56,56,56,56,56,56,50,50,25,66,38,32,0],"gold":321,"neow_bonus":"THREE_ENEMY_KILL","is_prod":false,"is_daily":false,"chose_seed":false,"campfire_upgraded":2,"win_rate":0,"timestamp":1560236310,"path_taken":["M","?","?","$","?","E","R","?","T","E","R","E","M","M","R","BOSS","M","?","?","M","$","R","M","R","T","R","?","?","?","E","R","BOSS","M","?","M"],"build_version":"2019-01-23","purchased_purges":0,"victory":false,"max_hp_per_floor":[80,80,80,80,80,80,80,80,80,80,80,80,80,80,80,80,80,80,80,80,80,80,80,80,80,80,80,80,80,80,80,80,80,80,80,80,80],"card_choices":[{"not_picked":["Perfected Strike","Pummel"],"picked":"Dropkick","floor":1.0},{"not_picked":["Second Wind","Body Slam","Shrug It Off"],"picked":"SKIP","floor":5.0},{"not_picked":["Carnage","Wild Strike"],"picked":"Offering","floor":6.0},{"not_picked":["Headbutt","Iron Wave"],"picked":"Uppercut","floor":10.0},{"not_picked":["Battle Trance","Blood for Blood"],"picked":"Rupture","floor":12.0},{"not_picked":["Dual Wield","Clothesline"],"picked":"Iron Wave","floor":13.0},{"not_picked":["Warcry","Dropkick"],"picked":"True Grit","floor":13.0},{"not_picked":["True Grit","Twin Strike"],"picked":"Cleave","floor":14.0},{"not_picked":["Perfected Strike","Uppercut","Blood for Blood"],"picked":"SKIP","floor":14.0},{"not_picked":["Double Tap","Bludgeon"],"picked":"Barricade","floor":16.0},{"not_picked":["Rupture","Uppercut+1"],"picked":"Iron Wave+1","floor":18.0},{"not_picked":["Second Wind+1","Rampage","Heavy Blade+1"],"picked":"SKIP","floor":18.0},{"not_picked":["Clash+1","Twin Strike+1","True Grit"],"picked":"SKIP","floor":21.0},{"not_picked":["Sword Boomerang","Inflame","Anger+1"],"picked":"SKIP","floor":21.0},{"not_picked":["Body Slam","Spot Weakness"],"picked":"Entrench","floor":24.0},{"not_picked":["Warcry+1","Sever Soul"],"picked":"Body Slam","floor":24.0},{"not_picked":["Heavy Blade","Wild Strike"],"picked":"Armaments","floor":28.0},{"not_picked":["Iron Wave","Burning Pact+1","True Grit+1"],"picked":"SKIP","floor":28.0},{"not_picked":["Clothesline","Immolate","Clash+1"],"picked":"SKIP","floor":30.0},{"not_picked":["Pummel","Wild Strike","Thunderclap"],"picked":"SKIP","floor":30.0},{"not_picked":["Heavy Blade","Blood for Blood"],"picked":"Shockwave","floor":31.0},{"not_picked":["Limit Break","Double Tap"],"picked":"Juggernaut","floor":33.0},{"not_picked":["True Grit","Armaments+1"],"picked":"Evolve","floor":35.0},{"not_picked":["Iron Wave","Warcry"],"picked":"Shrug It Off","floor":35.0},{"not_picked":["Shrug It Off+1","Infernal Blade+1"],"picked":"True Grit+1","floor":36.0},{"not_picked":["Berserk","Fire Breathing+1","Wild Strike"],"picked":"SKIP","floor":36.0}],"player_experience":229323,"relics_obtained":[{"floor":2.0,"key":"Centennial Puzzle"},{"floor":6.0,"key":"Gambling Chip"},{"floor":9.0,"key":"Ginger"},{"floor":10.0,"key":"Prayer Wheel"},{"floor":12.0,"key":"Shovel"},{"floor":15.0,"key":"Bronze Scales"},{"floor":23.0,"key":"Matryoshka"},{"floor":25.0,"key":"Tiny Chest"},{"floor":26.0,"key":"Oddly Smooth Stone"},{"floor":26.0,"key":"The Courier"},{"floor":27.0,"key":"Mercury Hourglass"},{"floor":31.0,"key":"PreservedInsect"},{"floor":32.0,"key":"Nunchaku"}],"event_choices":[{"cards_removed":["Strike_R"],"damage_healed":0.0,"max_hp_gain":0.0,"max_hp_loss":0.0,"gold_gain":0.0,"event_name":"The Cleric","player_choice":"Card Removal","floor":3.0,"gold_loss":50.0,"damage_taken":0.0},{"damage_healed":0.0,"max_hp_gain":0.0,"max_hp_loss":0.0,"gold_gain":70.0,"event_name":"Golden Wing","player_choice":"Gained Gold","floor":8.0,"gold_loss":0.0,"damage_taken":0.0},{"damage_healed":0.0,"max_hp_gain":0.0,"max_hp_loss":0.0,"gold_gain":0.0,"event_name":"The Mausoleum","player_choice":"Opened","floor":19.0,"gold_loss":0.0,"damage_taken":0.0,"relics_obtained":["Potion Belt"]},{"damage_healed":0.0,"max_hp_gain":0.0,"max_hp_loss":0.0,"gold_gain":0.0,"event_name":"Upgrade Shrine","player_choice":"Upgraded","floor":29.0,"gold_loss":0.0,"damage_taken":0.0,"cards_upgraded":["Armaments"]}],"is_beta":false,"boss_relics":[{"not_picked":["Black Star","Empty Cage"],"picked":"Snecko Eye"},{"not_picked":["Velvet Choker","Eternal Feather"],"picked":"Philosopher\u0027s Stone"}],"items_purged_floors":[],"is_endless":false,"potions_floor_spawned":[5,6,13,21,30,33],"killed_by":"Spire Growth","ascension_level":11}