{"gold_per_floor":[112,122,47,47,57,85,85,112,112,123,137,137,172,192,192,287,287,303,231,249,249,164,164,195,207,270,309,321,367,1,16,16,114,114,131,149,49,67,167,198,198,198,198,198,52,83,103,103,103,103,103,103,52,81,81],"floor_reached":56,"playtime":3517,"items_purged":["Regret","Decay"],"score":1331,"play_id":"397d0f1e-613e-418a-b2e0-9d6196f20be2","local_time":"20190531121759","is_ascension_mode":true,"campfire_choices":[{"floor":7,"key":"REST"},{"floor":12,"key":"REST"},{"floor":15,"key":"REST"},{"floor":23,"key":"REST"},{"floor":25,"key":"REST"},{"floor":28,"key":"REST"},{"floor":32,"key":"REST"},{"floor":41,"key":"RECALL"},{"floor":44,"key":"REST"},{"data":"Echo Form","floor":49,"key":"SMITH"},{"data":"Seek","floor":52,"key":"SMITH"}],"neow_cost":"TEN_PERCENT_HP_LOSS","seed_source_timestamp":1410792633169925,"circlet_count":0,"master_deck":["Zap","Dualcast","Glacier","Compile Driver","Sunder","Cold Snap","Seek+1","Compile Driver","Coolheaded","Defragment","Hologram","All For One","Tempest","Double Energy","Multi-Cast","Sweeping Beam","Lockon","Electrodynamics","Reinforced Body","BootSequence","Blizzard","Echo Form+1","Beam Cell","Capacitor","Gash","Rainbow","Double Energy+1","Consume","Glacier+1","Go for the Eyes+1","Conserve Battery+1","Hologram","Parasite","White Noise+1"],"relics":["Cracked Core","Nunchaku","Regal Pillow","Shuriken","Calipers","Blood Vial","Pantograph","Pandora\u0027s Box","Ancient Tea Set","MawBank","DataDisk","Bottled Lightning","Ornamental Fan","Emotion Chip","Snecko Eye","Gambling Chip","Vajra","Lantern","Pen Nib","Bottled Flame","Bronze Scales"],"potions_floor_usage":[6,13,16,40,50,55,55,55],"damage_taken":[{"damage":0,"enemies":"2 Louse","floor":1,"turns":2},{"damage":6,"enemies":"Jaw Worm","floor":2,"turns":4},{"damage":0,"enemies":"Small Slimes","floor":5,"turns":2},{"damage":33,"enemies":"Lagavulin","floor":6,"turns":5},{"damage":28,"enemies":"Gremlin Nob","floor":8,"turns":4},{"damage":1,"enemies":"Blue Slaver","floor":10,"turns":3},{"damage":4,"enemies":"Exordium Thugs","floor":11,"turns":3},{"damage":38,"enemies":"Lagavulin","floor":13,"turns":4},{"damage":22,"enemies":"Large Slime","floor":14,"turns":5},{"damage":25,"enemies":"Slime Boss","floor":16,"turns":10},{"damage":15,"enemies":"Spheric Guardian","floor":18,"turns":4},{"damage":3,"enemies":"Chosen","floor":20,"turns":3},{"damage":47,"enemies":"Gremlin Leader","floor":24,"turns":8},{"damage":30,"enemies":"Book of Stabbing","floor":27,"turns":8},{"damage":24,"enemies":"Slavers","floor":29,"turns":2},{"damage":21,"enemies":"Shelled Parasite and Fungi","floor":31,"turns":6},{"damage":37,"enemies":"Collector","floor":33,"turns":11},{"damage":24,"enemies":"3 Darklings","floor":35,"turns":4},{"damage":7,"enemies":"3 Shapes","floor":36,"turns":5},{"damage":14,"enemies":"Transient","floor":38,"turns":5},{"damage":0,"enemies":"Mind Bloom Boss Battle","floor":39,"turns":7},{"damage":18,"enemies":"Nemesis","floor":40,"turns":7},{"damage":0,"enemies":"Reptomancer","floor":46,"turns":3},{"damage":3,"enemies":"Writhing Mass","floor":47,"turns":6},{"damage":8,"enemies":"Time Eater","floor":50,"turns":11},{"damage":9,"enemies":"Shield and Spear","floor":54,"turns":11},{"damage":3,"enemies":"The Heart","floor":55,"turns":9}],"seed_played":"1914928698661619304","potions_obtained":[{"floor":1,"key":"Strength Potion"},{"floor":2,"key":"EssenceOfSteel"},{"floor":8,"key":"FearPotion"},{"floor":13,"key":"Fire Potion"},{"floor":16,"key":"Energy Potion"},{"floor":18,"key":"Poison Potion"},{"floor":39,"key":"FocusPotion"},{"floor":46,"key":"LiquidBronze"}],"is_trial":false,"path_per_floor":["M","M","$","?","M","E","R","E","T","M","M","R","E","M","R","B",null,"M","$","M","?","?","R","E","R","T","E","R","E","$","M","R","B",null,"M","M","$","M","?","E","R","T","T","R","$","E","M","?","R","B",null,"R","$","E","B",null],"character_chosen":"DEFECT","items_purchased":["Sunder","Echo Form","Emotion Chip","Pen Nib","PowerPotion"],"campfire_rested":8,"item_purchase_floors":[3,19,30,45,53],"current_hp_per_floor":[68,62,62,62,62,29,64,36,36,37,35,68,30,10,45,43,68,53,53,52,52,52,68,21,56,56,28,63,41,41,22,57,31,68,44,39,39,27,54,38,38,38,38,68,68,68,65,65,65,57,65,65,65,56,62],"gold":81,"neow_bonus":"ONE_RARE_RELIC","is_prod":false,"is_daily":false,"chose_seed":false,"campfire_upgraded":2,"win_rate":0,"timestamp":1559319479,"path_taken":["M","M","$","?","M","E","R","E","T","M","M","R","E","M","R","BOSS","M","$","M","?","?","R","E","R","T","E","R","E","$","M","R","BOSS","M","M","$","M","?","E","R","?","T","R","$","E","M","?","R","BOSS","R","$","E","BOSS"],"build_version":"2019-01-23","purchased_purges":2,"victory":true,"max_hp_per_floor":[68,68,68,68,68,68,68,68,68,68,68,68,68,68,68,68,68,68,68,68,68,68,68,68,68,68,68,68,68,68,68,68,68,68,68,68,68,68,68,68,68,68,68,68,68,68,68,65,65,65,65,65,65,65,65],"card_choices":[{"not_picked":["Ball Lightning","Beam Cell"],"picked":"Glacier","floor":1},{"not_picked":["Hologram","Conserve Battery"],"picked":"Compile Driver","floor":2},{"not_picked":["Steam","Turbo","Stack"],"picked":"SKIP","floor":5},{"not_picked":["Go for the Eyes","Darkness"],"picked":"Cold Snap","floor":6},{"not_picked":["Turbo","Stack"],"picked":"Seek","floor":8},{"not_picked":["Steam Power","Stack"],"picked":"Compile Driver","floor":10},{"not_picked":["Steam","Chaos"],"picked":"Coolheaded","floor":11},{"not_picked":["Stack","Steam"],"picked":"Defragment","floor":13},{"not_picked":["Tempest","Double Energy"],"picked":"Hologram","floor":14},{"not_picked":["Thunder Strike","Rainbow"],"picked":"All For One","floor":16},{"not_picked":["Reinforced Body","Redo"],"picked":"Blizzard","floor":18},{"not_picked":["Darkness","Coolheaded"],"picked":"Beam Cell","floor":20},{"not_picked":["Auto Shields","Rip and Tear","Steam Power"],"picked":"SKIP","floor":24},{"not_picked":["Rip and Tear","Consume","Steam"],"picked":"SKIP","floor":27},{"not_picked":["Auto Shields","Ball Lightning"],"picked":"Capacitor","floor":29},{"not_picked":["Darkness","Ball Lightning"],"picked":"Gash","floor":31},{"not_picked":["Thunder Strike","Electrodynamics"],"picked":"Rainbow","floor":33},{"not_picked":["Cold Snap","Compile Driver"],"picked":"Double Energy+1","floor":35},{"not_picked":["Tempest","Coolheaded"],"picked":"Consume","floor":36},{"not_picked":["Go for the Eyes+1","Reprogram+1"],"picked":"Glacier+1","floor":38},{"not_picked":["Reinforced Body+1","Gash"],"picked":"Go for the Eyes+1","floor":39},{"not_picked":["Force Field+1","Coolheaded+1"],"picked":"Conserve Battery+1","floor":40},{"not_picked":["Machine Learning","Stack"],"picked":"Hologram","floor":46},{"not_picked":["Beam Cell","Redo","Sweeping Beam+1"],"picked":"SKIP","floor":47},{"not_picked":["Turbo","Capacitor"],"picked":"White Noise+1","floor":54}],"player_experience":742543,"relics_obtained":[{"floor":6,"key":"Shuriken"},{"floor":8,"key":"Calipers"},{"floor":9,"key":"Blood Vial"},{"floor":13,"key":"Pantograph"},{"floor":24,"key":"MawBank"},{"floor":26,"key":"DataDisk"},{"floor":27,"key":"Bottled Lightning"},{"floor":29,"key":"Ornamental Fan"},{"floor":39,"key":"Gambling Chip"},{"floor":40,"key":"Vajra"},{"floor":43,"key":"Lantern"},{"floor":46,"key":"Bottled Flame"},{"floor":54,"key":"Bronze Scales"}],"event_choices":[{"damage_healed":0,"gold_gain":0,"player_choice":"Box","damage_taken":0,"relics_obtained":["Regal Pillow"],"max_hp_gain":0,"max_hp_loss":0,"event_name":"Big Fish","floor":4,"gold_loss":0,"cards_obtained":["Regret"]},{"damage_healed":0,"gold_gain":0,"player_choice":"Smashed Altar","damage_taken":0,"max_hp_gain":0,"max_hp_loss":0,"event_name":"Forgotten Altar","floor":21,"gold_loss":0,"cards_obtained":["Decay"]},{"damage_healed":0,"gold_gain":0,"player_choice":"Obtained Relic","damage_taken":0,"relics_obtained":["Ancient Tea Set"],"max_hp_gain":0,"max_hp_loss":0,"event_name":"Addict","floor":22,"gold_loss":85},{"damage_healed":0,"gold_gain":0,"player_choice":"Fight","damage_taken":0,"max_hp_gain":0,"max_hp_loss":0,"event_name":"MindBloom","floor":39,"gold_loss":0},{"damage_healed":0,"gold_gain":0,"player_choice":"Max HP","damage_taken":0,"max_hp_gain":0,"max_hp_loss":3,"event_name":"Winding Halls","floor":48,"gold_loss":0}],"is_beta":false,"boss_relics":[{"not_picked":["FrozenCore","Empty Cage"],"picked":"Pandora\u0027s Box"},{"not_picked":["Orrery","Astrolabe"],"picked":"Snecko Eye"}],"items_purged_floors":[30,37],"is_endless":false,"potions_floor_spawned":[1,2,8,13,16,18,20,31,38,39,46],"ascension_level":1}