{"gold_per_floor":[119,194,206,206,206,240,261,261,261,282,318,332,365,365,365,486,486,505,524,140,158,181,181,216,216,216,234,85,105,105,105,105,225,225,241,0,23,23,47,47,63,84,84,209,209],"floor_reached":45,"playtime":4975,"items_purged":["Regret"],"score":457,"play_id":"480a4363-b41f-4cd2-9dbd-0d19169c7e8f","local_time":"20190616025830","is_ascension_mode":false,"campfire_choices":[{"floor":8,"key":"REST"},{"floor":15,"key":"REST"},{"floor":23,"key":"REST"},{"floor":25,"key":"REST"},{"floor":32,"key":"REST"},{"floor":40,"key":"REST"}],"neow_cost":"NONE","seed_source_timestamp":197810027166000,"circlet_count":0,"master_deck":["Strike_R","Strike_R","Strike_R","Strike_R","Strike_R","Defend_R","Defend_R","Defend_R","Defend_R","Bash","Spot Weakness","Whirlwind","Spot Weakness","Heavy Blade","Power Through","Exhume","Havoc","Armaments","Armaments+1","Clothesline+1","Rampage","Pummel+1","Immolate","Metallicize+1","Barricade","Flex+1","Thunderclap+1","Heavy Blade+1","Evolve+1","Power Through+1"],"relics":["Burning Blood","Centennial Puzzle","Golden Idol","Shuriken","Red Skull","Anchor","Blood Vial","Ice Cream","Black Star","Bronze Scales","Vajra","Bag of Preparation","Self Forming Clay","Omamori","Nilry\u0027s Codex","Bottled Flame","Empty Cage","Kunai","Question Card","Thread and Needle"],"potions_floor_usage":[10,11,11,16,24,24,33,35,44,45],"damage_taken":[{"damage":0,"enemies":"Small Slimes","floor":1,"turns":3},{"damage":11,"enemies":"2 Louse","floor":3,"turns":3},{"damage":44,"enemies":"Gremlin Nob","floor":6,"turns":5},{"damage":0,"enemies":"Jaw Worm","floor":7,"turns":4},{"damage":6,"enemies":"Exordium Wildlife","floor":10,"turns":4},{"damage":9,"enemies":"3 Sentries","floor":11,"turns":3},{"damage":13,"enemies":"Lots of Slimes","floor":12,"turns":4},{"damage":16,"enemies":"Gremlin Nob","floor":13,"turns":4},{"damage":37,"enemies":"Slime Boss","floor":16,"turns":10},{"damage":25,"enemies":"Shell Parasite","floor":18,"turns":4},{"damage":15,"enemies":"3 Byrds","floor":19,"turns":7},{"damage":16,"enemies":"Snake Plant","floor":21,"turns":4},{"damage":10,"enemies":"Snecko","floor":22,"turns":4},{"damage":44,"enemies":"Gremlin Leader","floor":24,"turns":7},{"damage":24,"enemies":"Centurion and Healer","floor":27,"turns":7},{"damage":14,"enemies":"Cultist and Chosen","floor":29,"turns":7},{"damage":17,"enemies":"Champ","floor":33,"turns":11},{"damage":12,"enemies":"Orb Walker","floor":35,"turns":5},{"damage":14,"enemies":"3 Shapes","floor":37,"turns":4},{"damage":36,"enemies":"Spire Growth","floor":39,"turns":6},{"damage":17,"enemies":"4 Shapes","floor":41,"turns":2},{"damage":21,"enemies":"3 Darklings","floor":42,"turns":5},{"damage":24,"enemies":"Mind Bloom Boss Battle","floor":44,"turns":6},{"damage":33,"enemies":"Spire Growth","floor":45,"turns":4}],"seed_played":"4063087770674756812","potions_obtained":[{"floor":3,"key":"SteroidPotion"},{"floor":6,"key":"Explosive Potion"},{"floor":10,"key":"Fire Potion"},{"floor":11,"key":"SkillPotion"},{"floor":16,"key":"Strength Potion"},{"floor":18,"key":"SkillPotion"},{"floor":22,"key":"Regen Potion"},{"floor":27,"key":"EssenceOfSteel"},{"floor":37,"key":"SpeedPotion"},{"floor":44,"key":"Weak Potion"}],"is_trial":false,"path_per_floor":["M","?","M","?","?","E","M","R","T","M","E","M","E","?","R","B",null,"M","M","$","M","M","R","E","R","T","M","$","M","?","T","R","B",null,"M","$","M","$","M","R","M","M","T","?","M"],"character_chosen":"IRONCLAD","items_purchased":["Bronze Scales","Vajra","Immolate","Kunai"],"campfire_rested":6,"item_purchase_floors":[20,20,28,36],"current_hp_per_floor":[80,69,64,64,64,26,32,56,56,56,53,46,36,36,60,31,80,61,54,54,46,44,68,44,68,68,52,52,46,30,30,54,45,80,74,74,68,68,40,64,55,42,42,26,0],"gold":209,"neow_bonus":"RANDOM_COMMON_RELIC","is_prod":false,"is_daily":false,"chose_seed":false,"campfire_upgraded":0,"win_rate":0.0,"timestamp":1560617910,"path_taken":["M","?","M","?","?","E","M","R","T","M","E","M","E","?","R","BOSS","M","M","$","M","M","R","E","R","T","M","$","M","?","?","R","BOSS","M","$","M","$","M","R","M","?","T","?","M"],"build_version":"2019-01-23","purchased_purges":1,"victory":false,"max_hp_per_floor":[80,80,80,80,80,80,80,80,80,80,80,80,80,80,80,80,80,80,80,80,80,80,80,80,80,80,80,80,80,80,80,80,80,80,80,80,80,80,80,80,80,80,80,80,80],"card_choices":[{"not_picked":["True Grit","Rage"],"picked":"Spot Weakness","floor":1},{"not_picked":["Dropkick","Anger","Sword Boomerang"],"picked":"SKIP","floor":3},{"not_picked":["Dual Wield","Anger"],"picked":"True Grit","floor":6},{"not_picked":["Headbutt","Shrug It Off"],"picked":"Whirlwind","floor":7},{"not_picked":["Warcry","Sever Soul"],"picked":"Spot Weakness","floor":10},{"not_picked":["Shrug It Off","Impervious"],"picked":"Heavy Blade","floor":11},{"not_picked":["Fire Breathing","Clothesline"],"picked":"Power Through","floor":12},{"not_picked":["Metallicize","Havoc"],"picked":"Wild Strike","floor":13},{"not_picked":["Reaper","Dark Embrace"],"picked":"Exhume","floor":16},{"not_picked":["Sword Boomerang","Disarm"],"picked":"Havoc","floor":18},{"not_picked":["Warcry+1","Sword Boomerang"],"picked":"Armaments","floor":19},{"not_picked":["Berserk","Entrench"],"picked":"Armaments+1","floor":21},{"not_picked":["Clash","Perfected Strike"],"picked":"Clothesline+1","floor":22},{"not_picked":["Headbutt","Warcry"],"picked":"Rampage","floor":24},{"not_picked":["Sword Boomerang","Pommel Strike"],"picked":"Pummel+1","floor":27},{"not_picked":["Wild Strike","Headbutt+1"],"picked":"Metallicize+1","floor":29},{"not_picked":["Bludgeon","Fiend Fire"],"picked":"Barricade","floor":33},{"not_picked":["Carnage","Perfected Strike+1"],"picked":"Flex+1","floor":35},{"not_picked":["Power Through","Burning Pact"],"picked":"Thunderclap+1","floor":37},{"not_picked":["Iron Wave+1","Havoc"],"picked":"Heavy Blade+1","floor":39},{"not_picked":["Seeing Red","Inflame"],"picked":"Evolve+1","floor":41},{"not_picked":["Thunderclap","Twin Strike"],"picked":"Power Through+1","floor":42}],"player_experience":33531,"relics_obtained":[{"floor":6,"key":"Shuriken"},{"floor":9,"key":"Red Skull"},{"floor":11,"key":"Anchor"},{"floor":13,"key":"Blood Vial"},{"floor":24,"key":"Bag of Preparation"},{"floor":24,"key":"Self Forming Clay"},{"floor":26,"key":"Omamori"},{"floor":30,"key":"Nilry\u0027s Codex"},{"floor":31,"key":"Bottled Flame"},{"floor":43,"key":"Question Card"},{"floor":44,"key":"Thread and Needle"}],"event_choices":[{"damage_healed":0,"gold_gain":75,"player_choice":"Gather Gold","damage_taken":11,"max_hp_gain":0,"max_hp_loss":0,"event_name":"World of Goop","floor":2,"gold_loss":0},{"damage_healed":0,"gold_gain":0,"player_choice":"Take Wound","damage_taken":0,"relics_obtained":["Golden Idol"],"max_hp_gain":0,"max_hp_loss":0,"event_name":"Golden Idol","floor":4,"gold_loss":0,"cards_obtained":["Injury"]},{"cards_removed":["Injury"],"damage_healed":0,"gold_gain":0,"player_choice":"Forget","damage_taken":0,"max_hp_gain":0,"max_hp_loss":0,"event_name":"Living Wall","floor":5,"gold_loss":0},{"damage_healed":0,"gold_gain":0,"player_choice":"Box","damage_taken":0,"relics_obtained":["Ice Cream"],"max_hp_gain":0,"max_hp_loss":0,"event_name":"Big Fish","floor":14,"gold_loss":0,"cards_obtained":["Regret"]},{"damage_healed":0,"gold_gain":0,"player_choice":"Obtained Book","damage_taken":16,"max_hp_gain":0,"max_hp_loss":0,"event_name":"Cursed Tome","floor":30,"gold_loss":0},{"damage_healed":0,"gold_gain":0,"player_choice":"Fight","damage_taken":0,"max_hp_gain":0,"max_hp_loss":0,"event_name":"MindBloom","floor":44,"gold_loss":0}],"is_beta":false,"boss_relics":[{"not_picked":["Astrolabe","Eternal Feather"],"picked":"Black Star"},{"not_picked":["Cursed Key","Orrery"],"picked":"Empty Cage"}],"items_purged_floors":[20],"is_endless":false,"potions_floor_spawned":[3,6,10,11,16,18,22,27,37,44],"killed_by":"Spire Growth","ascension_level":0}