{"gold_per_floor":[113,188,188,138,12,12,46,46,46,46,77,89,144,162,162,263,263,276,276,276,295,321,321,321],"floor_reached":24,"playtime":814,"items_purged":[],"score":416,"play_id":"6e702081-5b8f-4017-bde2-8d9d57788c27","local_time":"20181126202608","is_ascension_mode":true,"campfire_choices":[{"data":"Carnage","floor":6,"key":"SMITH"},{"data":"Uppercut","floor":8,"key":"SMITH"},{"data":"Bash","floor":10,"key":"SMITH"},{"data":"Limit Break","floor":15,"key":"SMITH"},{"floor":23,"key":"REST"}],"neow_cost":"NONE","seed_source_timestamp":20789590487803,"circlet_count":0,"master_deck":["AscendersBane","Strike_R","Strike_R","Strike_R","Strike_R","Defend_R","Defend_R","Defend_R","Defend_R","Bash+1","Carnage+1","Uppercut+1","Shrug It Off","Thunderclap","Sword Boomerang","Limit Break+1","Disarm","Double Tap","Battle Trance","Spot Weakness","Heavy Blade","Flame Barrier","Armaments","Ghostly Armor"],"relics":["Burning Blood","NeowsBlessing","Boot","Shuriken","Anchor","Art of War","Tiny Chest","Orrery","Bag of Preparation"],"potions_floor_usage":[16,16,24,24],"damage_taken":[{"damage":0,"enemies":"2 Louse","floor":1,"turns":1},{"damage":0,"enemies":"3 Sentries","floor":7,"turns":2},{"damage":0,"enemies":"Lagavulin","floor":11,"turns":2},{"damage":0,"enemies":"Jaw Worm","floor":12,"turns":2},{"damage":17,"enemies":"3 Sentries","floor":13,"turns":6},{"damage":5,"enemies":"Small Slimes","floor":14,"turns":3},{"damage":60,"enemies":"Slime Boss","floor":16,"turns":10},{"damage":0,"enemies":"3 Byrds","floor":18,"turns":3},{"damage":17,"enemies":"Colosseum Slavers","floor":20,"turns":5},{"damage":1,"enemies":"Shell Parasite","floor":21,"turns":6},{"damage":80,"enemies":"Gremlin Leader","floor":24,"turns":6}],"seed_played":"-8517466776393719781","potions_obtained":[{"floor":7,"key":"LiquidBronze"},{"floor":11,"key":"PowerPotion"},{"floor":13,"key":"Swift Potion"},{"floor":18,"key":"EssenceOfSteel"},{"floor":21,"key":"SpeedPotion"}],"is_trial":false,"path_per_floor":["M","?","?","?","$","R","E","R","T","R","E","M","E","M","R","B",null,"M","?","?","M","T","R","E"],"character_chosen":"IRONCLAD","items_purchased":["Uppercut","Shrug It Off"],"campfire_rested":1,"item_purchase_floors":[5,5],"current_hp_per_floor":[78,67,64,64,64,64,70,70,70,70,76,80,69,70,70,16,64,70,55,44,49,49,74,0],"gold":321,"neow_bonus":"THREE_ENEMY_KILL","is_prod":false,"is_daily":false,"chose_seed":false,"campfire_upgraded":4,"win_rate":0,"timestamp":1543274768,"path_taken":["M","?","?","?","$","R","E","R","T","R","E","M","E","?","R","BOSS","M","?","?","M","?","R","E"],"build_version":"2018-11-15","purchased_purges":0,"victory":false,"max_hp_per_floor":[80,80,80,80,80,80,80,80,80,80,80,80,80,80,80,80,80,80,85,85,85,85,85,85],"card_choices":[{"not_picked":["Armaments","Flame Barrier"],"picked":"Carnage","floor":1},{"not_picked":["Rampage","Warcry"],"picked":"Thunderclap","floor":7},{"not_picked":["Bloodletting","Flex"],"picked":"Sword Boomerang","floor":11},{"not_picked":["Warcry","Shockwave","Entrench"],"picked":"SKIP","floor":12},{"not_picked":["Entrench","Fire Breathing"],"picked":"Limit Break","floor":13},{"not_picked":["Anger","Thunderclap"],"picked":"Disarm","floor":14},{"not_picked":["Dark Embrace","Bludgeon"],"picked":"Double Tap","floor":16},{"not_picked":["Warcry","Body Slam"],"picked":"Battle Trance","floor":17},{"not_picked":["Headbutt","Warcry"],"picked":"Spot Weakness","floor":17},{"not_picked":["Headbutt","Warcry"],"picked":"Heavy Blade","floor":17},{"not_picked":["Infernal Blade","Disarm"],"picked":"Flame Barrier","floor":17},{"not_picked":["Pommel Strike","Intimidate"],"picked":"Armaments","floor":17},{"not_picked":["Perfected Strike+1","True Grit"],"picked":"Ghostly Armor","floor":18},{"not_picked":["Metallicize","Warcry","Searing Blow"],"picked":"SKIP","floor":21}],"player_experience":426723,"relics_obtained":[{"floor":7,"key":"Shuriken"},{"floor":9,"key":"Anchor"},{"floor":11,"key":"Art of War"},{"floor":13,"key":"Tiny Chest"},{"floor":22,"key":"Bag of Preparation"}],"event_choices":[{"damage_healed":0,"gold_gain":75,"player_choice":"Gather Gold","damage_taken":11,"max_hp_gain":0,"max_hp_loss":0,"event_name":"World of Goop","floor":2,"gold_loss":0},{"damage_healed":0,"gold_gain":0,"player_choice":"Success","damage_taken":3,"relics_obtained":["Boot"],"max_hp_gain":0,"max_hp_loss":0,"event_name":"Scrap Ooze","floor":3,"gold_loss":0},{"cards_removed":["Strike_R"],"damage_healed":0,"gold_gain":0,"player_choice":"Card Removal","damage_taken":0,"max_hp_gain":0,"max_hp_loss":0,"event_name":"The Cleric","floor":4,"gold_loss":50},{"damage_healed":0,"gold_gain":0,"player_choice":"Shed Blood","damage_taken":20,"max_hp_gain":5,"max_hp_loss":0,"event_name":"Forgotten Altar","floor":19,"gold_loss":0},{"damage_healed":0,"gold_gain":0,"player_choice":"Fight","damage_taken":0,"max_hp_gain":0,"max_hp_loss":0,"event_name":"Colosseum","floor":20,"gold_loss":0},{"damage_healed":0,"gold_gain":0,"player_choice":"Fled From Nobs","damage_taken":0,"max_hp_gain":0,"max_hp_loss":0,"event_name":"Colosseum","floor":20,"gold_loss":0}],"is_beta":false,"boss_relics":[{"not_picked":["Empty Cage","Runic Cube"],"picked":"Orrery"}],"items_purged_floors":[],"is_endless":false,"potions_floor_spawned":[7,11,13,18,21],"killed_by":"Gremlin Leader","ascension_level":12}