{"gold_per_floor":[113,288,306,316,316,344,344,362,432,432],"floor_reached":10,"playtime":863,"items_purged":[],"score":102,"play_id":"42a683b8-56d8-457a-8f72-7442351baa18","local_time":"20181114031600","is_ascension_mode":true,"campfire_choices":[],"neow_cost":"TEN_PERCENT_HP_LOSS","seed_source_timestamp":23380966257150,"circlet_count":0,"master_deck":["AscendersBane","Strike_R","Strike_R","Strike_R","Strike_R","Defend_R","Defend_R","Defend_R","Bash","Clothesline","Doubt","Inflame","Heavy Blade","True Grit","Headbutt"],"relics":["Burning Blood","Question Card","Bag of Preparation","Self Forming Clay"],"potions_floor_usage":[],"damage_taken":[{"damage":7,"enemies":"Jaw Worm","floor":1,"turns":3},{"damage":15,"enemies":"2 Louse","floor":3,"turns":3},{"damage":4,"enemies":"Cultist","floor":4,"turns":4},{"damage":55,"enemies":"3 Sentries","floor":6,"turns":8},{"damage":13,"enemies":"Blue Slaver","floor":8,"turns":4},{"damage":16,"enemies":"Exordium Thugs","floor":10,"turns":2}],"seed_played":"3466595538820044965","potions_obtained":[{"floor":1,"key":"LiquidBronze"},{"floor":4,"key":"GamblersBrew"}],"is_trial":false,"path_per_floor":["M","?","M","M","?","E","T","M","T","M"],"character_chosen":"IRONCLAD","items_purchased":[],"campfire_rested":0,"item_purchase_floors":[],"current_hp_per_floor":[71,71,62,64,69,20,20,13,13,0],"gold":432,"neow_bonus":"REMOVE_TWO","is_prod":false,"is_daily":false,"chose_seed":false,"campfire_upgraded":0,"win_rate":0,"timestamp":1542176160,"path_taken":["M","?","M","M","?","E","?","M","T","?"],"build_version":"2018-11-08","purchased_purges":0,"victory":false,"max_hp_per_floor":[72,72,72,72,77,77,77,77,77,77],"card_choices":[{"not_picked":["Blood for Blood","Power Through"],"picked":"Clothesline","floor":1},{"not_picked":["Second Wind","Bloodletting"],"picked":"Inflame","floor":3},{"not_picked":["Clash","Wild Strike"],"picked":"Heavy Blade","floor":4},{"not_picked":["Burning Pact","Shockwave"],"picked":"True Grit","floor":6},{"not_picked":["Bloodletting","Pommel Strike","Corruption"],"picked":"Headbutt","floor":8}],"player_experience":377878,"relics_obtained":[{"floor":6,"key":"Question Card"},{"floor":7,"key":"Bag of Preparation"},{"floor":9,"key":"Self Forming Clay"}],"event_choices":[{"damage_healed":0,"gold_gain":175,"player_choice":"AGREE","damage_taken":0,"max_hp_gain":0,"max_hp_loss":0,"event_name":"Liars Game","floor":2,"gold_loss":0,"cards_obtained":["Doubt"]},{"damage_healed":0,"gold_gain":0,"player_choice":"Donut","damage_taken":0,"max_hp_gain":5,"max_hp_loss":0,"event_name":"Big Fish","floor":5,"gold_loss":0}],"is_beta":false,"boss_relics":[],"items_purged_floors":[],"is_endless":false,"potions_floor_spawned":[1,4],"killed_by":"Exordium Thugs","ascension_level":10}