{"gold_per_floor":[115,130,30,105,123,157,157,192,192,292,302,302,321,346,346,443,443,453,487,487,331,354,372,287,287,357,357,108,133,148,167,167,263,263,276,276,6,106,106,106,141,165,204,216,228,268,296,322,334,346,358,370,17,45,45],"floor_reached":55,"playtime":5118,"items_purged":["Fire Breathing","Fire Breathing","Feel No Pain","Hemokinesis"],"score":951,"play_id":"3dc91388-da9f-400c-99a2-440ed2830ea3","local_time":"20181226133100","is_ascension_mode":true,"campfire_choices":[{"data":"Bash","floor":7,"key":"SMITH"},{"data":"Uppercut","floor":12,"key":"SMITH"},{"data":"Armaments","floor":15,"key":"SMITH"},{"floor":25,"key":"REST"},{"data":"Clothesline","floor":32,"key":"SMITH"},{"data":"Demon Form","floor":40,"key":"SMITH"},{"data":"Sword Boomerang","floor":45,"key":"SMITH"},{"floor":49,"key":"RECALL"},{"data":"Offering","floor":52,"key":"SMITH"}],"neow_cost":"NONE","seed_source_timestamp":344619050581618,"circlet_count":0,"master_deck":["Bash+1","Uppercut+1","True Grit+1","Iron Wave","Anger","Headbutt","Second Wind","Armaments+1","Battle Trance","Clothesline+1","Reaper","Sword Boomerang+1","Power Through","Whirlwind","Spot Weakness+1","Cleave+1","Immolate","Demon Form+1","Shrug It Off+1","Shrug It Off+1","Enlightenment","Rampage+1","Battle Trance","Spot Weakness+1","Offering+1","Heavy Blade+1","Rage+1","Exhume"],"relics":["Burning Blood","Matryoshka","Prayer Wheel","Bag of Preparation","Torii","Centennial Puzzle","Pandora\u0027s Box","Red Mask","Bronze Scales","Oddly Smooth Stone","Anchor","Pen Nib","Question Card","Gremlin Horn","Lantern","War Paint","Empty Cage","Art of War","Thread and Needle","MawBank","The Courier","Shuriken","Incense Burner"],"potions_floor_usage":[5,13,16,19,19,30,33,50,50,55,55,55],"damage_taken":[{"damage":5,"enemies":"2 Louse","floor":1,"turns":3},{"damage":9,"enemies":"Jaw Worm","floor":2,"turns":3},{"damage":0,"enemies":"Cultist","floor":5,"turns":4},{"damage":34,"enemies":"Gremlin Nob","floor":6,"turns":5},{"damage":23,"enemies":"3 Sentries","floor":8,"turns":8},{"damage":7,"enemies":"Looter","floor":11,"turns":3},{"damage":8,"enemies":"Exordium Wildlife","floor":13,"turns":3},{"damage":11,"enemies":"Gremlin Nob","floor":14,"turns":4},{"damage":3,"enemies":"Hexaghost","floor":16,"turns":9},{"damage":21,"enemies":"Shell Parasite","floor":18,"turns":6},{"damage":56,"enemies":"Masked Bandits","floor":19,"turns":6},{"damage":8,"enemies":"Spheric Guardian","floor":23,"turns":3},{"damage":2,"enemies":"Slavers","floor":29,"turns":4},{"damage":13,"enemies":"Shelled Parasite and Fungi","floor":30,"turns":3},{"damage":7,"enemies":"Snecko","floor":31,"turns":3},{"damage":66,"enemies":"Automaton","floor":33,"turns":9},{"damage":31,"enemies":"3 Darklings","floor":35,"turns":3},{"damage":0,"enemies":"Mind Bloom Boss Battle","floor":38,"turns":4},{"damage":28,"enemies":"Reptomancer","floor":41,"turns":6},{"damage":0,"enemies":"3 Shapes","floor":42,"turns":4},{"damage":31,"enemies":"Nemesis","floor":46,"turns":7},{"damage":15,"enemies":"Spire Growth","floor":47,"turns":4},{"damage":19,"enemies":"Transient","floor":48,"turns":5},{"damage":110,"enemies":"Donu and Deca","floor":50,"turns":8},{"damage":50,"enemies":"Shield and Spear","floor":54,"turns":4},{"damage":69,"enemies":"The Heart","floor":55,"turns":3}],"seed_played":"1346253527971730888","potions_obtained":[{"floor":2,"key":"Energy Potion"},{"floor":11,"key":"SpeedPotion"},{"floor":13,"key":"Block Potion"},{"floor":16,"key":"Weak Potion"},{"floor":18,"key":"SpeedPotion"},{"floor":23,"key":"AttackPotion"},{"floor":29,"key":"Poison Potion"},{"floor":42,"key":"BloodPotion"},{"floor":46,"key":"Block Potion"},{"floor":54,"key":"LiquidBronze"}],"is_trial":false,"path_per_floor":["M","M","$","?","M","E","R","E","T","?","M","R","M","E","R","B",null,"M","?","?","$","T","M","?","R","T","T","$","E","M","M","R","B",null,"M","?","$","?","?","R","E","M","T","?","R","E","M","M","R","B",null,"R","$","E","B"],"character_chosen":"IRONCLAD","items_purchased":["Fruit Juice","Feel No Pain","Lantern","Art of War","Shuriken","PowerPotion"],"campfire_rested":1,"item_purchase_floors":[3,21,28,37,53,53],"current_hp_per_floor":[88,85,85,74,85,57,57,40,40,40,39,39,37,32,32,35,79,64,26,26,26,26,24,24,51,51,51,51,69,62,61,61,14,73,48,48,48,68,68,68,46,76,76,76,76,66,57,65,65,65,86,86,86,42,0],"gold":45,"neow_bonus":"TEN_PERCENT_HP_BONUS","is_prod":false,"is_daily":false,"chose_seed":false,"campfire_upgraded":7,"win_rate":0,"timestamp":1545859860,"path_taken":["M","M","$","?","M","E","R","E","T","?","M","R","M","E","R","BOSS","M","?","?","$","?","M","?","R","T","?","$","E","M","M","R","BOSS","M","?","$","?","?","R","E","?","T","?","R","E","M","M","R","BOSS","R","$","E","BOSS"],"build_version":"2018-12-20","purchased_purges":4,"victory":false,"max_hp_per_floor":[88,88,88,88,93,93,93,93,93,93,93,93,93,93,93,93,93,93,93,93,93,93,93,93,93,93,93,93,93,93,93,93,93,93,93,93,93,93,93,93,93,93,93,93,93,93,93,93,93,93,93,93,93,93,93],"card_choices":[{"not_picked":["Clothesline","Reckless Charge"],"picked":"Uppercut","floor":1},{"not_picked":["Pummel","Burning Pact"],"picked":"True Grit","floor":2},{"not_picked":["Hemokinesis","Thunderclap"],"picked":"Iron Wave","floor":5},{"not_picked":["Flex","Iron Wave"],"picked":"Anger","floor":6},{"not_picked":["Warcry","Havoc","Bloodletting"],"picked":"SKIP","floor":8},{"not_picked":["Berserk","Hemokinesis"],"picked":"Headbutt","floor":11},{"not_picked":["Shrug It Off","Reckless Charge"],"picked":"Second Wind","floor":11},{"not_picked":["Rupture","Power Through"],"picked":"Armaments","floor":13},{"not_picked":["Wild Strike","Hemokinesis"],"picked":"Battle Trance","floor":13},{"not_picked":["Combust","Dual Wield"],"picked":"Clothesline","floor":14},{"not_picked":["Barricade","Juggernaut"],"picked":"Reaper","floor":16},{"not_picked":["Perfected Strike","Shockwave"],"picked":"Spot Weakness","floor":18},{"not_picked":["Sever Soul+1","Iron Wave","Combust"],"picked":"SKIP","floor":18},{"not_picked":["Headbutt","Perfected Strike"],"picked":"Cleave+1","floor":19},{"not_picked":["Perfected Strike","Searing Blow+1","Barricade"],"picked":"SKIP","floor":23},{"not_picked":["Havoc","Flex","Clash+1"],"picked":"SKIP","floor":23},{"not_picked":["Iron Wave","Pummel","Clash","Evolve"],"picked":"SKIP","floor":29},{"not_picked":["Havoc","Uppercut","Warcry"],"picked":"Immolate","floor":30},{"not_picked":["Wild Strike","Power Through","Shockwave","Anger"],"picked":"SKIP","floor":30},{"not_picked":["Dropkick","Havoc","Flex","Combust"],"picked":"SKIP","floor":31},{"not_picked":["Uppercut","Clothesline","Carnage","Shockwave"],"picked":"SKIP","floor":31},{"not_picked":["Fiend Fire","Brutality","Offering"],"picked":"Demon Form","floor":33},{"not_picked":["Warcry","Perfected Strike+1","Shockwave+1"],"picked":"Shrug It Off+1","floor":35},{"not_picked":["Anger","Perfected Strike","Carnage+1"],"picked":"Shrug It Off+1","floor":35},{"not_picked":["Mind Blast","Blind","Bandage Up"],"picked":"Enlightenment","floor":36},{"not_picked":["Pummel","Hemokinesis+1","Pommel Strike+1"],"picked":"Rampage+1","floor":38},{"not_picked":["Ghostly Armor","Intimidate","Whirlwind+1"],"picked":"Battle Trance","floor":41},{"not_picked":["Cleave","Searing Blow","Ghostly Armor"],"picked":"Spot Weakness+1","floor":42},{"not_picked":["Rampage","Inflame","Power Through","Dual Wield+1"],"picked":"SKIP","floor":42},{"not_picked":["Combust+1","Clash","Perfected Strike+1","Searing Blow+1"],"picked":"SKIP","floor":46},{"not_picked":["Clothesline","Dropkick+1","Cleave"],"picked":"Offering","floor":47},{"not_picked":["Clothesline","Burning Pact","Thunderclap"],"picked":"Heavy Blade+1","floor":47},{"not_picked":["Sword Boomerang","Thunderclap","Feel No Pain+1"],"picked":"Rage+1","floor":48},{"not_picked":["Clothesline","Searing Blow","Metallicize+1"],"picked":"Exhume","floor":48},{"not_picked":["Twin Strike+1","Perfected Strike+1","Spot Weakness+1","Rampage+1"],"picked":"SKIP","floor":54}],"player_experience":109909,"relics_obtained":[{"floor":6,"key":"Matryoshka"},{"floor":8,"key":"Prayer Wheel"},{"floor":9,"key":"Bag of Preparation"},{"floor":9,"key":"Torii"},{"floor":14,"key":"Centennial Puzzle"},{"floor":19,"key":"Red Mask"},{"floor":22,"key":"Oddly Smooth Stone"},{"floor":22,"key":"Anchor"},{"floor":26,"key":"Question Card"},{"floor":27,"key":"Gremlin Horn"},{"floor":29,"key":"War Paint"},{"floor":38,"key":"Thread and Needle"},{"floor":41,"key":"MawBank"},{"floor":46,"key":"The Courier"},{"floor":54,"key":"Incense Burner"}],"event_choices":[{"damage_healed":0,"gold_gain":75,"player_choice":"Gather Gold","damage_taken":11,"max_hp_gain":0,"max_hp_loss":0,"event_name":"World of Goop","floor":4,"gold_loss":0},{"damage_healed":0,"gold_gain":100,"player_choice":"Gold","damage_taken":0,"max_hp_gain":0,"max_hp_loss":0,"event_name":"Wheel of Change","floor":10,"gold_loss":0},{"damage_healed":0,"gold_gain":0,"player_choice":"Fought Bandits","damage_taken":0,"max_hp_gain":0,"max_hp_loss":0,"event_name":"Masked Bandits","floor":19,"gold_loss":0},{"damage_healed":0,"gold_gain":0,"player_choice":"Opened","damage_taken":0,"relics_obtained":["Bronze Scales"],"max_hp_gain":0,"max_hp_loss":0,"event_name":"The Mausoleum","floor":20,"gold_loss":0},{"damage_healed":0,"gold_gain":0,"player_choice":"Obtained Relic","damage_taken":0,"relics_obtained":["Pen Nib"],"max_hp_gain":0,"max_hp_loss":0,"event_name":"Addict","floor":24,"gold_loss":85},{"damage_healed":0,"gold_gain":0,"player_choice":"Memory 1","damage_taken":0,"max_hp_gain":0,"max_hp_loss":0,"event_name":"SensoryStone","floor":36,"gold_loss":0},{"damage_healed":0,"gold_gain":0,"player_choice":"Fight","damage_taken":0,"max_hp_gain":0,"max_hp_loss":0,"event_name":"MindBloom","floor":38,"gold_loss":0},{"damage_healed":0,"gold_gain":0,"cards_transformed":["Intimidate"],"player_choice":"Transformed","damage_taken":0,"max_hp_gain":0,"max_hp_loss":0,"event_name":"Transmorgrifier","floor":39,"gold_loss":0,"cards_obtained":["Hemokinesis"]},{"cards_removed":["Carnage"],"damage_healed":0,"gold_gain":0,"player_choice":"Purged","damage_taken":0,"max_hp_gain":0,"max_hp_loss":0,"event_name":"Purifier","floor":44,"gold_loss":0}],"is_beta":false,"boss_relics":[{"not_picked":["Ectoplasm","Velvet Choker"],"picked":"Pandora\u0027s Box"},{"not_picked":["Cursed Key","Philosopher\u0027s Stone"],"picked":"Empty Cage"}],"items_purged_floors":[21,28,37,53],"is_endless":false,"potions_floor_spawned":[2,11,13,16,18,23,29,42,46,48,54],"killed_by":"The Heart","ascension_level":5}