{"gold_per_floor":[211,211,211,221,236,236,254,287,313,323,288,242,273,273,273,368,368,388,18,31,45,60,94,94,94,117,117,117,117,148,73,73,172,172,184,238,1237,275,299,322,367,379,391,403,415,2,2,15,15,15],"floor_reached":51,"playtime":13346,"items_purged":["Doubt","Normality","Normality"],"score":769,"play_id":"3440c2b4-4527-4f04-b760-b121986275c6","local_time":"20190618234817","is_ascension_mode":false,"campfire_choices":[{"data":"Twin Strike","floor":6.0,"key":"SMITH"},{"data":"Havoc","floor":15.0,"key":"SMITH"},{"floor":25.0,"key":"REST"},{"data":"Apotheosis","floor":27.0,"key":"SMITH"},{"data":"1","floor":32,"key":"LIFT"},{"floor":42,"key":"REST"},{"floor":47,"key":"REST"},{"data":"2","floor":49,"key":"LIFT"}],"neow_cost":"NONE","seed_source_timestamp":0,"circlet_count":0,"master_deck":["Strike_R+1","Strike_R+1","Strike_R+1","Strike_R+1","Defend_R+1","Defend_R+1","Defend_R+1","Defend_R+1","Bash+1","Twin Strike+1","Ghostly Armor","Disarm","Pommel Strike","Battle Trance","Juggernaut","Cleave+1","Shrug It Off","Twin Strike+1","Flex","Juggernaut","Immolate+1","Disarm+1","Body Slam+1","Rampage+1","Heavy Blade","Battle Trance","Mayhem","Shrug It Off","Armaments+1","Limit Break","Iron Wave+1"],"special_seed":0,"relics":["Burning Blood","Red Skull","PreservedInsect","Centennial Puzzle","Busted Crown","Juzu Bracelet","Shuriken","Lantern","MutagenicStrength","Girya","Astrolabe","Incense Burner","Potion Belt","Bag of Marbles","DollysMirror","MawBank","Molten Egg 2","Pen Nib","Pantograph"],"potions_floor_usage":[40,41,41,41,50,50,50,50],"damage_taken":[{"damage":11.0,"enemies":"2 Louse","floor":1.0,"turns":4.0},{"damage":1.0,"enemies":"Cultist","floor":4.0,"turns":3.0},{"damage":0.0,"enemies":"Small Slimes","floor":5.0,"turns":3.0},{"damage":7.0,"enemies":"3 Louse","floor":7.0,"turns":3.0},{"damage":48.0,"enemies":"3 Sentries","floor":8.0,"turns":10.0},{"damage":11.0,"enemies":"Lots of Slimes","floor":10.0,"turns":3.0},{"damage":22.0,"enemies":"Gremlin Nob","floor":13.0,"turns":4.0},{"damage":44.0,"enemies":"The Guardian","floor":16.0,"turns":13.0},{"damage":26.0,"enemies":"3 Byrds","floor":18.0,"turns":6.0},{"damage":10.0,"enemies":"Shell Parasite","floor":20.0,"turns":6.0},{"damage":12.0,"enemies":"Snecko","floor":21.0,"turns":4.0},{"damage":18.0,"enemies":"Shelled Parasite and Fungi","floor":22.0,"turns":5.0},{"damage":0.0,"enemies":"Book of Stabbing","floor":23.0,"turns":5.0},{"damage":0,"enemies":"Gremlin Leader","floor":30,"turns":3},{"damage":44,"enemies":"Collector","floor":33,"turns":9},{"damage":6,"enemies":"Orb Walker","floor":35,"turns":3},{"damage":32,"enemies":"2 Orb Walkers","floor":36,"turns":4},{"damage":0,"enemies":"3 Darklings","floor":40,"turns":2},{"damage":24,"enemies":"Reptomancer","floor":41,"turns":6},{"damage":29,"enemies":"Spire Growth","floor":48,"turns":5},{"damage":44,"enemies":"Time Eater","floor":50,"turns":7}],"seed_played":"173005416486772519","potions_obtained":[{"floor":1.0,"key":"Fire Potion"},{"floor":5.0,"key":"SteroidPotion"},{"floor":13.0,"key":"Block Potion"},{"floor":16.0,"key":"SpeedPotion"},{"floor":36,"key":"AttackPotion"},{"floor":40,"key":"Energy Potion"},{"floor":41,"key":"EssenceOfSteel"}],"is_trial":false,"path_per_floor":["M","?","?","M","M","R","M","E","T","M","?","$","E","?","R","B",null,"M","$","M","M","M","E","?","R","T","R","?","?","E","$","R","B",null,"M","?","?","$","T","M","E","R","T","?","?","$","R","M","R","B",null],"character_chosen":"IRONCLAD","items_purchased":["Havoc","Apotheosis","Juzu Bracelet","Shrug It Off","Potion Belt","Bag of Marbles","DollysMirror","Mayhem","Explosive Potion","PowerPotion","Block Potion","Shrug It Off","Limit Break","SpeedPotion","FearPotion","Fire Potion"],"campfire_rested":3,"item_purchase_floors":[12,19,19,19,38,38,38,38,38,38,38,38,46,46,46,46],"current_hp_per_floor":[75,75,67,72,78,78,77,35,35,30,50,50,34,80,80,42,80,60,60,56,50,38,44,44,68,68,68,68,68,74,74,74,36,80,80,54,54,54,54,60,42,66,66,66,66,66,80,57,57,42],"gold":15,"neow_bonus":"HUNDRED_GOLD","is_prod":false,"is_daily":false,"chose_seed":false,"campfire_upgraded":3,"win_rate":0.0,"timestamp":1560865697,"path_taken":["M","?","?","M","M","R","M","E","T","?","?","$","E","?","R","BOSS","M","$","M","M","M","E","?","R","T","R","?","?","E","$","R","BOSS","M","?","?","$","?","M","E","R","T","?","?","?","R","M","R","BOSS"],"build_version":"2019-01-23","purchased_purges":3,"victory":true,"max_hp_per_floor":[80,80,80,80,80,80,80,80,80,80,80,80,80,80,80,80,80,80,80,80,80,80,80,80,80,80,80,80,80,80,80,80,80,80,80,80,80,80,80,80,80,80,80,80,80,80,80,80,80,80],"card_choices":[{"not_picked":["Thunderclap","Reckless Charge"],"picked":"Twin Strike","floor":1.0},{"not_picked":["Warcry","Body Slam"],"picked":"Ghostly Armor","floor":4.0},{"not_picked":["Twin Strike","Body Slam"],"picked":"Disarm","floor":5.0},{"not_picked":["Warcry","Dual Wield"],"picked":"Pommel Strike","floor":7.0},{"not_picked":["Sword Boomerang","Wild Strike"],"picked":"Battle Trance","floor":8.0},{"not_picked":["Twin Strike","True Grit","Seeing Red"],"picked":"SKIP","floor":10.0},{"not_picked":["Sword Boomerang","Flex"],"picked":"Corruption","floor":13.0},{"not_picked":["Fiend Fire","Reaper"],"picked":"Juggernaut","floor":16.0},{"not_picked":[],"picked":"Cleave+1","floor":18.0},{"not_picked":[],"picked":"Twin Strike+1","floor":20.0},{"not_picked":["Second Wind"],"picked":"SKIP","floor":21.0},{"not_picked":[],"picked":"Cleave","floor":22.0},{"not_picked":[],"picked":"Flex","floor":23.0},{"not_picked":[],"picked":"Juggernaut","floor":30},{"not_picked":[],"picked":"Rampage+1","floor":35},{"not_picked":[],"picked":"Heavy Blade","floor":36},{"not_picked":["Anger+1"],"picked":"SKIP","floor":40},{"not_picked":[],"picked":"Armaments","floor":41},{"not_picked":[],"picked":"Iron Wave+1","floor":48}],"player_experience":69654,"relics_obtained":[{"floor":8.0,"key":"Red Skull"},{"floor":9.0,"key":"PreservedInsect"},{"floor":13.0,"key":"Centennial Puzzle"},{"floor":23.0,"key":"Shuriken"},{"floor":26.0,"key":"Lantern"},{"floor":30,"key":"Girya"},{"floor":36,"key":"Incense Burner"},{"floor":39,"key":"MawBank"},{"floor":41,"key":"Molten Egg 2"},{"floor":43,"key":"Pen Nib"}],"event_choices":[{"damage_healed":0.0,"max_hp_gain":0.0,"max_hp_loss":0.0,"gold_gain":0.0,"event_name":"Living Wall","player_choice":"Grow","floor":2.0,"gold_loss":0.0,"damage_taken":0.0,"cards_upgraded":["Bash"]},{"damage_healed":0.0,"max_hp_gain":0.0,"max_hp_loss":0.0,"gold_gain":0.0,"event_name":"Wheel of Change","player_choice":"Damaged","floor":3.0,"gold_loss":0.0,"damage_taken":8.0},{"damage_healed":20.0,"max_hp_gain":0.0,"max_hp_loss":0.0,"gold_gain":0.0,"event_name":"The Cleric","player_choice":"Healed","floor":11.0,"gold_loss":35.0,"damage_taken":0.0},{"cards_removed":["Corruption"],"damage_healed":46.0,"max_hp_gain":0.0,"max_hp_loss":0.0,"gold_gain":0.0,"event_name":"Bonfire Elementals","player_choice":"Offered Uncommon","floor":14.0,"gold_loss":0.0,"damage_taken":0.0},{"damage_healed":0.0,"max_hp_gain":0.0,"max_hp_loss":0.0,"gold_gain":0.0,"event_name":"Back to Basics","player_choice":"Simplicity","floor":24.0,"gold_loss":0.0,"damage_taken":0.0,"cards_upgraded":["Strike_R","Strike_R","Strike_R","Strike_R","Strike_R","Defend_R","Defend_R","Defend_R","Defend_R"]},{"damage_healed":0.0,"max_hp_gain":0.0,"max_hp_loss":0.0,"gold_gain":0.0,"event_name":"Drug Dealer","player_choice":"Inject Mutagens","floor":28.0,"gold_loss":0.0,"damage_taken":0.0,"relics_obtained":["MutagenicStrength"]},{"cards_removed":["Apotheosis"],"damage_healed":0.0,"max_hp_gain":0.0,"max_hp_loss":0.0,"gold_gain":0.0,"event_name":"NoteForYourself","player_choice":"Took Card","floor":29.0,"gold_loss":0.0,"damage_taken":0.0,"cards_obtained":["Doubt"]},{"damage_healed":0,"gold_gain":0,"player_choice":"Fight","damage_taken":0,"max_hp_gain":0,"max_hp_loss":0,"event_name":"Mysterious Sphere","floor":36,"gold_loss":0},{"damage_healed":0,"gold_gain":999,"player_choice":"Gold","damage_taken":0,"max_hp_gain":0,"max_hp_loss":0,"event_name":"MindBloom","floor":37,"gold_loss":0,"cards_obtained":["Normality","Normality"]},{"damage_healed":0,"gold_gain":0,"player_choice":"Gave Potion","damage_taken":0,"relics_obtained":["Pantograph"],"max_hp_gain":0,"max_hp_loss":0,"event_name":"WeMeetAgain","floor":44,"gold_loss":0},{"damage_healed":0,"gold_gain":0,"player_choice":"Forge","damage_taken":0,"max_hp_gain":0,"max_hp_loss":0,"event_name":"Accursed Blacksmith","floor":45,"gold_loss":0,"cards_upgraded":["Armaments"]}],"is_beta":false,"boss_relics":[{"not_picked":["Orrery","Eternal Feather"],"picked":"Busted Crown"},{"not_picked":["Runic Cube","Sozu"],"picked":"Astrolabe"}],"items_purged_floors":[31,38,46],"is_endless":false,"potions_floor_spawned":[1,5,13,16,18,20,36,40,41],"ascension_level":0}