{"path_per_floor":["M","?","M","M","?","R","E","?","T","E","?","R","$","M","R","B",null,"M","T","?","M"],"character_chosen":"THE_SILENT","items_purchased":["Oddly Smooth Stone"],"gold_per_floor":[119,119,137,156,156,156,188,188,213,252,252,252,107,126,126,252,252,277,277,227,221],"floor_reached":22,"campfire_rested":2,"playtime":884,"current_hp_per_floor":[63,63,63,63,57,57,49,49,49,11,11,32,32,24,45,17,70,46,46,46,26],"items_purged":[],"gold":221,"score":192,"play_id":"8a8656ae-242b-4dc5-9eb3-fdfeb6b8a4fb","is_prod":false,"is_daily":false,"is_ascension_mode":false,"campfire_upgraded":1,"path_taken":["M","?","?","M","?","R","E","?","T","E","?","R","$","M","R","BOSS","M","?","?","M","M"],"build_version":"2018-02-08-PROD1","purchased_purges":0,"victory":false,"master_deck":["Defend_G","Defend_G","Defend_G","Defend_G","Defend_G","Strike_G","Strike_G","Strike_G","Strike_G","Strike_G","Survivor","Neutralize","Glass Knife","Caltrops+1","Deflect","Outmaneuver","Caltrops+1","Injury","A Thousand Cuts","Injury","Flying Knee","Die Die Die","Distraction","Outmaneuver","Predator","Dagger Spray","Bane","Distraction","Dash+1"],"max_hp_per_floor":[63,63,63,63,63,63,70,70,70,70,70,70,70,70,70,70,70,70,70,70,70],"relics":["Ring of the Snake","Strawberry","Golden Idol","Vajra","Ninja Scroll","Oddly Smooth Stone","Orrery","Thread and Needle"],"card_choices":[{"not_picked":["Burst","Phantasmal Killer"],"picked":"Glass Knife"},{"not_picked":["Cloak And Dagger","Riddle With Holes"],"picked":"Caltrops"},{"not_picked":["Heel Hook","Riddle With Holes"],"picked":"Deflect"},{"not_picked":["Finisher","Phantasmal Killer"],"picked":"Outmaneuver"},{"not_picked":["Skewer","Underhanded Strike"],"picked":"Caltrops"},{"not_picked":["Crippling Poison","Dagger Throw"],"picked":"A Thousand Cuts"},{"not_picked":["Sucker Punch","Masterful Stab"],"picked":"Flying Knee"},{"not_picked":["Tactician","Glass Knife"],"picked":"Die Die Die"},{"not_picked":["Dagger Spray","Quick Slash"],"picked":"Distraction"},{"not_picked":["PiercingWail","Quick Slash"],"picked":"Outmaneuver"},{"not_picked":["Dagger Throw","Poisoned Stab"],"picked":"Predator"},{"not_picked":["Heel Hook","Footwork"],"picked":"Dagger Spray"},{"not_picked":["Dodge and Roll","Catalyst"],"picked":"Bane"},{"not_picked":["Flechettes","Prepared"],"picked":"Distraction"},{"not_picked":["Dagger Spray","Deflect"],"picked":"Dash"}],"player_experience":40265,"potions_floor_usage":[7,7,7,10],"damage_taken":[{"damage":0,"enemies":"Cultist","floor":1,"turns":5},{"damage":0,"enemies":"Blue Slaver","floor":3,"turns":5},{"damage":0,"enemies":"Small Slimes","floor":4,"turns":3},{"damage":15,"enemies":"3 Sentries","floor":7,"turns":6},{"damage":38,"enemies":"Lagavulin","floor":10,"turns":8},{"damage":8,"enemies":"Red Slaver","floor":14,"turns":5},{"damage":28,"enemies":"Hexaghost","floor":16,"turns":9},{"damage":24,"enemies":"Shell Parasite","floor":18,"turns":4},{"damage":20,"enemies":"2 Thieves","floor":21,"turns":4},{"damage":29,"enemies":"Centurion and Healer","floor":22,"turns":7}],"event_choices":[{"event_name":"The Lab","player_choice":"Got Potions","floor":2,"damage_taken":0},{"event_name":"Wheel of Change","player_choice":"Damage","floor":5,"damage_taken":0},{"event_name":"Golden Idol","player_choice":"Take Wound","floor":8,"damage_taken":0},{"event_name":"Accursed Blacksmith","player_choice":"Forge","floor":11,"damage_taken":0},{"event_name":"The Joust","player_choice":"Bet on Murderer","floor":20,"damage_taken":0}],"boss_relics":[{"not_picked":["Cursed Key","Eternal Feather"],"picked":"Orrery"}],"potions_floor_spawned":[1,3,7],"seed_played":"-3918817732600907156","killed_by":"Centurion and Healer","ascension_level":0,"is_trial":false}