{"gold_per_floor":[114,129,129,144,159,159,174,174,199,214,244,519,534,594,594,694,694,709,193,208,223,23,53,68,143,143,173,188,188,2,17,17,117,117,132,132,51,66,81,111,38,53,78,90,102,114,226,268,280,292],"floor_reached":51,"playtime":2746,"items_purged":[],"score":1059,"play_id":"0f3fe284-ed3f-4c2e-8f24-ff3ef8664471","local_time":"20181127205811","daily_mods":["Cursed Run","Time Dilation","Binary"],"is_ascension_mode":false,"campfire_choices":[{"data":"Rip and Tear","floor":6.0,"key":"SMITH"},{"floor":15.0,"key":"REST"},{"data":"Machine Learning","floor":32,"key":"SMITH"},{"floor":49,"key":"REST"}],"neow_cost":"","seed_source_timestamp":0,"circlet_count":0,"master_deck":["Dualcast","Conserve Battery","Rip and Tear+1","Streamline","Rebound","Undo","Regret","Doubt","Sunder","Beam Cell","Regret","Hologram","Go for the Eyes","Parasite","Machine Learning+1","Genetic Algorithm+1","Self Repair","Bandage Up","Stack+1","Gash+1","Thinking Ahead","Gash","Parasite","Parasite","Go for the Eyes+1","Bandage Up","RitualDagger+1","Auto Shields","Infernal Blade","Writhe","Metamorphosis","Auto Shields","Steam","Compile Driver+1","Loop","Undo","Cold Snap+1","Doom and Gloom+1","Go for the Eyes+1","Quick Slash+1","Self Repair","Gash+1","Leap","Backflip+1","Dagger Throw+1","Ball Lightning+1","Conserve Battery","Ball Lightning+1","Regret","Machine Learning+1","Metamorphosis","Dramatic Entrance+1","Apotheosis","Static Discharge+1","Go for the Eyes+1","Writhe"],"special_seed":17847,"relics":["Cursed Key","Darkstone Periapt","Du-Vu Doll","Torii","Art of War","Happy Flower","Tiny Chest","Lizard Tail","Gremlin Horn","Oddly Smooth Stone","PrismaticShard","Question Card","Matryoshka","Regal Pillow","Pear","Molten Egg 2","DataDisk","Pandora\u0027s Box","Symbiotic Virus","MawBank","Boot","WingedGreaves","Cables"],"potions_floor_usage":[27,28,33,40,40,50],"damage_taken":[{"damage":0.0,"enemies":"Cultist","floor":1.0,"turns":4.0},{"damage":0.0,"enemies":"2 Louse","floor":2.0,"turns":3.0},{"damage":0.0,"enemies":"Small Slimes","floor":4.0,"turns":2.0},{"damage":3.0,"enemies":"Exordium Thugs","floor":5.0,"turns":3.0},{"damage":16.0,"enemies":"Gremlin Gang","floor":7.0,"turns":3.0},{"damage":3.0,"enemies":"Lots of Slimes","floor":10.0,"turns":3.0},{"damage":14.0,"enemies":"Lagavulin","floor":11.0,"turns":5.0},{"damage":4.0,"enemies":"Exordium Thugs","floor":13.0,"turns":3.0},{"damage":2.0,"enemies":"3 Sentries","floor":14.0,"turns":3.0},{"damage":5.0,"enemies":"Slime Boss","floor":16.0,"turns":6.0},{"damage":13.0,"enemies":"3 Byrds","floor":18.0,"turns":4.0},{"damage":2.0,"enemies":"Chosen","floor":20.0,"turns":2.0},{"damage":9.0,"enemies":"3 Cultists","floor":21.0,"turns":4.0},{"damage":10.0,"enemies":"Gremlin Leader","floor":23.0,"turns":5.0},{"damage":2,"enemies":"Snake Plant","floor":24,"turns":4},{"damage":34,"enemies":"Book of Stabbing","floor":27,"turns":4},{"damage":21,"enemies":"Centurion and Healer","floor":28,"turns":5},{"damage":13,"enemies":"Shelled Parasite and Fungi","floor":31,"turns":4},{"damage":63,"enemies":"Automaton","floor":33,"turns":9},{"damage":19,"enemies":"3 Shapes","floor":35,"turns":2},{"damage":18,"enemies":"3 Darklings","floor":38,"turns":4},{"damage":18,"enemies":"Spire Growth","floor":39,"turns":3},{"damage":17,"enemies":"Reptomancer","floor":40,"turns":6},{"damage":0,"enemies":"Jaw Worm Horde","floor":42,"turns":2},{"damage":9,"enemies":"Mind Bloom Boss Battle","floor":47,"turns":4},{"damage":48,"enemies":"Giant Head","floor":48,"turns":7},{"damage":86,"enemies":"Awakened One","floor":50,"turns":8}],"seed_played":"7220959267386294394","potions_obtained":[{"floor":2.0,"key":"EssenceOfSteel"},{"floor":5.0,"key":"Explosive Potion"},{"floor":13.0,"key":"AttackPotion"},{"floor":14.0,"key":"Block Potion"},{"floor":18.0,"key":"Dexterity Potion"},{"floor":21.0,"key":"Strength Potion"},{"floor":23,"key":"Explosive Potion"},{"floor":28,"key":"Regen Potion"},{"floor":38,"key":"SpeedPotion"},{"floor":47,"key":"LiquidBronze"}],"is_trial":false,"path_per_floor":["M","M","?","M","M","R","M","?","T","M","E","?","M","E","R","B",null,"M","$","M","M","$","E","E","M","T","T","E","M","?","$","M","R","B",null,"M","?","$","M","M","E","$","M","T","?","$","?","?","E","R","B",null],"character_chosen":"DEFECT","items_purchased":["Gremlin Horn","Self Repair","Bandage Up","Oddly Smooth Stone","PrismaticShard","DataDisk","Auto Shields","Self Repair","Gash+1","Ball Lightning+1","Conserve Battery"],"campfire_rested":2,"item_purchase_floors":[19,19,19,19,22,30,30,37,37,41,41],"current_hp_per_floor":[75,75,75,75,72,72,56,62,68,65,51,57,53,51,78,79,99,86,86,91,93,93,94,99,105,121,98,88,82,82,80,80,53,127,112,112,112,102,88,93,93,100,106,106,106,96,105,81,133,75],"gold":304,"neow_bonus":"","is_prod":false,"is_daily":true,"chose_seed":false,"campfire_upgraded":2,"win_rate":0,"timestamp":1543370291,"path_taken":["M","?","?","M","M","R","M","?","T","M","E","?","?","E","R","BOSS","M","$","?","?","$","E","M","?","T","E","M","?","$","M","R","BOSS","M","?","$","M","M","E","?","?","T","?","?","?","?","E","R","BOSS"],"build_version":"2018-11-15","purchased_purges":0,"victory":true,"max_hp_per_floor":[75,75,75,75,75,75,75,81,87,87,87,93,93,93,93,99,99,99,99,99,99,99,99,99,105,121,121,121,121,121,121,121,127,127,127,127,127,127,127,127,127,127,133,133,133,133,133,133,133,139],"card_choices":[{"not_picked":["Turbo"],"picked":"Conserve Battery","floor":1.0},{"not_picked":["Go for the Eyes"],"picked":"Rip and Tear","floor":2.0},{"not_picked":["Rebound"],"picked":"Streamline","floor":4.0},{"not_picked":["Steam"],"picked":"Rebound","floor":5.0},{"not_picked":["Hologram"],"picked":"Undo","floor":7.0},{"not_picked":["Streamline"],"picked":"Sunder","floor":10.0},{"not_picked":["Aggregate"],"picked":"Beam Cell","floor":11.0},{"not_picked":["Stack"],"picked":"Hologram","floor":13.0},{"not_picked":["Fission"],"picked":"Go for the Eyes","floor":14.0},{"not_picked":["Fission"],"picked":"Machine Learning","floor":16.0},{"not_picked":["Beam Cell"],"picked":"Genetic Algorithm+1","floor":18.0},{"not_picked":["Turbo+1"],"picked":"Stack+1","floor":20.0},{"not_picked":["Sweeping Beam+1"],"picked":"Gash+1","floor":21.0},{"not_picked":["Dark Embrace"],"picked":"Thinking Ahead","floor":23},{"not_picked":["Defragment","Tactician"],"picked":"Gash","floor":24},{"not_picked":["Bloodletting","Beam Cell+1"],"picked":"Go for the Eyes","floor":27},{"not_picked":["Clash+1","Heatsinks"],"picked":"Bandage Up","floor":28},{"not_picked":["Havoc","Clothesline+1"],"picked":"Infernal Blade","floor":31},{"not_picked":["Multi-Cast","Wraith Form v2"],"picked":"Metamorphosis","floor":33},{"not_picked":["Hologram","Accuracy"],"picked":"Quick Slash+1","floor":35},{"not_picked":["Ghostly Armor","Sword Boomerang+1"],"picked":"Leap","floor":38},{"not_picked":["Beam Cell+1","Barrage+1"],"picked":"Backflip+1","floor":39},{"not_picked":["Backflip","Rage+1"],"picked":"Dagger Throw+1","floor":40},{"not_picked":["Undo+1","Blade Dance+1"],"picked":"Ball Lightning+1","floor":42},{"not_picked":["Finesse","Good Instincts"],"picked":"Metamorphosis","floor":46},{"not_picked":["Swift Strike+1","Blind"],"picked":"Dramatic Entrance+1","floor":46},{"not_picked":["Deep Breath","Magnetism"],"picked":"Apotheosis","floor":46},{"not_picked":["Consume+1","Cloak And Dagger+1"],"picked":"Static Discharge+1","floor":47},{"not_picked":["Uppercut+1","Glass Knife+1"],"picked":"Go for the Eyes+1","floor":48}],"player_experience":210778,"relics_obtained":[{"floor":9.0,"key":"Art of War"},{"floor":11.0,"key":"Happy Flower"},{"floor":14.0,"key":"Tiny Chest"},{"floor":23,"key":"Question Card"},{"floor":25,"key":"Matryoshka"},{"floor":26,"key":"Regal Pillow"},{"floor":26,"key":"Pear"},{"floor":27,"key":"Molten Egg 2"},{"floor":40,"key":"Symbiotic Virus"},{"floor":43,"key":"MawBank"},{"floor":43,"key":"Boot"},{"floor":47,"key":"WingedGreaves"},{"floor":48,"key":"Cables"}],"event_choices":[{"damage_healed":0.0,"max_hp_gain":0.0,"max_hp_loss":0.0,"gold_gain":0.0,"event_name":"Golden Wing","player_choice":"Ignored","floor":3.0,"gold_loss":0.0,"damage_taken":0.0},{"damage_healed":0.0,"max_hp_gain":0.0,"max_hp_loss":0.0,"gold_gain":0.0,"event_name":"Big Fish","player_choice":"Box","floor":8.0,"gold_loss":0.0,"damage_taken":0.0,"relics_obtained":["Torii"],"cards_obtained":["Regret"]},{"damage_healed":0.0,"max_hp_gain":0.0,"max_hp_loss":0.0,"gold_gain":275.0,"event_name":"Golden Shrine","player_choice":"Desecrate","floor":12.0,"gold_loss":0.0,"damage_taken":0.0,"cards_obtained":["Regret"]},{"damage_healed":0,"gold_gain":0,"player_choice":"Joined the Cult","damage_taken":6,"max_hp_gain":0,"max_hp_loss":0,"event_name":"Nest","floor":29,"gold_loss":0,"cards_obtained":["RitualDagger"]},{"cards_removed":["Zap"],"damage_healed":0,"gold_gain":0,"player_choice":"Removed Skill","damage_taken":0,"max_hp_gain":0,"max_hp_loss":0,"event_name":"Falling","floor":36,"gold_loss":0},{"damage_healed":0,"gold_gain":0,"player_choice":"Copied","damage_taken":0,"max_hp_gain":0,"max_hp_loss":0,"event_name":"Duplicator","floor":44,"gold_loss":0,"cards_obtained":["Machine Learning"]},{"damage_healed":0,"gold_gain":0,"player_choice":"Memory 3","damage_taken":10,"max_hp_gain":0,"max_hp_loss":0,"event_name":"SensoryStone","floor":46,"gold_loss":0},{"damage_healed":0,"gold_gain":0,"player_choice":"Fight","damage_taken":0,"max_hp_gain":0,"max_hp_loss":0,"event_name":"MindBloom","floor":47,"gold_loss":0}],"is_beta":false,"boss_relics":[{"not_picked":["Astrolabe","Velvet Choker"],"picked":"Lizard Tail"},{"not_picked":["Busted Crown","Runic Dome"],"picked":"Pandora\u0027s Box"}],"items_purged_floors":[],"is_endless":false,"potions_floor_spawned":[2,5,13,14,18,21,23,28,38,47],"ascension_level":0}