{"gold_per_floor":[118,118,131,95,109,137,137,100,100,100,117,143,143,143,143,242,242,260,378,406,297,318,318,456,573,573,581],"floor_reached":27,"playtime":1474,"items_purged":["Voices"],"score":241,"play_id":"22096a65-69ae-4d0b-9789-c298c0ac6a9b","local_time":"20190130170706","is_ascension_mode":false,"campfire_choices":[{"floor":7,"key":"REST"},{"data":"Zap","floor":10,"key":"SMITH"},{"floor":15,"key":"RECALL"},{"floor":23,"key":"REST"}],"neow_cost":"NONE","seed_source_timestamp":2176830930874789,"circlet_count":0,"master_deck":["Strike_B","Strike_B","Strike_B","Strike_B","Defend_B","Defend_B","Defend_B","Defend_B","Zap+1","Dualcast","Go for the Eyes","Go for the Eyes","Redo+1","Self Repair","Barrage","Static Discharge","Tempest","Leap","Seek","CommonCold","Ball Lightning+1","Stack","Static Discharge","Double Energy","BasicCrystalCard+1","Glacier+1","Streamline+1"],"relics":["Cracked Core","WarpedTongs","Omamori","Juzu Bracelet","infinitespire:EmpoweringShard","infinitespire:Satchel","Calling Bell","Regal Pillow","infinitespire:Midas Blood","Calipers","Girya","Shuriken","Toxic Egg 2","StoneCalendar"],"potions_floor_usage":[12,16,19],"damage_taken":[{"damage":12,"enemies":"Small Slimes","floor":1,"turns":4},{"damage":4,"enemies":"infinitespire:Voidling","floor":3,"turns":2},{"damage":9,"enemies":"Jaw Worm","floor":5,"turns":3},{"damage":27,"enemies":"Gremlin Nob","floor":6,"turns":5},{"damage":9,"enemies":"Looter","floor":11,"turns":2},{"damage":19,"enemies":"Lagavulin","floor":12,"turns":7},{"damage":43,"enemies":"Fading Forest","floor":16,"turns":11},{"damage":13,"enemies":"Shell Parasite","floor":18,"turns":5},{"damage":32,"enemies":"Colosseum Slavers","floor":19,"turns":4},{"damage":35,"enemies":"Colosseum Nobs","floor":19,"turns":5},{"damage":26,"enemies":"2 Thieves","floor":20,"turns":4},{"damage":3,"enemies":"Cultist and Chosen","floor":22,"turns":6},{"damage":41,"enemies":"Nightmare","floor":24,"turns":5},{"damage":7,"enemies":"Snake Plant","floor":25,"turns":5},{"damage":30,"enemies":"Slavers","floor":27,"turns":3}],"seed_played":"-2618592926782194005","potions_obtained":[{"floor":1,"key":"Strength Potion"},{"floor":6,"key":"Weak Potion"},{"floor":12,"key":"Fruit Juice"},{"floor":20,"key":"Milkshake"}],"is_trial":false,"path_per_floor":["M","?","M","$","M","E","R","$","T","R","M","E","?","?","R","B",null,"M","?","M","$","M","R","NM","M","T","E"],"character_chosen":"DEFECT","items_purchased":["Redo+1","Static Discharge","Double Energy"],"campfire_rested":2,"item_purchase_floors":[4,8,21],"current_hp_per_floor":[70,70,66,66,57,37,61,61,61,61,52,45,45,45,45,12,87,84,31,12,12,16,57,23,23,23,0],"gold":581,"neow_bonus":"TEN_PERCENT_HP_BONUS","is_prod":false,"is_daily":false,"chose_seed":false,"campfire_upgraded":1,"win_rate":0,"timestamp":1548886026,"path_taken":["M","?","?","$","M","E","R","$","T","R","M","E","?","?","R","BOSS","M","?","M","$","M","R","NM","M","T","E"],"build_version":"2019-01-23","purchased_purges":1,"victory":false,"max_hp_per_floor":[82,82,82,82,82,82,82,82,82,82,82,87,87,87,87,87,87,87,87,87,87,87,87,87,87,87,87],"card_choices":[{"not_picked":["ReplaySort","Hologram"],"picked":"Go for the Eyes","floor":1},{"not_picked":["Steam","Compile Driver"],"picked":"Go for the Eyes","floor":3},{"not_picked":["Cold Snap","Stack"],"picked":"Self Repair","floor":5},{"not_picked":["ReplaySolidLightProjector","Beam Cell"],"picked":"Barrage","floor":6},{"not_picked":["Rip and Tear","Steam Power"],"picked":"Tempest","floor":11},{"not_picked":["Chill","Stack"],"picked":"Leap","floor":12},{"not_picked":["All For One","Fission"],"picked":"Seek","floor":16},{"not_picked":["Hologram","Barrage+1"],"picked":"Ball Lightning+1","floor":18},{"not_picked":["Sweeping Beam","Compile Driver"],"picked":"Stack","floor":19},{"not_picked":["Melter","Compile Driver+1"],"picked":"Static Discharge","floor":20},{"not_picked":["Darkness","Coolheaded+1"],"picked":"BasicCrystalCard+1","floor":22},{"not_picked":["Barrage","Thunder Strike"],"picked":"Glacier","floor":24},{"not_picked":["Fusion+1","Turbo+1"],"picked":"Streamline+1","floor":25}],"player_experience":387445,"relics_obtained":[{"floor":6,"key":"Omamori"},{"floor":9,"key":"Juzu Bracelet"},{"floor":12,"key":"infinitespire:EmpoweringShard"},{"floor":17,"key":"Regal Pillow"},{"floor":17,"key":"infinitespire:Midas Blood"},{"floor":17,"key":"Calipers"},{"floor":19,"key":"Girya"},{"floor":19,"key":"Shuriken"},{"floor":24,"key":"Toxic Egg 2"},{"floor":26,"key":"StoneCalendar"}],"event_choices":[{"damage_healed":0,"gold_gain":0,"player_choice":"Rummage","damage_taken":0,"relics_obtained":["WarpedTongs"],"max_hp_gain":0,"max_hp_loss":0,"event_name":"Accursed Blacksmith","floor":2,"gold_loss":0,"cards_obtained":["Pain"]},{"damage_healed":0,"gold_gain":0,"player_choice":"Box","damage_taken":0,"relics_obtained":["infinitespire:Satchel"],"max_hp_gain":0,"max_hp_loss":0,"event_name":"Big Fish","floor":13,"gold_loss":0,"cards_obtained":["Regret"]},{"cards_removed":["Pain"],"damage_healed":0,"gold_gain":0,"player_choice":"Removed Curses","damage_taken":0,"max_hp_gain":0,"max_hp_loss":0,"event_name":"Fountain of Cleansing","floor":14,"gold_loss":0},{"damage_healed":0,"gold_gain":0,"player_choice":"Fight","damage_taken":0,"max_hp_gain":0,"max_hp_loss":0,"event_name":"Colosseum","floor":19,"gold_loss":0},{"damage_healed":0,"gold_gain":0,"player_choice":"Fought Nobs","damage_taken":0,"max_hp_gain":0,"max_hp_loss":0,"event_name":"Colosseum","floor":19,"gold_loss":0}],"is_beta":false,"boss_relics":[{"not_picked":["Snecko Eye","Replay:Wanted Poster"],"picked":"Calling Bell"}],"items_purged_floors":[21],"is_endless":true,"potions_floor_spawned":[1,6,12,20],"killed_by":"Slavers","ascension_level":0}