{"gold_per_floor":[363,381,41,53,53,88,88,150,175,175,225,236,236,256,256,334,334,354,554,569,583,583,583,617,617,617,617],"floor_reached":27,"playtime":1502,"items_purged":[],"score":517,"play_id":"9e7c0107-8f35-42b7-b879-14abf7d8ab5a","local_time":"20181221181754","is_ascension_mode":true,"campfire_choices":[{"data":"Immolate","floor":7,"key":"SMITH"},{"data":"Inflame","floor":10,"key":"SMITH"},{"floor":15,"key":"REST"},{"data":"Demon Form","floor":23,"key":"SMITH"},{"data":"Intimidate","floor":25,"key":"SMITH"}],"neow_cost":"PERCENT_DAMAGE","seed_source_timestamp":8193841399747,"circlet_count":0,"master_deck":["AscendersBane","Defend_R","Defend_R","Defend_R","Defend_R","Bash","Inflame+1","Sword Boomerang","Clothesline","Metallicize+1","Immolate+1","Intimidate+1","Headbutt","Demon Form+1","Seeing Red+1","Feel No Pain","Bite","Bite","Bite","Bite","Bite","Rage+1"],"relics":["Burning Blood","Kunai","Pen Nib","Tiny Chest","Boot","Philosopher\u0027s Stone","StoneCalendar","Regal Pillow"],"potions_floor_usage":[27,27],"damage_taken":[{"damage":7,"enemies":"Jaw Worm","floor":1,"turns":3},{"damage":0,"enemies":"2 Louse","floor":2,"turns":2},{"damage":7,"enemies":"Cultist","floor":4,"turns":4},{"damage":22,"enemies":"Lagavulin","floor":6,"turns":8},{"damage":13,"enemies":"3 Sentries","floor":8,"turns":5},{"damage":0,"enemies":"2 Fungi Beasts","floor":12,"turns":2},{"damage":22,"enemies":"Gremlin Gang","floor":14,"turns":4},{"damage":29,"enemies":"Hexaghost","floor":16,"turns":10},{"damage":12,"enemies":"Shell Parasite","floor":18,"turns":3},{"damage":0,"enemies":"Chosen","floor":20,"turns":3},{"damage":18,"enemies":"Centurion and Healer","floor":21,"turns":6},{"damage":24,"enemies":"Gremlin Leader","floor":24,"turns":5},{"damage":47,"enemies":"Shelled Parasite and Fungi","floor":27,"turns":3}],"seed_played":"-3512255584618213115","potions_obtained":[{"floor":1,"key":"PowerPotion"},{"floor":2,"key":"SteroidPotion"}],"is_trial":false,"path_per_floor":["M","M","$","M","?","E","R","E","T","R","?","M","?","M","R","B",null,"M","?","M","M","?","R","E","R","T","M"],"character_chosen":"IRONCLAD","items_purchased":["Kunai","Clothesline"],"campfire_rested":1,"item_purchase_floors":[3,3],"current_hp_per_floor":[49,55,55,54,59,43,43,36,36,36,36,42,42,26,50,27,67,61,61,67,55,55,55,43,43,43,0],"gold":617,"neow_bonus":"TWO_FIFTY_GOLD","is_prod":false,"is_daily":false,"chose_seed":false,"campfire_upgraded":4,"win_rate":0,"timestamp":1545427074,"path_taken":["M","M","$","M","?","E","R","E","T","R","?","?","?","?","R","BOSS","M","?","M","?","?","R","E","R","T","M"],"build_version":"2018-12-20","purchased_purges":0,"victory":false,"max_hp_per_floor":[75,75,75,75,80,80,80,80,80,80,80,80,80,80,80,80,80,80,80,80,80,56,56,56,56,56,56],"card_choices":[{"not_picked":["Dropkick","Seeing Red"],"picked":"Inflame","floor":1},{"not_picked":["Corruption","Clash"],"picked":"Sword Boomerang","floor":2},{"not_picked":["Pommel Strike","Sentinel"],"picked":"Metallicize","floor":4},{"not_picked":["Warcry","Infernal Blade"],"picked":"Immolate","floor":6},{"not_picked":["Flex","Thunderclap"],"picked":"Intimidate","floor":8},{"not_picked":["Armaments","Pommel Strike"],"picked":"Headbutt","floor":12},{"not_picked":["Heavy Blade","Uppercut","Second Wind"],"picked":"SKIP","floor":14},{"not_picked":["Barricade","Bludgeon"],"picked":"Demon Form","floor":16},{"not_picked":["Heavy Blade","Headbutt","Rampage"],"picked":"SKIP","floor":18},{"not_picked":["Rampage","Anger+1"],"picked":"Seeing Red+1","floor":20},{"not_picked":["Clothesline","Cleave+1"],"picked":"Feel No Pain","floor":21},{"not_picked":["Shockwave","Clash"],"picked":"Rage+1","floor":24}],"player_experience":591067,"relics_obtained":[{"floor":6,"key":"Pen Nib"},{"floor":8,"key":"Tiny Chest"},{"floor":9,"key":"Boot"},{"floor":24,"key":"StoneCalendar"},{"floor":26,"key":"Regal Pillow"}],"event_choices":[{"damage_healed":0,"gold_gain":0,"player_choice":"Donut","damage_taken":0,"max_hp_gain":5,"max_hp_loss":0,"event_name":"Big Fish","floor":5,"gold_loss":0},{"damage_healed":0,"gold_gain":50,"player_choice":"Pray","damage_taken":0,"max_hp_gain":0,"max_hp_loss":0,"event_name":"Golden Shrine","floor":11,"gold_loss":0},{"damage_healed":0,"gold_gain":0,"player_choice":"Upgraded","damage_taken":0,"max_hp_gain":0,"max_hp_loss":0,"event_name":"Upgrade Shrine","floor":13,"gold_loss":0,"cards_upgraded":["Metallicize"]},{"damage_healed":0,"gold_gain":250,"player_choice":"Bet on Owner","damage_taken":0,"max_hp_gain":0,"max_hp_loss":0,"event_name":"The Joust","floor":19,"gold_loss":50},{"damage_healed":0,"gold_gain":0,"player_choice":"Became a vampire","damage_taken":0,"max_hp_gain":0,"max_hp_loss":24,"event_name":"Vampires","floor":22,"gold_loss":0,"cards_obtained":["Bite","Bite","Bite","Bite","Bite"]}],"is_beta":false,"boss_relics":[{"not_picked":["Runic Pyramid","Lizard Tail"],"picked":"Philosopher\u0027s Stone"}],"items_purged_floors":[],"is_endless":false,"potions_floor_spawned":[1,2,14,16,18,21],"killed_by":"Shelled Parasite and Fungi","ascension_level":17}