{"gold_per_floor":[209,219,229,240,163,163,163,177,201,262,262,112,132,132,132,132],"floor_reached":16,"playtime":788,"items_purged":["Strike_R"],"score":166,"play_id":"22d56d57-b7b1-4dc9-a4d4-43a3f84776bb","local_time":"20181218163029","is_ascension_mode":true,"campfire_choices":[{"data":"Carnage","floor":6,"key":"SMITH"},{"data":"Flame Barrier","floor":11,"key":"SMITH"},{"data":"Iron Wave","floor":15,"key":"SMITH"}],"neow_cost":"NONE","seed_source_timestamp":4924659372051,"circlet_count":0,"master_deck":["AscendersBane","Strike_R","Strike_R","Strike_R","Strike_R","Defend_R+1","Defend_R","Defend_R","Defend_R","Bash","Clash","Pommel Strike","Anger","Battle Trance","Carnage+1","Flame Barrier+1","Iron Wave+1","Offering+1","Headbutt"],"relics":["Burning Blood","Ancient Tea Set"],"potions_floor_usage":[],"damage_taken":[{"damage":11,"enemies":"Jaw Worm","floor":1,"turns":5},{"damage":6,"enemies":"Cultist","floor":2,"turns":4},{"damage":2,"enemies":"2 Louse","floor":3,"turns":2},{"damage":11,"enemies":"2 Fungi Beasts","floor":4,"turns":3},{"damage":0,"enemies":"Exordium Wildlife","floor":8,"turns":2},{"damage":3,"enemies":"3 Louse","floor":13,"turns":4},{"damage":52,"enemies":"Hexaghost","floor":16,"turns":9}],"seed_played":"845961273734558807","potions_obtained":[{"floor":3,"key":"SteroidPotion"},{"floor":4,"key":"FearPotion"}],"is_trial":false,"path_per_floor":["M","M","M","M","$","R","?","M","T","?","R","$","M","?","R","B"],"character_chosen":"IRONCLAD","items_purchased":["Carnage","Offering"],"campfire_rested":0,"item_purchase_floors":[5,12],"current_hp_per_floor":[63,63,67,62,62,62,62,68,68,68,68,68,71,48,48,0],"gold":132,"neow_bonus":"HUNDRED_GOLD","is_prod":false,"is_daily":false,"chose_seed":false,"campfire_upgraded":3,"win_rate":0,"timestamp":1545161429,"path_taken":["M","M","M","M","$","R","?","?","T","?","R","$","M","?","R","BOSS"],"build_version":"2018-12-13","purchased_purges":1,"victory":false,"max_hp_per_floor":[75,75,75,75,75,75,75,75,75,75,75,75,75,75,75,75],"card_choices":[{"not_picked":["Thunderclap","Dual Wield"],"picked":"Clash","floor":1},{"not_picked":["Shrug It Off","Clash"],"picked":"Pommel Strike","floor":2},{"not_picked":["Corruption","Entrench"],"picked":"Anger","floor":3},{"not_picked":["Sentinel","Armaments"],"picked":"Battle Trance","floor":4},{"not_picked":["Feel No Pain","Shockwave"],"picked":"Iron Wave","floor":8},{"not_picked":["Battle Trance","Evolve"],"picked":"Headbutt","floor":13}],"player_experience":567750,"relics_obtained":[{"floor":9,"key":"Ancient Tea Set"}],"event_choices":[{"damage_healed":0,"gold_gain":0,"player_choice":"1 cards matched","damage_taken":0,"max_hp_gain":0,"max_hp_loss":0,"event_name":"Match and Keep!","floor":7,"gold_loss":0,"cards_obtained":["Flame Barrier"]},{"damage_healed":0,"gold_gain":0,"player_choice":"1 cards matched","damage_taken":0,"max_hp_gain":0,"max_hp_loss":0,"event_name":"Match and Keep!","floor":7,"gold_loss":0,"cards_obtained":["Flame Barrier"]},{"damage_healed":0,"gold_gain":61,"player_choice":"Gained Gold","damage_taken":0,"max_hp_gain":0,"max_hp_loss":0,"event_name":"Golden Wing","floor":10,"gold_loss":0},{"damage_healed":0,"gold_gain":0,"player_choice":"Entered Light","damage_taken":23,"max_hp_gain":0,"max_hp_loss":0,"event_name":"Shining Light","floor":14,"gold_loss":0,"cards_upgraded":["Defend_R","Offering"]}],"is_beta":false,"boss_relics":[],"items_purged_floors":[12],"is_endless":false,"potions_floor_spawned":[3,4,8],"killed_by":"Hexaghost","ascension_level":16}