{"gold_per_floor":[259,272,272,287,138,174,187,187,255,286,286,286,306,306],"floor_reached":14,"playtime":524,"items_purged":[],"score":120,"play_id":"81ca769f-ef80-4e19-bc5a-0ead035c7563","local_time":"20190112190531","is_ascension_mode":true,"campfire_choices":[{"floor":8,"key":"REST"},{"floor":11,"key":"REST"}],"neow_cost":"CURSE","seed_source_timestamp":629693280210279,"circlet_count":0,"master_deck":["Strike_B","Strike_B","Strike_B","Strike_B","Defend_B","Defend_B","Defend_B","Defend_B","Zap","Dualcast","Time Bomb+1","Compile Driver+1","Injury","Stack","Rainbow","Time Bomb","Gash","BasicCrystalCard"],"relics":["Cracked Core","Golden Idol","Guide Book","Peace Pipe","ReplayTheSpireMod:Bottled Steam","Ancient Bracer"],"potions_floor_usage":[6,10],"damage_taken":[{"damage":0,"enemies":"Cultist","floor":1,"turns":3},{"damage":13,"enemies":"Small Slimes","floor":2,"turns":4},{"damage":9,"enemies":"2 Louse","floor":4,"turns":4},{"damage":25,"enemies":"Lagavulin","floor":6,"turns":5},{"damage":11,"enemies":"2 Fungi Beasts","floor":7,"turns":3},{"damage":30,"enemies":"Gremlin Nob","floor":10,"turns":4},{"damage":23,"enemies":"Gremlin Gang","floor":13,"turns":7},{"damage":1,"enemies":"Blue Slaver","floor":14,"turns":1}],"seed_played":"-3772394704922784631","potions_obtained":[{"floor":2,"key":"PowerPotion"},{"floor":4,"key":"Venom Potion"}],"is_trial":false,"path_per_floor":["M","M","?","M","$","E","M","R","T","E","R","?","M","M"],"character_chosen":"DEFECT","items_purchased":["Guide Book"],"campfire_rested":2,"item_purchase_floors":[5],"current_hp_per_floor":[75,62,62,53,53,28,17,39,39,9,31,24,1,0],"gold":306,"neow_bonus":"TWO_FIFTY_GOLD","is_prod":false,"is_daily":false,"chose_seed":false,"campfire_upgraded":0,"win_rate":0,"timestamp":1547337931,"path_taken":["M","M","?","M","$","E","M","R","T","E","R","?","?","M"],"build_version":"2019-01-10","purchased_purges":0,"victory":false,"max_hp_per_floor":[75,75,75,75,75,75,75,75,75,75,75,75,75,75],"card_choices":[{"not_picked":["Rebound","Redo"],"picked":"Time Bomb","floor":1},{"not_picked":["Beam Cell","Glacier"],"picked":"Compile Driver","floor":2},{"not_picked":["Coolheaded","Barrage"],"picked":"Stack","floor":4},{"not_picked":["Doom and Gloom","Redo"],"picked":"Rainbow","floor":6},{"not_picked":["Fusion","Beam Cell"],"picked":"Time Bomb","floor":7},{"not_picked":["Scrape","Steam"],"picked":"Gash","floor":10},{"not_picked":["Hologram","Leap"],"picked":"BasicCrystalCard","floor":13}],"player_experience":317648,"relics_obtained":[{"floor":6,"key":"Peace Pipe"},{"floor":9,"key":"ReplayTheSpireMod:Bottled Steam"},{"floor":10,"key":"Ancient Bracer"}],"event_choices":[{"damage_healed":0,"gold_gain":0,"player_choice":"Take Wound","damage_taken":0,"relics_obtained":["Golden Idol"],"max_hp_gain":0,"max_hp_loss":0,"event_name":"Golden Idol","floor":3,"gold_loss":0,"cards_obtained":["Injury"]},{"damage_healed":0,"gold_gain":0,"player_choice":"Damaged","damage_taken":7,"max_hp_gain":0,"max_hp_loss":0,"event_name":"Wheel of Change","floor":12,"gold_loss":0}],"is_beta":false,"boss_relics":[],"items_purged_floors":[],"is_endless":false,"potions_floor_spawned":[2,4],"killed_by":"Blue Slaver","ascension_level":4}