{"path_per_floor":["M","?","?","?","?","R","?","E","T","E","M","T","R","E","R","B",null,"M","M","$","?","$","R","M"],"character_chosen":"IRONCLAD","items_purchased":["War Paint","Whetstone"],"gold_per_floor":[112,112,112,112,112,112,112,147,147,182,194,262,262,290,290,391,391,403,388,264,264,139,139,149],"floor_reached":25,"campfire_rested":3,"playtime":776,"current_hp_per_floor":[80,80,64,64,64,64,64,42,42,36,43,43,67,48,72,18,80,48,32,32,32,32,56,51],"items_purged":[],"gold":149,"score":215,"play_id":"8fa4834c-30b9-47f2-badb-7284b9380ad5","is_prod":false,"is_daily":false,"is_ascension_mode":false,"campfire_upgraded":1,"path_taken":["M","?","?","?","?","R","?","E","T","E","M","?","R","E","R","BOSS","M","M","?","?","$","R","?","E"],"build_version":"2018-02-12-PROD1","purchased_purges":0,"victory":false,"master_deck":["Strike_R","Strike_R","Strike_R","Strike_R+1","Strike_R","Defend_R+1","Defend_R","Defend_R+1","Defend_R","Bash","Rampage+1","Inflame","Armaments","Perfected Strike","Juggernaut","Berserk","Dual Wield+1","Reaper+1","Wild Strike+1","Metallicize","Searing Blow+1","Iron Wave"],"max_hp_per_floor":[80,80,80,80,80,80,80,80,80,80,80,80,80,80,80,80,80,80,80,80,80,80,80,80],"relics":["Burning Blood","Anchor","Gremlin Horn","Magic Flower","Dream Catcher","Paper Frog","The Courier","Question Card","War Paint","Whetstone"],"card_choices":[{"not_picked":["True Grit","Flex"],"picked":"Rampage"},{"not_picked":["Sword Boomerang","Warcry"],"picked":"Inflame"},{"not_picked":["Pommel Strike","Dual Wield"],"picked":"Armaments"},{"not_picked":["Shrug It Off","Clash"],"picked":"Perfected Strike"},{"not_picked":["Battle Trance","Body Slam"],"picked":"Juggernaut"},{"not_picked":["Evolve","Shockwave"],"picked":"Berserk"},{"not_picked":["Bloodletting","Sever Soul"],"picked":"Dual Wield"},{"not_picked":["Juggernaut","Fiend Fire"],"picked":"Reaper"},{"not_picked":["Hemokinesis","Dual Wield","Rupture"],"picked":"Wild Strike"},{"not_picked":["Pommel Strike","Spot Weakness","Disarm"],"picked":"Metallicize"},{"not_picked":["Twin Strike","Power Through","Spot Weakness"],"picked":"Searing Blow"},{"not_picked":["Clash","Wild Strike","Hemokinesis"],"picked":"Iron Wave"}],"player_experience":63937,"potions_floor_usage":[1,10,14,16,25],"damage_taken":[{"damage":0,"enemies":"Small Slimes","floor":1,"turns":2},{"damage":28,"enemies":"Gremlin Nob","floor":8,"turns":4},{"damage":15,"enemies":"Lagavulin","floor":10,"turns":6},{"damage":2,"enemies":"Jaw Worm","floor":11,"turns":4},{"damage":28,"enemies":"Gremlin Nob","floor":14,"turns":4},{"damage":63,"enemies":"Hexaghost","floor":16,"turns":10},{"damage":41,"enemies":"Spheric Guardian","floor":18,"turns":6},{"damage":37,"enemies":"2 Thieves","floor":19,"turns":4},{"damage":25,"enemies":"Snecko","floor":24,"turns":6},{"damage":74,"enemies":"Slavers","floor":25,"turns":5}],"event_choices":[{"event_name":"Big Fish","player_choice":"Box","floor":2,"damage_taken":0},{"event_name":"Shining Light","player_choice":"Entered Light","floor":3,"damage_taken":0},{"event_name":"Living Wall","player_choice":"Forget","floor":4,"damage_taken":0},{"event_name":"Golden Wing","player_choice":"Ignored","floor":5,"damage_taken":0},{"event_name":"The Woman in Blue","player_choice":"Bought 0 Potions","floor":7,"damage_taken":0},{"event_name":"Drug Dealer","player_choice":"Ignored","floor":21,"damage_taken":0}],"boss_relics":[{"not_picked":["Pandora\u0027s Box","Ectoplasm"],"picked":"Question Card"}],"potions_floor_spawned":[11,14,16,24],"seed_played":"-2927753190606947705","killed_by":"Slavers","ascension_level":0,"is_trial":false}