{"gold_per_floor":[118,131,147,163,176,176,190,202,202,377,377],"floor_reached":11,"playtime":525,"items_purged":[],"score":79,"play_id":"ba8ae011-dcc6-4053-80da-05d6bb824397","local_time":"20181019014630","is_ascension_mode":true,"campfire_choices":[{"floor":6,"key":"REST"}],"neow_cost":"NONE","seed_source_timestamp":556784065123,"circlet_count":0,"master_deck":["Defend_G","Defend_G","Defend_G","Defend_G","Defend_G","Strike_G","Strike_G","Strike_G","Strike_G","Strike_G","Survivor","Neutralize","Slice","Slice","Deadly Poison","Escape Plan","Catalyst","Deadly Poison","Backflip","Doubt"],"relics":["Ring of the Snake","NeowsBlessing","Dodecahedron"],"potions_floor_usage":[7,11,11],"damage_taken":[{"damage":0,"enemies":"Cultist","floor":1,"turns":1},{"damage":0,"enemies":"Small Slimes","floor":2,"turns":1},{"damage":0,"enemies":"2 Louse","floor":3,"turns":1},{"damage":15,"enemies":"Exordium Thugs","floor":4,"turns":5},{"damage":25,"enemies":"Large Slime","floor":5,"turns":8},{"damage":11,"enemies":"Exordium Wildlife","floor":7,"turns":5},{"damage":4,"enemies":"Looter","floor":8,"turns":3},{"damage":44,"enemies":"3 Sentries","floor":11,"turns":8}],"seed_played":"2319703299960056199","potions_obtained":[{"floor":4,"key":"Weak Potion"},{"floor":5,"key":"LiquidBronze"},{"floor":8,"key":"SteroidPotion"}],"is_trial":false,"path_per_floor":["M","M","M","M","M","R","M","M","T","?"],"character_chosen":"THE_SILENT","items_purchased":[],"campfire_rested":1,"item_purchase_floors":[],"current_hp_per_floor":[70,70,70,55,30,51,40,36,36,36,0],"gold":377,"neow_bonus":"THREE_ENEMY_KILL","is_prod":false,"is_daily":false,"chose_seed":false,"campfire_upgraded":0,"win_rate":0,"timestamp":1539924390,"path_taken":["M","M","M","M","M","R","M","?","T","?","E"],"build_version":"2018-10-18","purchased_purges":0,"victory":false,"max_hp_per_floor":[70,70,70,70,70,70,70,70,70,70,70],"card_choices":[{"not_picked":["Underhanded Strike","Expertise"],"picked":"Slice","floor":1},{"not_picked":["Outmaneuver","Choke"],"picked":"Slice","floor":2},{"not_picked":["Blur","Dagger Throw"],"picked":"Deadly Poison","floor":3},{"not_picked":["PiercingWail","Bane"],"picked":"Escape Plan","floor":4},{"not_picked":["Leg Sweep","Distraction"],"picked":"Catalyst","floor":5},{"not_picked":["Blade Dance","Flying Knee"],"picked":"Deadly Poison","floor":7},{"not_picked":["Blade Dance","Leg Sweep"],"picked":"Backflip","floor":8}],"player_experience":169101,"relics_obtained":[{"floor":9,"key":"Dodecahedron"}],"event_choices":[{"damage_healed":0,"gold_gain":175,"player_choice":"AGREE","damage_taken":0,"max_hp_gain":0,"max_hp_loss":0,"event_name":"Liars Game","floor":10,"gold_loss":0,"cards_obtained":["Doubt"]}],"is_beta":false,"boss_relics":[],"items_purged_floors":[],"is_endless":false,"potions_floor_spawned":[4,5,8],"killed_by":"3 Sentries","ascension_level":3}