{"gold_per_floor":[19,19,194,213,124,140,166,166,166,185,260,295,295,311,311,406,456,396,396,2,20,32,32],"floor_reached":23,"playtime":807,"items_purged":[],"score":249,"play_id":"02fef353-b671-4bd6-8944-63b2507bf492","local_time":"20180926223057","is_ascension_mode":true,"campfire_choices":[{"floor":8,"key":"REST"},{"floor":13,"key":"REST"},{"floor":15,"key":"REST"}],"neow_cost":"NO_GOLD","seed_source_timestamp":1067874079389745,"circlet_count":0,"master_deck":["Strike_B","Strike_B","Strike_B","Strike_B","Defend_B","Defend_B","Defend_B+1","Defend_B","Zap","Dualcast","Static Discharge+1","Doubt","Compile Driver","Heatsinks","Conserve Battery","Static Discharge","Steam","Stack","Defragment","Rip and Tear","Amplify","Force Field","Auto Shields+1","RitualDagger","Flash of Steel","Streamline","Hologram"],"relics":["Cracked Core","Torii","Shuriken","Meat on the Bone","Matryoshka","Tiny House","Emotion Chip"],"potions_floor_usage":[12,16,22,22,23],"damage_taken":[{"damage":22,"enemies":"Small Slimes","floor":1,"turns":4},{"damage":1,"enemies":"2 Louse","floor":4,"turns":2},{"damage":8,"enemies":"Jaw Worm","floor":6,"turns":4},{"damage":29,"enemies":"Lagavulin","floor":7,"turns":6},{"damage":12,"enemies":"Exordium Wildlife","floor":10,"turns":3},{"damage":11,"enemies":"3 Sentries","floor":12,"turns":8},{"damage":13,"enemies":"Large Slime","floor":14,"turns":5},{"damage":34,"enemies":"Hexaghost","floor":16,"turns":8},{"damage":33,"enemies":"2 Thieves","floor":18,"turns":4},{"damage":21,"enemies":"Chosen","floor":21,"turns":5},{"damage":17,"enemies":"Snake Plant","floor":22,"turns":4},{"damage":47,"enemies":"Gremlin Leader","floor":23,"turns":6}],"seed_played":"-1787944856300145111","potions_obtained":[{"floor":10,"key":"SpeedPotion"},{"floor":12,"key":"Block Potion"},{"floor":16,"key":"Strength Potion"},{"floor":17,"key":"Regen Potion"},{"floor":22,"key":"Fire Potion"}],"is_trial":false,"path_per_floor":["M","?","?","M","$","M","E","R","T","M","?","E","R","M","R","B",null,"M","?","$","M","M"],"character_chosen":"DEFECT","items_purchased":["Heatsinks","Conserve Battery","Emotion Chip","Flash of Steel"],"campfire_rested":3,"item_purchase_floors":[5,5,20,20],"current_hp_per_floor":[53,53,53,52,52,44,15,37,37,37,26,27,49,48,70,48,73,52,46,46,37,44,0],"gold":32,"neow_bonus":"ONE_RARE_RELIC","is_prod":false,"is_daily":false,"chose_seed":false,"campfire_upgraded":0,"win_rate":0,"timestamp":1538015457,"path_taken":["M","?","?","M","$","M","E","R","T","M","?","E","R","M","R","BOSS","M","?","?","M","M","E"],"build_version":"2018-09-20","purchased_purges":0,"victory":false,"max_hp_per_floor":[75,75,75,75,75,75,75,75,75,75,75,75,75,75,75,75,80,80,80,80,80,80,80],"card_choices":[{"not_picked":["Ball Lightning","Barrage"],"picked":"Static Discharge","floor":1},{"not_picked":["Hologram","Rebound"],"picked":"Compile Driver","floor":4},{"not_picked":["Barrage","Redo"],"picked":"Static Discharge","floor":6},{"not_picked":["Scrape","Compile Driver"],"picked":"Steam","floor":7},{"not_picked":["Genetic Algorithm","Melter"],"picked":"Stack","floor":10},{"not_picked":["Stack","Loop"],"picked":"Defragment","floor":12},{"not_picked":["Turbo","Steam"],"picked":"Rip and Tear","floor":14},{"not_picked":["Multi-Cast","Thunder Strike"],"picked":"Amplify","floor":16},{"not_picked":["Sweeping Beam","Cold Snap"],"picked":"Force Field","floor":17},{"not_picked":["Cold Snap","Rip and Tear+1"],"picked":"Auto Shields+1","floor":18},{"not_picked":["Thunder Strike","Steam"],"picked":"Streamline","floor":21},{"not_picked":["Go for the Eyes","Static Discharge"],"picked":"Hologram","floor":22}],"player_experience":193932,"relics_obtained":[{"floor":7,"key":"Shuriken"},{"floor":9,"key":"Meat on the Bone"},{"floor":12,"key":"Matryoshka"}],"event_choices":[{"event_name":"Living Wall","player_choice":"Grow","floor":2,"damage_taken":0},{"event_name":"Liars Game","player_choice":"agreed","floor":3,"damage_taken":0},{"event_name":"World of Goop","player_choice":"Gather Gold","floor":11,"damage_taken":0},{"event_name":"Nest","player_choice":"Joined the Cult","floor":19,"damage_taken":0}],"is_beta":false,"boss_relics":[{"not_picked":["Pandora\u0027s Box","Astrolabe"],"picked":"Tiny House"}],"items_purged_floors":[],"is_endless":false,"potions_floor_spawned":[10,12,16,22],"killed_by":"Gremlin Leader","ascension_level":5}