{"gold_per_floor":[15,30,42,42,53,53,66,66,66,79,79,79,79,95,95,95],"floor_reached":16,"playtime":684,"items_purged":[],"score":188,"play_id":"dc018223-13e9-486d-b893-b931fa7d5fbf","local_time":"20190103153524","is_ascension_mode":true,"campfire_choices":[{"data":"Riddle With Holes","floor":6,"key":"SMITH"},{"floor":8,"key":"REST"},{"data":"Neutralize","floor":11,"key":"SMITH"},{"data":"Flying Knee","floor":13,"key":"SMITH"},{"data":"Calculated Gamble","floor":15,"key":"SMITH"}],"neow_cost":"NO_GOLD","seed_source_timestamp":12702679522023,"circlet_count":0,"master_deck":["AscendersBane","Defend_G","Defend_G","Defend_G","Defend_G","Defend_G","Strike_G","Strike_G","Strike_G","Strike_G","Survivor","Neutralize+1","Riddle With Holes+1","Flying Knee+1","PiercingWail","Dash+1","Calculated Gamble+1"],"relics":["Ring of the Snake","Molten Egg 2"],"potions_floor_usage":[10,16,16],"damage_taken":[{"damage":25,"enemies":"Jaw Worm","floor":1,"turns":7},{"damage":0,"enemies":"Cultist","floor":2,"turns":3},{"damage":7,"enemies":"2 Louse","floor":3,"turns":3},{"damage":8,"enemies":"Red Slaver","floor":5,"turns":6},{"damage":8,"enemies":"Exordium Thugs","floor":7,"turns":5},{"damage":3,"enemies":"Lots of Slimes","floor":10,"turns":4},{"damage":0,"enemies":"Looter","floor":14,"turns":3},{"damage":46,"enemies":"Slime Boss","floor":16,"turns":10}],"seed_played":"-3554334360511471489","potions_obtained":[{"floor":1,"key":"PowerPotion"},{"floor":3,"key":"SneckoOil"},{"floor":7,"key":"Fire Potion"},{"floor":10,"key":"Poison Potion"}],"is_trial":false,"path_per_floor":["M","M","M","?","M","R","M","R","T","M","R","?","R","M","R","B"],"character_chosen":"THE_SILENT","items_purchased":[],"campfire_rested":1,"item_purchase_floors":[],"current_hp_per_floor":[46,46,39,39,31,31,23,46,46,43,43,43,43,43,43,0],"gold":95,"neow_bonus":"TWENTY_PERCENT_HP_BONUS","is_prod":false,"is_daily":false,"chose_seed":false,"campfire_upgraded":4,"win_rate":0,"timestamp":1546540524,"path_taken":["M","M","M","?","M","R","M","R","T","?","R","?","R","M","R","BOSS"],"build_version":"2018-12-20","purchased_purges":0,"victory":false,"max_hp_per_floor":[78,78,78,78,78,78,78,78,78,78,78,78,78,78,78,78],"card_choices":[{"not_picked":["Masterful Stab","Outmaneuver"],"picked":"Riddle With Holes","floor":1},{"not_picked":["Underhanded Strike","Skewer"],"picked":"Flying Knee","floor":2},{"not_picked":["Flechettes","Sucker Punch"],"picked":"PiercingWail","floor":3},{"not_picked":["Blade Dance","Dagger Spray","Bane"],"picked":"SKIP","floor":5},{"not_picked":["Concentrate","Flying Knee","Grand Finale"],"picked":"SKIP","floor":7},{"not_picked":["Cloak And Dagger","PiercingWail","Accuracy"],"picked":"SKIP","floor":10},{"not_picked":["Backflip","Prepared"],"picked":"Calculated Gamble","floor":14}],"player_experience":683952,"relics_obtained":[{"floor":9,"key":"Molten Egg 2"}],"event_choices":[{"damage_healed":0,"gold_gain":0,"cards_transformed":["Strike_G"],"player_choice":"Transformed","damage_taken":0,"max_hp_gain":0,"max_hp_loss":0,"event_name":"Transmorgrifier","floor":4,"gold_loss":0,"cards_obtained":["Dash"]},{"damage_healed":0,"gold_gain":0,"player_choice":"Upgraded","damage_taken":0,"max_hp_gain":0,"max_hp_loss":0,"event_name":"Upgrade Shrine","floor":12,"gold_loss":0,"cards_upgraded":["Dash"]}],"is_beta":false,"boss_relics":[],"items_purged_floors":[],"is_endless":false,"potions_floor_spawned":[1,3,7,10],"killed_by":"Slime Boss","ascension_level":20}