{"gold_per_floor":[117,127,140,315,315,315,344,413,460,492,505,537,551,569,569,569],"floor_reached":16,"playtime":592,"items_purged":[],"score":184,"play_id":"8cdaa4d1-58d6-4ca2-857e-22038b7bd197","local_time":"20190522010448","is_ascension_mode":true,"campfire_choices":[{"data":"Feed","floor":6,"key":"SMITH"},{"floor":15,"key":"REST"}],"neow_cost":"NONE","seed_source_timestamp":595747239039762,"circlet_count":0,"master_deck":["Strike_R","Strike_R","Strike_R","Strike_R","Strike_R","Defend_R","Defend_R","Defend_R","Defend_R","Bash","Feed+1","Clothesline","Headbutt","Cleave","Infernal Blade","Headbutt","Inflame","Sentinel","Thunderclap"],"relics":["Burning Blood","Ancient Tea Set","Strawberry","Art of War","Dodecahedron"],"potions_floor_usage":[10,12,16],"damage_taken":[{"damage":7,"enemies":"Small Slimes","floor":1,"turns":4},{"damage":1,"enemies":"2 Louse","floor":2,"turns":3},{"damage":4,"enemies":"Jaw Worm","floor":3,"turns":3},{"damage":25,"enemies":"3 Sentries","floor":7,"turns":6},{"damage":19,"enemies":"Gremlin Nob","floor":10,"turns":4},{"damage":13,"enemies":"Blue Slaver","floor":11,"turns":4},{"damage":30,"enemies":"3 Sentries","floor":12,"turns":5},{"damage":13,"enemies":"3 Louse","floor":13,"turns":2},{"damage":14,"enemies":"Red Slaver","floor":14,"turns":5},{"damage":60,"enemies":"Hexaghost","floor":16,"turns":9}],"seed_played":"3630911660591243754","potions_obtained":[{"floor":7,"key":"Poison Potion"},{"floor":10,"key":"Explosive Potion"},{"floor":11,"key":"SpeedPotion"}],"is_trial":false,"path_per_floor":["M","M","M","?","?","R","E","?","T","E","M","E","M","M","R","B"],"character_chosen":"IRONCLAD","items_purchased":[],"campfire_rested":1,"item_purchase_floors":[],"current_hp_per_floor":[74,82,87,87,87,87,72,72,79,66,63,43,36,28,60,0],"gold":569,"neow_bonus":"ONE_RANDOM_RARE_CARD","is_prod":false,"is_daily":false,"chose_seed":false,"campfire_upgraded":1,"win_rate":0,"timestamp":1558501488,"path_taken":["M","M","M","?","?","R","E","?","T","E","?","E","M","M","R","BOSS"],"build_version":"2019-01-23","purchased_purges":0,"victory":false,"max_hp_per_floor":[83,86,89,89,89,89,93,93,100,100,104,108,108,108,108,108],"card_choices":[{"not_picked":["Iron Wave","Body Slam"],"picked":"Clothesline","floor":1},{"not_picked":["Carnage","Twin Strike"],"picked":"Headbutt","floor":2},{"not_picked":["Fire Breathing","Pummel"],"picked":"Cleave","floor":3},{"not_picked":["Body Slam","Anger"],"picked":"Infernal Blade","floor":7},{"not_picked":["Clash","Flex","True Grit"],"picked":"SKIP","floor":10},{"not_picked":["Wild Strike","Blood for Blood"],"picked":"Headbutt","floor":11},{"not_picked":["Bludgeon","Whirlwind"],"picked":"Inflame","floor":12},{"not_picked":["Body Slam","Wild Strike"],"picked":"Sentinel","floor":13},{"not_picked":["Hemokinesis","Whirlwind"],"picked":"Thunderclap","floor":14}],"player_experience":648956,"relics_obtained":[{"floor":7,"key":"Ancient Tea Set"},{"floor":9,"key":"Strawberry"},{"floor":10,"key":"Art of War"},{"floor":12,"key":"Dodecahedron"}],"event_choices":[{"damage_healed":0,"gold_gain":175,"player_choice":"AGREE","damage_taken":0,"max_hp_gain":0,"max_hp_loss":0,"event_name":"Liars Game","floor":4,"gold_loss":0,"cards_obtained":["Doubt"]},{"cards_removed":["Doubt"],"damage_healed":0,"gold_gain":0,"player_choice":"Forget","damage_taken":0,"max_hp_gain":0,"max_hp_loss":0,"event_name":"Living Wall","floor":5,"gold_loss":0},{"damage_healed":0,"gold_gain":69,"player_choice":"Gained Gold","damage_taken":0,"max_hp_gain":0,"max_hp_loss":0,"event_name":"Golden Wing","floor":8,"gold_loss":0}],"is_beta":false,"boss_relics":[],"items_purged_floors":[],"is_endless":false,"potions_floor_spawned":[7,10,11],"killed_by":"Hexaghost","ascension_level":6}