{"gold_per_floor":[114,114,46,70,0,0,36,52,52,76,76,119,137,150,150,269,269,269,126,126,81,45,45,45,45,45,45,45],"floor_reached":28,"playtime":1039,"items_purged":["Injury"],"score":361,"play_id":"a29b3949-5c98-4f68-9998-4a18dada2156","local_time":"20190325185000","is_ascension_mode":true,"campfire_choices":[{"data":"Heavy Blade","floor":6,"key":"SMITH"},{"data":"Metallicize","floor":11,"key":"SMITH"},{"floor":15,"key":"REST"},{"data":"Inflame","floor":24,"key":"SMITH"},{"floor":27,"key":"REST"}],"neow_cost":"NONE","seed_source_timestamp":1042743240295623,"circlet_count":0,"master_deck":["Strike_R+1","Strike_R","Strike_R","Strike_R+1","Defend_R","Defend_R","Defend_R","Defend_R","Bash","Infernal Blade","Flame Barrier","Heavy Blade+1","Metallicize+1","True Grit","Heavy Blade","Pummel","Clothesline","Juggernaut","Inflame+1","Immolate","Body Slam","Entrench","Inflame","Battle Trance","Whirlwind","Flame Barrier","Pommel Strike","Havoc+1"],"relics":["Burning Blood","NeowsBlessing","Golden Idol","Kunai","Prayer Wheel","Lantern","Whetstone","Ectoplasm","MawBank","Meat on the Bone","Happy Flower"],"potions_floor_usage":[16,18,23],"damage_taken":[{"damage":0,"enemies":"Jaw Worm","floor":1,"turns":1},{"damage":0,"enemies":"Cultist","floor":4,"turns":1},{"damage":0,"enemies":"Lagavulin","floor":7,"turns":1},{"damage":7,"enemies":"2 Louse","floor":8,"turns":3},{"damage":51,"enemies":"Gremlin Nob","floor":12,"turns":6},{"damage":2,"enemies":"Red Slaver","floor":13,"turns":3},{"damage":6,"enemies":"Exordium Thugs","floor":14,"turns":4},{"damage":16,"enemies":"The Guardian","floor":16,"turns":10},{"damage":7,"enemies":"Spheric Guardian","floor":18,"turns":4},{"damage":28,"enemies":"2 Thieves","floor":21,"turns":4},{"damage":5,"enemies":"Gremlin Leader","floor":23,"turns":6},{"damage":34,"enemies":"Slavers","floor":25,"turns":5},{"damage":41,"enemies":"Gremlin Leader","floor":28,"turns":4}],"seed_played":"3777393459362257920","potions_obtained":[{"floor":7,"key":"Block Potion"},{"floor":8,"key":"Energy Potion"},{"floor":13,"key":"LiquidBronze"},{"floor":23,"key":"FearPotion"}],"is_trial":false,"path_per_floor":["M","?","$","M","$","R","E","M","T","T","R","E","M","M","R","B",null,"M","$","?","M","$","E","R","E","T","R","E"],"character_chosen":"IRONCLAD","items_purchased":["Flame Barrier","Metallicize","Inflame","Flame Barrier"],"campfire_rested":2,"item_purchase_floors":[3,5,19,22],"current_hp_per_floor":[80,80,80,80,80,80,80,79,79,79,79,34,38,38,62,52,73,72,72,72,50,50,51,51,23,23,47,6],"gold":45,"neow_bonus":"THREE_ENEMY_KILL","is_prod":false,"is_daily":false,"chose_seed":false,"campfire_upgraded":3,"win_rate":0,"timestamp":1553554200,"path_taken":["M","?","$","M","$","R","E","M","T","?","R","E","M","M","R","BOSS","M","$","?","?","$","E","R","E","T","R","E"],"build_version":"2019-01-23","purchased_purges":1,"victory":false,"max_hp_per_floor":[80,80,80,80,80,80,80,80,80,80,80,80,80,80,80,80,80,80,80,80,80,80,80,80,80,80,80,80],"card_choices":[{"not_picked":["Iron Wave","Wild Strike"],"picked":"Infernal Blade","floor":1},{"not_picked":["Headbutt","Sword Boomerang"],"picked":"Heavy Blade","floor":4},{"not_picked":["Havoc","Sentinel"],"picked":"True Grit","floor":7},{"not_picked":["Thunderclap","Dual Wield"],"picked":"Heavy Blade","floor":8},{"not_picked":["Dual Wield","Metallicize"],"picked":"Pummel","floor":12},{"not_picked":["Power Through","Armaments"],"picked":"Clothesline","floor":13},{"not_picked":["Body Slam","Headbutt","Bloodletting"],"picked":"SKIP","floor":13},{"not_picked":["Havoc","Warcry"],"picked":"Juggernaut","floor":14},{"not_picked":["Sword Boomerang","Headbutt"],"picked":"Inflame","floor":14},{"not_picked":["Berserk","Fiend Fire"],"picked":"Immolate","floor":16},{"not_picked":["Anger","Searing Blow"],"picked":"Body Slam","floor":18},{"not_picked":["Anger","Burning Pact"],"picked":"Entrench","floor":18},{"not_picked":["Reckless Charge","Flex"],"picked":"Whirlwind","floor":21},{"not_picked":["Headbutt+1","Combust+1","Evolve"],"picked":"SKIP","floor":21},{"not_picked":["Warcry","Heavy Blade"],"picked":"Pommel Strike","floor":23},{"not_picked":["Rupture","Iron Wave"],"picked":"Havoc+1","floor":25}],"player_experience":380303,"relics_obtained":[{"floor":7,"key":"Kunai"},{"floor":9,"key":"Prayer Wheel"},{"floor":10,"key":"Lantern"},{"floor":12,"key":"Whetstone"},{"floor":23,"key":"MawBank"},{"floor":25,"key":"Meat on the Bone"},{"floor":26,"key":"Happy Flower"}],"event_choices":[{"damage_healed":0,"gold_gain":0,"player_choice":"Take Wound","damage_taken":0,"relics_obtained":["Golden Idol"],"max_hp_gain":0,"max_hp_loss":0,"event_name":"Golden Idol","floor":2,"gold_loss":0,"cards_obtained":["Injury"]},{"damage_healed":0,"gold_gain":0,"cards_transformed":["Strike_R"],"player_choice":"Transformed","damage_taken":0,"max_hp_gain":0,"max_hp_loss":0,"event_name":"Transmorgrifier","floor":20,"gold_loss":0,"cards_obtained":["Battle Trance"]}],"is_beta":false,"boss_relics":[{"not_picked":["Runic Pyramid","White Beast Statue"],"picked":"Ectoplasm"}],"items_purged_floors":[19],"is_endless":false,"potions_floor_spawned":[7,8,13,23],"killed_by":"Gremlin Leader","ascension_level":5}