{"gold_per_floor":[113,113,128,139,139,139,139,163,163,163,163],"floor_reached":11,"playtime":374,"items_purged":[],"score":85,"play_id":"4f4802ee-1933-4866-8a20-22da85bdb9c3","local_time":"20190121212548","is_ascension_mode":true,"campfire_choices":[{"data":"Neutralize","floor":6,"key":"SMITH"},{"floor":10,"key":"REST"}],"neow_cost":"PERCENT_DAMAGE","seed_source_timestamp":1101043615479759,"circlet_count":0,"master_deck":["Defend_G","Defend_G","Defend_G","Defend_G","Strike_G","Strike_G","Strike_G","Strike_G","Survivor","Neutralize+1","Dagger Spray","Backstab"],"relics":["Ring of the Snake","Calipers","Golden Idol","Toxic Egg 2"],"potions_floor_usage":[11,11],"damage_taken":[{"damage":1,"enemies":"2 Louse","floor":1,"turns":4},{"damage":0,"enemies":"Cultist","floor":3,"turns":6},{"damage":0,"enemies":"Jaw Worm","floor":4,"turns":3},{"damage":4,"enemies":"2 Fungi Beasts","floor":8,"turns":3},{"damage":58,"enemies":"Lagavulin","floor":11,"turns":11}],"seed_played":"-189488533760734445","potions_obtained":[{"floor":3,"key":"LiquidBronze"},{"floor":8,"key":"Dexterity Potion"}],"is_trial":false,"path_per_floor":["M","?","M","M","?","R","?","M","T","R","E"],"character_chosen":"THE_SILENT","items_purchased":[],"campfire_rested":1,"item_purchase_floors":[],"current_hp_per_floor":[44,44,44,44,44,44,44,40,40,59,1],"gold":163,"neow_bonus":"ONE_RARE_RELIC","is_prod":false,"is_daily":false,"chose_seed":false,"campfire_upgraded":1,"win_rate":0,"timestamp":1548123948,"path_taken":["M","?","M","?","?","R","?","M","T","R","E"],"build_version":"2019-01-17v2","purchased_purges":0,"victory":false,"max_hp_per_floor":[70,70,70,70,65,65,65,65,65,65,65],"card_choices":[{"not_picked":["Underhanded Strike","Slice","Dodge and Roll"],"picked":"SKIP","floor":1},{"not_picked":["Catalyst","Quick Slash"],"picked":"Dagger Spray","floor":3},{"not_picked":["Riddle With Holes","Sucker Punch","Reflex"],"picked":"SKIP","floor":4},{"not_picked":["Sucker Punch","Poisoned Stab"],"picked":"Backstab","floor":8}],"player_experience":166931,"relics_obtained":[{"floor":9,"key":"Toxic Egg 2"}],"event_choices":[{"cards_removed":["Strike_G"],"damage_healed":0,"gold_gain":0,"player_choice":"Offered Basic","damage_taken":0,"max_hp_gain":0,"max_hp_loss":0,"event_name":"Bonfire Elementals","floor":2,"gold_loss":0},{"damage_healed":0,"gold_gain":0,"player_choice":"Lose Max HP","damage_taken":0,"relics_obtained":["Golden Idol"],"max_hp_gain":0,"max_hp_loss":5,"event_name":"Golden Idol","floor":5,"gold_loss":0},{"cards_removed":["Defend_G"],"damage_healed":0,"gold_gain":0,"player_choice":"Purged","damage_taken":0,"max_hp_gain":0,"max_hp_loss":0,"event_name":"Purifier","floor":7,"gold_loss":0}],"is_beta":false,"boss_relics":[],"items_purged_floors":[],"is_endless":false,"potions_floor_spawned":[3,8],"killed_by":"Lagavulin","ascension_level":7}