{"gold_per_floor":[115,130,130,149,149,182,182,213,239,258,282,282],"floor_reached":12,"playtime":469,"items_purged":[],"score":171,"play_id":"b9f4b67f-64d7-464c-8695-4ccd1adb9639","local_time":"20190620170626","is_ascension_mode":true,"campfire_choices":[{"floor":7,"key":"REST"}],"neow_cost":"NONE","seed_source_timestamp":740268883447602,"circlet_count":0,"master_deck":["AscendersBane","Defend_G","Defend_G","Defend_G","Defend_G+1","Defend_G","Strike_G","Strike_G","Strike_G","Strike_G","Survivor+1","Neutralize","Choke","PiercingWail","All Out Attack","Masterful Stab","Glass Knife","Die Die Die","Poisoned Stab","Dash"],"relics":["Ring of the Snake","Golden Idol","Oddly Smooth Stone","Omamori","War Paint"],"potions_floor_usage":[6,8],"damage_taken":[{"damage":4,"enemies":"Small Slimes","floor":1,"turns":4},{"damage":4,"enemies":"Jaw Worm","floor":2,"turns":6},{"damage":1,"enemies":"Cultist","floor":4,"turns":5},{"damage":43,"enemies":"Gremlin Nob","floor":6,"turns":5},{"damage":5,"enemies":"3 Sentries","floor":8,"turns":6},{"damage":6,"enemies":"Blue Slaver","floor":10,"turns":2},{"damage":2,"enemies":"Lots of Slimes","floor":11,"turns":3},{"damage":30,"enemies":"Gremlin Nob","floor":12,"turns":3}],"seed_played":"6925597025974859260","potions_obtained":[{"floor":1,"key":"AttackPotion"},{"floor":6,"key":"SteroidPotion"},{"floor":11,"key":"Dexterity Potion"}],"is_trial":false,"path_per_floor":["M","M","?","M","?","E","R","E","T","M","M","E"],"character_chosen":"THE_SILENT","items_purchased":[],"campfire_rested":1,"item_purchase_floors":[],"current_hp_per_floor":[61,57,57,56,56,13,32,27,27,21,19,0],"gold":282,"neow_bonus":"TEN_PERCENT_HP_BONUS","is_prod":false,"is_daily":false,"chose_seed":false,"campfire_upgraded":0,"win_rate":0,"timestamp":1561064786,"path_taken":["M","M","?","M","?","E","R","E","T","M","?","E"],"build_version":"2019-01-23","purchased_purges":0,"victory":false,"max_hp_per_floor":[72,72,65,65,65,65,65,65,65,65,65,65],"card_choices":[{"not_picked":["Cloak And Dagger","Sucker Punch"],"picked":"Choke","floor":1},{"not_picked":["Backflip","Setup"],"picked":"PiercingWail","floor":2},{"not_picked":["Blur","Masterful Stab"],"picked":"All Out Attack","floor":4},{"not_picked":["Predator","Poisoned Stab"],"picked":"Glass Knife","floor":6},{"not_picked":["Dodge and Roll","Distraction"],"picked":"Die Die Die","floor":8},{"not_picked":["Flying Knee","Slice"],"picked":"Poisoned Stab","floor":10},{"not_picked":["PiercingWail","Deadly Poison"],"picked":"Dash","floor":11}],"player_experience":844333,"relics_obtained":[{"floor":6,"key":"Oddly Smooth Stone"},{"floor":8,"key":"Omamori"},{"floor":9,"key":"War Paint"}],"event_choices":[{"damage_healed":0,"gold_gain":0,"player_choice":"Lose Max HP","damage_taken":0,"relics_obtained":["Golden Idol"],"max_hp_gain":0,"max_hp_loss":7,"event_name":"Golden Idol","floor":3,"gold_loss":0},{"damage_healed":0,"gold_gain":0,"cards_transformed":["Strike_G"],"player_choice":"Transformed","damage_taken":0,"max_hp_gain":0,"max_hp_loss":0,"event_name":"Transmorgrifier","floor":5,"gold_loss":0,"cards_obtained":["Masterful Stab"]}],"is_beta":false,"boss_relics":[],"items_purged_floors":[],"is_endless":false,"potions_floor_spawned":[1,6,11],"killed_by":"Gremlin Nob","ascension_level":18}