{"gold_per_floor":[109,128,128,143,156,156,215,215,215,215,248,248,279,293,293,396,396,409,420,436,436,449,449,468,468,495,525,525,70,70,98,98,199,199,211,211,211,223,237,237,42,52,76,76,122,142,16,0,0,0],"floor_reached":51,"playtime":2320,"items_purged":["Cleave+1"],"score":770,"play_id":"4aefe6ad-5747-466d-acfe-648e66cc3ebe","local_time":"20190212222156","is_ascension_mode":false,"campfire_choices":[{"data":"Bash","floor":6,"key":"SMITH"},{"data":"Pommel Strike","floor":10,"key":"SMITH"},{"data":"Iron Wave","floor":12,"key":"SMITH"},{"data":"Cleave","floor":15,"key":"SMITH"},{"data":"Perfected Strike","floor":23,"key":"SMITH"},{"floor":25,"key":"REST"},{"floor":28,"key":"REST"},{"floor":32,"key":"REST"},{"data":"True Grit","floor":40,"key":"SMITH"},{"data":"Perfected Strike","floor":44,"key":"SMITH"},{"floor":49,"key":"REST"}],"neow_cost":"NONE","seed_source_timestamp":17590357586104,"circlet_count":0,"master_deck":["Strike_R+1","Strike_R","Strike_R","Strike_R","Strike_R+1","Defend_R","Defend_R","Defend_R","Defend_R","Bash+1","Iron Wave","Iron Wave+1","Clothesline+1","Pommel Strike+1","Perfected Strike+1","Clothesline+1","Twin Strike","Headbutt","True Grit+1","Clothesline","Perfected Strike","Perfected Strike+1","Perfected Strike+1","Armaments+1"],"relics":["Burning Blood","NeowsBlessing","Strawberry","Peace Pipe","Snecko Eye","Nilry\u0027s Codex","Boot","Lantern","Dream Catcher","HandDrill","Happy Flower","Mark of Pain","Oddly Smooth Stone","Regal Pillow","Champion Belt","Red Mask"],"potions_floor_usage":[19,22,22,27,45,50,50,50,50,50],"damage_taken":[{"damage":0,"enemies":"Small Slimes","floor":1,"turns":1},{"damage":0,"enemies":"Jaw Worm","floor":2,"turns":1},{"damage":0,"enemies":"Cultist","floor":4,"turns":1},{"damage":9,"enemies":"3 Louse","floor":5,"turns":3},{"damage":18,"enemies":"Gremlin Nob","floor":11,"turns":4},{"damage":19,"enemies":"Lagavulin","floor":13,"turns":5},{"damage":7,"enemies":"Looter","floor":14,"turns":3},{"damage":34,"enemies":"The Guardian","floor":16,"turns":14},{"damage":18,"enemies":"2 Thieves","floor":18,"turns":3},{"damage":26,"enemies":"3 Byrds","floor":19,"turns":6},{"damage":1,"enemies":"Snecko","floor":20,"turns":3},{"damage":18,"enemies":"3 Cultists","floor":22,"turns":6},{"damage":24,"enemies":"Cultist and Chosen","floor":24,"turns":5},{"damage":12,"enemies":"Slavers","floor":27,"turns":4},{"damage":44,"enemies":"Book of Stabbing","floor":31,"turns":6},{"damage":47,"enemies":"Champ","floor":33,"turns":8},{"damage":11,"enemies":"Orb Walker","floor":35,"turns":2},{"damage":0,"enemies":"3 Darklings","floor":38,"turns":2},{"damage":25,"enemies":"4 Shapes","floor":39,"turns":4},{"damage":2,"enemies":"Transient","floor":42,"turns":5},{"damage":38,"enemies":"2 Orb Walkers","floor":45,"turns":4},{"damage":11,"enemies":"3 Darklings","floor":46,"turns":3},{"damage":54,"enemies":"Time Eater","floor":50,"turns":9}],"seed_played":"6897190261127988782","potions_obtained":[{"floor":1,"key":"SneckoOil"},{"floor":2,"key":"Regen Potion"},{"floor":4,"key":"Block Potion"},{"floor":13,"key":"SpeedPotion"},{"floor":16,"key":"SteroidPotion"},{"floor":19,"key":"Poison Potion"},{"floor":24,"key":"Dexterity Potion"},{"floor":33,"key":"SpeedPotion"},{"floor":38,"key":"Explosive Potion"},{"floor":39,"key":"AttackPotion"},{"floor":42,"key":"EntropicBrew"},{"floor":45,"key":"Regen Potion"}],"is_trial":false,"path_per_floor":["M","M","?","M","M","R","?","?","T","R","E","R","E","M","R","B",null,"M","M","M","?","M","R","M","R","T","E","R","$","?","E","R","B",null,"M","?","?","M","M","R","$","M","T","R","?","M","$","?","R","B",null],"character_chosen":"IRONCLAD","items_purchased":["Headbutt","True Grit","Dream Catcher","HandDrill","Oddly Smooth Stone","Perfected Strike","PowerPotion"],"campfire_rested":4,"item_purchase_floors":[29,29,29,29,41,41,47],"current_hp_per_floor":[80,80,64,70,67,67,67,67,74,74,62,62,49,48,48,20,87,75,55,60,44,47,47,29,55,55,49,75,75,75,37,63,22,87,82,82,82,87,68,68,68,72,72,72,40,35,35,35,76,43],"gold":0,"neow_bonus":"THREE_ENEMY_KILL","is_prod":false,"is_daily":false,"chose_seed":false,"campfire_upgraded":7,"win_rate":0,"timestamp":1550020916,"path_taken":["M","M","?","M","M","R","?","?","T","R","E","R","E","M","R","BOSS","M","M","M","?","M","R","M","R","T","E","R","$","?","E","R","BOSS","M","?","?","?","M","R","$","M","T","R","?","M","$","?","R","BOSS"],"build_version":"2019-01-23","purchased_purges":1,"victory":true,"max_hp_per_floor":[80,80,80,80,80,80,80,80,87,87,87,87,87,87,87,87,87,87,87,87,87,87,87,87,87,87,87,87,87,87,87,87,87,87,87,87,87,87,87,87,87,87,87,87,87,87,87,87,87,87],"card_choices":[{"not_picked":["Power Through","Dual Wield"],"picked":"Iron Wave","floor":1},{"not_picked":["Wild Strike","Havoc"],"picked":"Iron Wave","floor":2},{"not_picked":["Corruption","Pummel"],"picked":"Clothesline","floor":4},{"not_picked":["Dropkick","Entrench"],"picked":"Pommel Strike","floor":5},{"not_picked":["Clothesline","Dual Wield","Bloodletting"],"picked":"SKIP","floor":11},{"not_picked":["Seeing Red","Feed","Rupture"],"picked":"SKIP","floor":13},{"not_picked":["Evolve","Seeing Red"],"picked":"Cleave","floor":14},{"not_picked":["Wild Strike","Headbutt"],"picked":"Perfected Strike","floor":18},{"not_picked":["Body Slam+1","Wild Strike"],"picked":"Iron Wave","floor":19},{"not_picked":["Rampage","Cleave"],"picked":"Clothesline+1","floor":20},{"not_picked":["Inflame","Heavy Blade"],"picked":"Twin Strike","floor":22},{"not_picked":["Heavy Blade+1","Feed","Anger"],"picked":"SKIP","floor":24},{"not_picked":["Infernal Blade+1","Cleave","Burning Pact"],"picked":"SKIP","floor":27},{"not_picked":["Limit Break","Cleave+1"],"picked":"Clothesline","floor":31},{"not_picked":["Thunderclap","Cleave"],"picked":"Perfected Strike","floor":32},{"not_picked":["Searing Blow","Seeing Red","Flex"],"picked":"SKIP","floor":35},{"not_picked":["Burning Pact+1","Clothesline","Shockwave"],"picked":"SKIP","floor":38},{"not_picked":["Armaments+1","Combust+1"],"picked":"Perfected Strike+1","floor":39},{"not_picked":["Headbutt+1","Hemokinesis+1"],"picked":"Armaments+1","floor":42},{"not_picked":["Dropkick","Clothesline","Anger"],"picked":"SKIP","floor":46}],"player_experience":845436,"relics_obtained":[{"floor":9,"key":"Strawberry"},{"floor":13,"key":"Peace Pipe"},{"floor":21,"key":"Nilry\u0027s Codex"},{"floor":26,"key":"Boot"},{"floor":27,"key":"Lantern"},{"floor":31,"key":"Happy Flower"},{"floor":43,"key":"Regal Pillow"},{"floor":45,"key":"Champion Belt"}],"event_choices":[{"damage_healed":0,"gold_gain":0,"player_choice":"Entered Light","damage_taken":16,"max_hp_gain":0,"max_hp_loss":0,"event_name":"Shining Light","floor":3,"gold_loss":0,"cards_upgraded":["Strike_R","Strike_R"]},{"damage_healed":0,"gold_gain":59,"player_choice":"Gained Gold","damage_taken":0,"max_hp_gain":0,"max_hp_loss":0,"event_name":"Golden Wing","floor":7,"gold_loss":0},{"damage_healed":0,"gold_gain":0,"player_choice":"Grow","damage_taken":0,"max_hp_gain":0,"max_hp_loss":0,"event_name":"Living Wall","floor":8,"gold_loss":0,"cards_upgraded":["Clothesline"]},{"damage_healed":0,"gold_gain":0,"player_choice":"Obtained Book","damage_taken":16,"max_hp_gain":0,"max_hp_loss":0,"event_name":"Cursed Tome","floor":21,"gold_loss":0},{"cards_removed":["Iron Wave"],"damage_healed":0,"gold_gain":0,"player_choice":"Removed Attack","damage_taken":0,"max_hp_gain":0,"max_hp_loss":0,"event_name":"Falling","floor":36,"gold_loss":0},{"damage_healed":0,"gold_gain":0,"player_choice":"Ignored","damage_taken":0,"max_hp_gain":0,"max_hp_loss":0,"event_name":"NoteForYourself","floor":37,"gold_loss":0},{"damage_healed":0,"gold_gain":0,"player_choice":"Fight","damage_taken":0,"max_hp_gain":0,"max_hp_loss":0,"event_name":"Mysterious Sphere","floor":45,"gold_loss":0},{"damage_healed":0,"gold_gain":0,"player_choice":"Paid","damage_taken":0,"relics_obtained":["Red Mask"],"max_hp_gain":0,"max_hp_loss":0,"event_name":"Tomb of Lord Red Mask","floor":48,"gold_loss":16}],"is_beta":false,"boss_relics":[{"not_picked":["Tiny House","White Beast Statue"],"picked":"Snecko Eye"},{"not_picked":["Lizard Tail","Black Blood"],"picked":"Mark of Pain"}],"items_purged_floors":[47],"is_endless":false,"potions_floor_spawned":[1,2,4,13,16,18,19,24,33,38,39,42,45],"ascension_level":0}