{"gold_per_floor":[110,184,184,184,184,225,225,243,243,281,115,115,158,171,171,297,360,383,174,174,174,186,198,229,284,296,308,320,345,372,399,411,423],"floor_reached":33,"playtime":1243,"items_purged":[],"score":321,"play_id":"a6b4fd83-4561-4a12-a3b4-f0cc97b0db52","local_time":"20181204231803","is_ascension_mode":true,"campfire_choices":[{"floor":7,"key":"REST"},{"floor":15,"key":"REST"},{"data":"Juggernaut","floor":23,"key":"SMITH"},{"floor":27,"key":"REST"},{"floor":32,"key":"REST"}],"neow_cost":"NONE","seed_source_timestamp":5719041403651945,"circlet_count":0,"master_deck":["Strike_R+1","Strike_R+1","Strike_R","Strike_R+1","Strike_R","Defend_R","Defend_R","Defend_R","Defend_R","Bash","Clothesline","Injury","Rampage+1","Metallicize","Havoc+1","Metamorphosis+1","Dual Wield+1","Battle Trance+1","Juggernaut+1","Blood for Blood","Shrug It Off+1","Secret Technique+1","True Grit+1","Shame","Shockwave+1","Headbutt+1","Mind Blast","Forethought+1","Corruption+1","Shockwave+1","Ghostly Armor+1"],"relics":["Burning Blood","NeowsBlessing","Gremlin Horn","Golden Idol","Blood Vial","Darkstone Periapt","Toxic Egg 2","Bag of Marbles","Tiny House","PreservedInsect","MawBank","Nilry\u0027s Codex","Paper Frog","Ginger"],"potions_floor_usage":[10,16,16,18,30,31,33],"damage_taken":[{"damage":0,"enemies":"Small Slimes","floor":1,"turns":1},{"damage":0,"enemies":"Lagavulin","floor":6,"turns":1},{"damage":0,"enemies":"2 Louse","floor":8,"turns":1},{"damage":19,"enemies":"3 Sentries","floor":10,"turns":9},{"damage":18,"enemies":"Lagavulin","floor":13,"turns":5},{"damage":1,"enemies":"Cultist","floor":14,"turns":4},{"damage":43,"enemies":"Hexaghost","floor":16,"turns":8},{"damage":4,"enemies":"Chosen","floor":18,"turns":4},{"damage":7,"enemies":"3 Byrds","floor":24,"turns":5},{"damage":45,"enemies":"Book of Stabbing","floor":25,"turns":5},{"damage":15,"enemies":"Snake Plant","floor":29,"turns":3},{"damage":18,"enemies":"Centurion and Healer","floor":30,"turns":5},{"damage":18,"enemies":"Cultist and Chosen","floor":31,"turns":5},{"damage":60,"enemies":"Automaton","floor":33,"turns":6}],"seed_played":"8423019657455534751","potions_obtained":[{"floor":8,"key":"AttackPotion"},{"floor":13,"key":"Regen Potion"},{"floor":14,"key":"Swift Potion"},{"floor":17,"key":"AttackPotion"},{"floor":29,"key":"Energy Potion"},{"floor":30,"key":"PowerPotion"},{"floor":31,"key":"SteroidPotion"}],"is_trial":false,"path_per_floor":["M","?","?","?","?","E","R","M","T","E","$","?","E","M","R","B",null,"M","$","T","?","?","R","M","E","T","R","?","M","M","M","R","B"],"character_chosen":"IRONCLAD","items_purchased":["Metamorphosis+1","Secret Technique+1","True Grit+1"],"campfire_rested":4,"item_purchase_floors":[11,19,19],"current_hp_per_floor":[80,80,47,31,31,37,61,69,69,58,58,58,48,55,79,58,85,85,85,85,91,75,75,76,39,39,66,39,32,22,12,39,0],"gold":423,"neow_bonus":"THREE_ENEMY_KILL","is_prod":false,"is_daily":false,"chose_seed":false,"campfire_upgraded":1,"win_rate":0,"timestamp":1543983483,"path_taken":["M","?","?","?","?","E","R","M","T","E","?","?","E","M","R","BOSS","M","?","?","?","?","R","M","E","T","R","?","M","?","M","R","BOSS"],"build_version":"2018-11-15","purchased_purges":0,"victory":false,"max_hp_per_floor":[80,80,80,80,80,80,80,80,80,80,80,80,80,80,80,80,85,85,85,85,91,91,91,91,91,91,91,91,91,91,91,91,91],"card_choices":[{"not_picked":["Clash","Searing Blow"],"picked":"Clothesline","floor":1},{"not_picked":["Iron Wave","Perfected Strike"],"picked":"Rampage","floor":6},{"not_picked":["Wild Strike","Perfected Strike"],"picked":"Metallicize","floor":8},{"not_picked":["Corruption","Seeing Red"],"picked":"Havoc","floor":10},{"not_picked":["Combust","Rage+1"],"picked":"Dual Wield+1","floor":13},{"not_picked":["Carnage","Clothesline"],"picked":"Battle Trance+1","floor":14},{"not_picked":["Barricade","Dark Embrace"],"picked":"Juggernaut","floor":16},{"not_picked":["Intimidate+1","Warcry+1"],"picked":"Blood for Blood","floor":17},{"not_picked":["Intimidate+1","Shockwave+1"],"picked":"Shrug It Off+1","floor":18},{"not_picked":["Body Slam","Reckless Charge"],"picked":"Shockwave+1","floor":24},{"not_picked":["Dark Embrace","Reckless Charge"],"picked":"Headbutt+1","floor":25},{"not_picked":["Clash","Sword Boomerang"],"picked":"Corruption+1","floor":29},{"not_picked":["Rage+1","Feel No Pain"],"picked":"Shockwave+1","floor":30},{"not_picked":["Body Slam+1","Heavy Blade"],"picked":"Ghostly Armor+1","floor":31}],"player_experience":248435,"relics_obtained":[{"floor":6,"key":"Blood Vial"},{"floor":9,"key":"Darkstone Periapt"},{"floor":10,"key":"Toxic Egg 2"},{"floor":13,"key":"Bag of Marbles"},{"floor":20,"key":"PreservedInsect"},{"floor":22,"key":"Nilry\u0027s Codex"},{"floor":25,"key":"Paper Frog"},{"floor":26,"key":"Ginger"}],"event_choices":[{"damage_healed":0,"gold_gain":74,"player_choice":"Gained Gold","damage_taken":0,"max_hp_gain":0,"max_hp_loss":0,"event_name":"Golden Wing","floor":2,"gold_loss":0},{"damage_healed":0,"gold_gain":0,"player_choice":"Success","damage_taken":33,"relics_obtained":["Gremlin Horn"],"max_hp_gain":0,"max_hp_loss":0,"event_name":"Scrap Ooze","floor":3,"gold_loss":0},{"damage_healed":0,"gold_gain":0,"player_choice":"Entered Light","damage_taken":16,"max_hp_gain":0,"max_hp_loss":0,"event_name":"Shining Light","floor":4,"gold_loss":0,"cards_upgraded":["Strike_R","Strike_R"]},{"damage_healed":0,"gold_gain":0,"player_choice":"Take Wound","damage_taken":0,"relics_obtained":["Golden Idol"],"max_hp_gain":0,"max_hp_loss":0,"event_name":"Golden Idol","floor":5,"gold_loss":0,"cards_obtained":["Injury"]},{"damage_healed":0,"gold_gain":0,"player_choice":"Upgraded","damage_taken":0,"max_hp_gain":0,"max_hp_loss":0,"event_name":"Upgrade Shrine","floor":12,"gold_loss":0,"cards_upgraded":["Rampage"]},{"damage_healed":0,"gold_gain":0,"player_choice":"Stole Relic","damage_taken":0,"relics_obtained":["MawBank"],"max_hp_gain":0,"max_hp_loss":0,"event_name":"Addict","floor":21,"gold_loss":0,"cards_obtained":["Shame"]},{"damage_healed":0,"gold_gain":0,"player_choice":"Obtained Book","damage_taken":16,"max_hp_gain":0,"max_hp_loss":0,"event_name":"Cursed Tome","floor":22,"gold_loss":0},{"damage_healed":0,"gold_gain":0,"player_choice":"CARD CARD ","damage_taken":27,"max_hp_gain":0,"max_hp_loss":0,"event_name":"Knowing Skull","floor":28,"potions_obtained":[],"gold_loss":0,"cards_obtained":["Mind Blast","Forethought"]}],"is_beta":false,"boss_relics":[{"not_picked":["Velvet Choker","Pandora\u0027s Box"],"picked":"Tiny House"}],"items_purged_floors":[],"is_endless":false,"potions_floor_spawned":[8,13,14,29,30,31],"killed_by":"Automaton","ascension_level":1}