{"gold_per_floor":[118,138,138,148,148,148,177,189,189,189,206,256,291,307,307,407,407,422,422,422,434,434,434,82,111,111,111,38,38,52,62,62,166,166,176,0,18,32,32],"floor_reached":39,"playtime":2293,"items_purged":[],"score":473,"play_id":"4aab2bbd-25e3-452d-855f-382b83dcede0","local_time":"20190330143528","is_ascension_mode":true,"campfire_choices":[{"data":"Consume","floor":6,"key":"SMITH"},{"floor":10,"key":"REST"},{"floor":15,"key":"REST"},{"floor":23,"key":"REST"},{"floor":27,"key":"REST"},{"floor":32,"key":"REST"}],"neow_cost":"NONE","seed_source_timestamp":1458209428232638,"circlet_count":0,"master_deck":["Strike_B","Strike_B+1","Strike_B","Strike_B","Defend_B+1","Defend_B","Defend_B","Defend_B","Zap","Dualcast","Consume+1","Coolheaded","Hologram","Melter","Echo Form","Go for the Eyes","Core Surge","Blizzard","Tempest","Double Energy","Defragment","Seek","Echo Form","Decay","Compile Driver","Capacitor","Echo Form","Heatsinks+1","Coolheaded"],"relics":["Cracked Core","Bird Faced Urn","Ice Cream","Du-Vu Doll","Sozu","Nilry\u0027s Codex","Membership Card","Anchor","Happy Flower","Singing Bowl","Philosopher\u0027s Stone","Red Mask"],"potions_floor_usage":[8,30,35,37],"damage_taken":[{"damage":1,"enemies":"Cultist","floor":1,"turns":3},{"damage":3,"enemies":"Jaw Worm","floor":2,"turns":4},{"damage":11,"enemies":"Small Slimes","floor":4,"turns":4},{"damage":22,"enemies":"3 Sentries","floor":7,"turns":11},{"damage":0,"enemies":"Exordium Wildlife","floor":8,"turns":3},{"damage":12,"enemies":"3 Louse","floor":11,"turns":4},{"damage":10,"enemies":"Lagavulin","floor":13,"turns":7},{"damage":0,"enemies":"Large Slime","floor":14,"turns":3},{"damage":20,"enemies":"Hexaghost","floor":16,"turns":11},{"damage":8,"enemies":"Chosen","floor":18,"turns":5},{"damage":41,"enemies":"3 Byrds","floor":21,"turns":4},{"damage":44,"enemies":"Book of Stabbing","floor":25,"turns":6},{"damage":23,"enemies":"Snake Plant","floor":30,"turns":4},{"damage":29,"enemies":"Cultist and Chosen","floor":31,"turns":6},{"damage":14,"enemies":"Champ","floor":33,"turns":8},{"damage":9,"enemies":"Orb Walker","floor":35,"turns":4},{"damage":32,"enemies":"3 Darklings","floor":37,"turns":5},{"damage":78,"enemies":"Jaw Worm Horde","floor":38,"turns":7},{"damage":43,"enemies":"Sphere and 2 Shapes","floor":39,"turns":3}],"seed_played":"-6115069862132002384","potions_obtained":[{"floor":1,"key":"SpeedPotion"},{"floor":2,"key":"EssenceOfSteel"},{"floor":7,"key":"SkillPotion"},{"floor":8,"key":"Energy Potion"}],"is_trial":false,"path_per_floor":["M","M","?","M","?","R","E","M","T","R","M","?","E","M","R","B",null,"M","?","?","M","?","R","$","E","T","R","$","?","M","M","R","B",null,"M","?","M","M","M"],"character_chosen":"DEFECT","items_purchased":["Membership Card","Double Energy","Defragment","Anchor","Echo Form"],"campfire_rested":5,"item_purchase_floors":[24,24,24,24,28],"current_hp_per_floor":[81,78,62,51,43,43,21,21,21,45,35,35,27,27,51,33,82,76,76,60,25,25,49,49,15,15,39,39,39,24,11,35,49,82,82,82,70,26,0],"gold":32,"neow_bonus":"TEN_PERCENT_HP_BONUS","is_prod":false,"is_daily":false,"chose_seed":false,"campfire_upgraded":1,"win_rate":0,"timestamp":1553970928,"path_taken":["M","M","?","M","?","R","E","M","T","R","?","?","E","M","R","BOSS","M","?","?","M","?","R","$","E","T","R","$","?","?","?","R","BOSS","M","?","M","M","M"],"build_version":"2019-01-23","purchased_purges":0,"victory":false,"max_hp_per_floor":[82,82,82,82,82,82,82,82,82,82,82,82,82,82,82,82,82,82,82,82,82,82,82,82,82,82,82,82,82,82,82,82,82,82,82,82,82,84,84],"card_choices":[{"not_picked":["Scrape","Steam"],"picked":"Consume","floor":1},{"not_picked":["Static Discharge","Darkness"],"picked":"Coolheaded","floor":2},{"not_picked":["Steam","Rebound"],"picked":"Hologram","floor":4},{"not_picked":["Gash","Turbo"],"picked":"Melter","floor":7},{"not_picked":["Steam","Compile Driver"],"picked":"Echo Form","floor":8},{"not_picked":["Rebound","Sweeping Beam","Turbo"],"picked":"SKIP","floor":11},{"not_picked":["Leap","Coolheaded"],"picked":"Go for the Eyes","floor":13},{"not_picked":["Turbo","Stack","Streamline"],"picked":"SKIP","floor":14},{"not_picked":["Amplify","Meteor Strike"],"picked":"Core Surge","floor":16},{"not_picked":["Aggregate+1","Tempest"],"picked":"Blizzard","floor":18},{"not_picked":["Coolheaded+1","Ball Lightning"],"picked":"Tempest","floor":21},{"not_picked":["Steam","Rebound"],"picked":"Seek","floor":25},{"not_picked":["Ball Lightning","Streamline"],"picked":"Compile Driver","floor":30},{"not_picked":["Streamline","Cold Snap"],"picked":"Capacitor","floor":31},{"not_picked":["Core Surge","Thunder Strike"],"picked":"Echo Form","floor":33},{"not_picked":["Beam Cell","Stack"],"picked":"Heatsinks+1","floor":35},{"not_picked":["Steam Power","Scrape+1"],"picked":"Coolheaded","floor":37},{"not_picked":["Beam Cell","Barrage+1","Sweeping Beam"],"picked":"Singing Bowl","floor":38}],"player_experience":434832,"relics_obtained":[{"floor":7,"key":"Bird Faced Urn"},{"floor":9,"key":"Ice Cream"},{"floor":13,"key":"Du-Vu Doll"},{"floor":20,"key":"Nilry\u0027s Codex"},{"floor":25,"key":"Happy Flower"},{"floor":26,"key":"Singing Bowl"}],"event_choices":[{"damage_healed":0,"gold_gain":0,"player_choice":"Entered Light","damage_taken":16,"max_hp_gain":0,"max_hp_loss":0,"event_name":"Shining Light","floor":3,"gold_loss":0,"cards_upgraded":["Strike_B","Defend_B"]},{"damage_healed":0,"gold_gain":0,"player_choice":"Damaged","damage_taken":8,"max_hp_gain":0,"max_hp_loss":0,"event_name":"Wheel of Change","floor":5,"gold_loss":0},{"damage_healed":0,"gold_gain":50,"player_choice":"Gained Gold","damage_taken":0,"max_hp_gain":0,"max_hp_loss":0,"event_name":"Golden Wing","floor":12,"gold_loss":0},{"damage_healed":0,"gold_gain":0,"player_choice":"Ignored","damage_taken":0,"max_hp_gain":0,"max_hp_loss":0,"event_name":"Ghosts","floor":19,"gold_loss":0},{"damage_healed":0,"gold_gain":0,"player_choice":"Obtained Book","damage_taken":16,"max_hp_gain":0,"max_hp_loss":0,"event_name":"Cursed Tome","floor":20,"gold_loss":0},{"damage_healed":0,"gold_gain":0,"player_choice":"Ignored","damage_taken":0,"max_hp_gain":0,"max_hp_loss":0,"event_name":"Vampires","floor":22,"gold_loss":0},{"damage_healed":0,"gold_gain":0,"player_choice":"Smashed Altar","damage_taken":0,"max_hp_gain":0,"max_hp_loss":0,"event_name":"Forgotten Altar","floor":29,"gold_loss":0,"cards_obtained":["Decay"]},{"damage_healed":0,"gold_gain":0,"player_choice":"Paid","damage_taken":0,"relics_obtained":["Red Mask"],"max_hp_gain":0,"max_hp_loss":0,"event_name":"Tomb of Lord Red Mask","floor":36,"gold_loss":176}],"is_beta":false,"boss_relics":[{"not_picked":["FrozenCore","Lizard Tail"],"picked":"Sozu"},{"not_picked":["Runic Dome","Eternal Feather"],"picked":"Philosopher\u0027s Stone"}],"items_purged_floors":[],"is_endless":false,"potions_floor_spawned":[1,2,7,8,18,30,35],"killed_by":"Sphere and 2 Shapes","ascension_level":3}