{"gold_per_floor":[213,213,18,35,46,46,79,92,147,163,163,163,163,174,174,249,249,217,217,11,11,11,11,42,42,95,130,145,171,14,24,24,102,102,122,0,0,13,28,63,63,63,63,75,108,124,156,170,170,170],"floor_reached":51,"playtime":4737,"items_purged":[],"score":1479,"play_id":"d658f208-14f5-4364-8655-d0309529873c","local_time":"20190615111210","is_ascension_mode":true,"campfire_choices":[{"data":"Blur","floor":6,"key":"SMITH"},{"data":"Footwork","floor":11,"key":"SMITH"},{"data":"Backflip","floor":13,"key":"SMITH"},{"data":"Neutralize","floor":15,"key":"SMITH"},{"data":"Cloak And Dagger","floor":23,"key":"SMITH"},{"data":"Deadly Poison","floor":25,"key":"SMITH"},{"data":"Survivor","floor":32,"key":"SMITH"},{"data":"Venomology","floor":41,"key":"SMITH"},{"floor":49,"key":"REST"}],"neow_cost":"NONE","seed_source_timestamp":231269801096726,"circlet_count":0,"master_deck":["AscendersBane","Defend_G","Defend_G","Defend_G","Defend_G","Strike_G","Strike_G","Survivor+1","Neutralize+1","Noxious Fumes+1","Blur+1","Footwork+1","Backflip+1","Cloak And Dagger+1","Escape Plan","Deadly Poison+1","After Image+1","Well Laid Plans+1","After Image+1","Venomology+1","Setup+1","A Thousand Cuts+1","Wraith Form v2+1","Well Laid Plans+1","Madness","Madness","Blade Dance+1","PiercingWail","Dramatic Entrance","Backflip"],"relics":["Ring of the Snake","TheAbacus","Question Card","Art of War","Busted Crown","Frozen Egg 2","TwistedFunnel","Orichalcum","PreservedInsect","Meat on the Bone","Potion Belt","Astrolabe","Red Mask","Boot","Bottled Flame","Regal Pillow","Omamori"],"potions_floor_usage":[7,16,18,35,39,40,44,44,45,47,48,50,50,50,50],"damage_taken":[{"damage":0,"enemies":"2 Louse","floor":1,"turns":3},{"damage":4,"enemies":"Cultist","floor":4,"turns":4},{"damage":0,"enemies":"Jaw Worm","floor":5,"turns":5},{"damage":27,"enemies":"3 Sentries","floor":7,"turns":7},{"damage":4,"enemies":"Red Slaver","floor":8,"turns":6},{"damage":0,"enemies":"Large Slime","floor":10,"turns":8},{"damage":0,"enemies":"2 Fungi Beasts","floor":14,"turns":5},{"damage":21,"enemies":"The Guardian","floor":16,"turns":13},{"damage":0,"enemies":"2 Thieves","floor":18,"turns":5},{"damage":29,"enemies":"Book of Stabbing","floor":24,"turns":9},{"damage":4,"enemies":"Gremlin Leader","floor":27,"turns":6},{"damage":0,"enemies":"3 Byrds","floor":28,"turns":7},{"damage":2,"enemies":"Book of Stabbing","floor":29,"turns":6},{"damage":0,"enemies":"Snecko","floor":31,"turns":8},{"damage":0,"enemies":"Automaton","floor":33,"turns":13},{"damage":0,"enemies":"Orb Walker","floor":35,"turns":6},{"damage":0,"enemies":"3 Shapes","floor":38,"turns":4},{"damage":14,"enemies":"Transient","floor":39,"turns":5},{"damage":6,"enemies":"Reptomancer","floor":40,"turns":7},{"damage":0,"enemies":"4 Shapes","floor":44,"turns":3},{"damage":2,"enemies":"Giant Head","floor":45,"turns":10},{"damage":1,"enemies":"Jaw Worm Horde","floor":46,"turns":5},{"damage":0,"enemies":"Reptomancer","floor":47,"turns":7},{"damage":0,"enemies":"Writhing Mass","floor":48,"turns":7},{"damage":0,"enemies":"Donu and Deca","floor":50,"turns":12}],"seed_played":"-3629171248105754239","potions_obtained":[{"floor":1,"key":"AttackPotion"},{"floor":5,"key":"EssenceOfSteel"},{"floor":7,"key":"AttackPotion"},{"floor":27,"key":"Strength Potion"},{"floor":28,"key":"Block Potion"},{"floor":33,"key":"FearPotion"},{"floor":35,"key":"Swift Potion"},{"floor":39,"key":"Energy Potion"},{"floor":47,"key":"SkillPotion"}],"is_trial":false,"path_per_floor":["M","?","$","M","M","R","E","M","T","M","R","?","R","M","R","B",null,"M","T","$","?","?","R","E","R","T","E","M","E","$","M","R","B",null,"M","?","?","M","M","E","R","?","T","M","E","M","E","M","R","B",null],"character_chosen":"THE_SILENT","items_purchased":["TheAbacus","TwistedFunnel","After Image+1"],"campfire_rested":1,"item_purchase_floors":[3,20,30],"current_hp_per_floor":[59,59,59,55,55,55,28,24,24,24,24,24,24,24,24,3,50,50,50,50,50,50,50,21,21,21,17,29,39,39,39,39,39,59,59,59,51,51,37,43,43,43,43,43,41,40,40,40,66,66],"gold":170,"neow_bonus":"HUNDRED_GOLD","is_prod":false,"is_daily":false,"chose_seed":false,"campfire_upgraded":8,"win_rate":0,"timestamp":1560568330,"path_taken":["M","?","$","M","M","R","E","?","T","M","R","?","R","M","R","BOSS","M","?","$","?","?","R","E","R","T","E","M","E","$","M","R","BOSS","M","?","?","M","M","E","R","?","T","M","E","M","E","M","R","BOSS"],"build_version":"2019-01-23","purchased_purges":0,"victory":true,"max_hp_per_floor":[66,66,66,66,66,66,66,66,66,66,66,66,66,66,66,66,66,66,66,66,66,66,66,66,66,66,66,66,66,66,66,66,66,66,66,66,66,66,66,66,66,66,66,66,66,66,66,66,66,66],"card_choices":[{"not_picked":["Setup","Deflect"],"picked":"Noxious Fumes","floor":1},{"not_picked":["Slice","Blade Dance","Underhanded Strike"],"picked":"SKIP","floor":4},{"not_picked":["Slice","Concentrate"],"picked":"Blur","floor":5},{"not_picked":["Night Terror","Acrobatics"],"picked":"Footwork","floor":7},{"not_picked":["Expertise","PiercingWail","Bane"],"picked":"Backflip","floor":8},{"not_picked":["Setup","Dodge and Roll","Heel Hook"],"picked":"Cloak And Dagger","floor":10},{"not_picked":["Deflect","PiercingWail","Bane"],"picked":"Escape Plan","floor":14},{"not_picked":["Reflex","Dagger Throw"],"picked":"SKIP","floor":18},{"not_picked":["Outmaneuver"],"picked":"Deadly Poison","floor":24},{"not_picked":["Blade Dance"],"picked":"After Image+1","floor":27},{"not_picked":["Slice","Flying Knee"],"picked":"SKIP","floor":28},{"not_picked":["Prepared+1"],"picked":"Well Laid Plans+1","floor":29},{"not_picked":["Acrobatics","Underhanded Strike"],"picked":"SKIP","floor":31},{"not_picked":["Malaise"],"picked":"Venomology","floor":33},{"not_picked":["Poisoned Stab"],"picked":"Well Laid Plans+1","floor":35},{"not_picked":["Deflect"],"picked":"Blade Dance+1","floor":38},{"not_picked":["Bane+1"],"picked":"PiercingWail","floor":39},{"not_picked":["Underhanded Strike","Prepared+1"],"picked":"SKIP","floor":40},{"not_picked":["Bandage Up"],"picked":"Dramatic Entrance","floor":42},{"not_picked":["Flying Knee+1","Acrobatics"],"picked":"SKIP","floor":44},{"not_picked":["Deflect","Dagger Spray"],"picked":"SKIP","floor":45},{"not_picked":["Unload","PiercingWail"],"picked":"SKIP","floor":46},{"not_picked":["Outmaneuver"],"picked":"Backflip","floor":47},{"not_picked":["Predator","Cloak And Dagger"],"picked":"SKIP","floor":48}],"player_experience":839074,"relics_obtained":[{"floor":7,"key":"Question Card"},{"floor":9,"key":"Art of War"},{"floor":19,"key":"Frozen Egg 2"},{"floor":24,"key":"Orichalcum"},{"floor":26,"key":"PreservedInsect"},{"floor":27,"key":"Meat on the Bone"},{"floor":29,"key":"Potion Belt"},{"floor":40,"key":"Boot"},{"floor":43,"key":"Bottled Flame"},{"floor":45,"key":"Regal Pillow"},{"floor":47,"key":"Omamori"}],"event_choices":[{"damage_healed":0,"gold_gain":0,"player_choice":"Forge","damage_taken":0,"max_hp_gain":0,"max_hp_loss":0,"event_name":"Accursed Blacksmith","floor":2,"gold_loss":0,"cards_upgraded":["Noxious Fumes"]},{"cards_removed":["Strike_G"],"damage_healed":0,"gold_gain":0,"player_choice":"Purged","damage_taken":0,"max_hp_gain":0,"max_hp_loss":0,"event_name":"Purifier","floor":12,"gold_loss":0},{"damage_healed":0,"gold_gain":0,"player_choice":"Ignored","damage_taken":0,"max_hp_gain":0,"max_hp_loss":0,"event_name":"The Mausoleum","floor":21,"gold_loss":0},{"damage_healed":0,"gold_gain":0,"player_choice":"Paid","damage_taken":0,"relics_obtained":["Red Mask"],"max_hp_gain":0,"max_hp_loss":0,"event_name":"Tomb of Lord Red Mask","floor":36,"gold_loss":122},{"damage_healed":0,"gold_gain":0,"player_choice":"Embrace Madness","damage_taken":8,"max_hp_gain":0,"max_hp_loss":0,"event_name":"Winding Halls","floor":37,"gold_loss":0,"cards_obtained":["Madness","Madness"]},{"damage_healed":0,"gold_gain":0,"player_choice":"Memory 1","damage_taken":0,"max_hp_gain":0,"max_hp_loss":0,"event_name":"SensoryStone","floor":42,"gold_loss":0}],"is_beta":false,"boss_relics":[{"not_picked":["Empty Cage","Runic Pyramid"],"picked":"Busted Crown"},{"not_picked":["White Beast Statue","Cursed Key"],"picked":"Astrolabe"}],"items_purged_floors":[],"is_endless":false,"potions_floor_spawned":[1,5,7,27,28,33,35,39,40,47],"ascension_level":14}