{"gold_per_floor":[109,109,159,183,201,201,237,207,207,207,207],"floor_reached":11,"playtime":453,"items_purged":[],"score":128,"play_id":"5eae679c-d7a0-4100-b5bb-02c5a80d08a9","local_time":"20190617092317","is_ascension_mode":true,"campfire_choices":[{"data":"Dagger Spray","floor":6,"key":"SMITH"},{"data":"Dodge and Roll","floor":10,"key":"SMITH"}],"neow_cost":"NONE","seed_source_timestamp":401844154584177,"circlet_count":0,"master_deck":["AscendersBane","Defend_G","Defend_G","Defend_G","Defend_G","Defend_G","Strike_G","Strike_G","Strike_G","Strike_G","Strike_G","Survivor","Neutralize+1","Dodge and Roll+1","Dagger Spray+1","Heel Hook","Backstab"],"relics":["Ring of the Snake","Golden Idol","Frozen Egg 2","The Courier"],"potions_floor_usage":[7],"damage_taken":[{"damage":2,"enemies":"2 Louse","floor":1,"turns":4},{"damage":0,"enemies":"Small Slimes","floor":4,"turns":4},{"damage":0,"enemies":"Cultist","floor":5,"turns":5},{"damage":46,"enemies":"Lagavulin","floor":7,"turns":9},{"damage":0,"enemies":"Looter","floor":8,"turns":4},{"damage":7,"enemies":"Exordium Wildlife","floor":11,"turns":3}],"seed_played":"-6178704385821623770","potions_obtained":[{"floor":1,"key":"GamblersBrew"}],"is_trial":false,"path_per_floor":["M","?","?","M","M","R","E","M","T","R","M"],"character_chosen":"THE_SILENT","items_purchased":[],"campfire_rested":0,"item_purchase_floors":[],"current_hp_per_floor":[57,57,51,51,51,51,5,5,5,5,0],"gold":207,"neow_bonus":"UPGRADE_CARD","is_prod":false,"is_daily":false,"chose_seed":false,"campfire_upgraded":2,"win_rate":0,"timestamp":1560734597,"path_taken":["M","?","?","M","M","R","E","M","T","R","?"],"build_version":"2019-01-23","purchased_purges":0,"victory":false,"max_hp_per_floor":[66,60,60,60,60,60,60,60,60,60,60],"card_choices":[{"not_picked":["Reflex","Blade Dance"],"picked":"Dodge and Roll","floor":1},{"not_picked":["Slice","Catalyst","Setup"],"picked":"SKIP","floor":4},{"not_picked":["Deadly Poison","PiercingWail"],"picked":"Dagger Spray","floor":5},{"not_picked":["Tactician","Masterful Stab"],"picked":"Heel Hook","floor":7},{"not_picked":["Blade Dance","Riddle With Holes"],"picked":"Backstab","floor":8}],"player_experience":887039,"relics_obtained":[{"floor":7,"key":"Frozen Egg 2"},{"floor":9,"key":"The Courier"}],"event_choices":[{"damage_healed":0,"gold_gain":0,"player_choice":"Lose Max HP","damage_taken":0,"relics_obtained":["Golden Idol"],"max_hp_gain":0,"max_hp_loss":6,"event_name":"Golden Idol","floor":2,"gold_loss":0},{"damage_healed":0,"gold_gain":50,"player_choice":"Touch","damage_taken":6,"max_hp_gain":0,"max_hp_loss":0,"event_name":"FaceTrader","floor":3,"gold_loss":0}],"is_beta":false,"boss_relics":[],"items_purged_floors":[],"is_endless":false,"potions_floor_spawned":[1],"killed_by":"Exordium Wildlife","ascension_level":16}