{"gold_per_floor":[117,117,127,141,154,154,171,204,252,263,438,464,389,389,389,389],"floor_reached":16,"playtime":841,"items_purged":["Doubt"],"score":134,"play_id":"7e6f0eed-ad16-464d-b002-62f6badb4370","local_time":"20190118192842","is_ascension_mode":true,"campfire_choices":[{"data":"Neutralize","floor":6,"key":"SMITH"},{"floor":15,"key":"REST"}],"neow_cost":"NONE","seed_source_timestamp":834352947009233,"circlet_count":0,"master_deck":["Defend_G","Defend_G","Defend_G","Defend_G","Defend_G","Strike_G","Strike_G","Strike_G","Strike_G","Strike_G","Survivor","Neutralize+1","Deadly Poison","Dagger Throw","Crippling Poison","Dagger Spray+1","Noxious Fumes","Quick Slash","Accuracy","Footwork"],"relics":["Ring of the Snake","Orichalcum","Bag of Preparation","Letter Opener"],"potions_floor_usage":[8,12],"damage_taken":[{"damage":0,"enemies":"2 Louse","floor":1,"turns":3},{"damage":7,"enemies":"Small Slimes","floor":3,"turns":5},{"damage":7,"enemies":"Cultist","floor":4,"turns":4},{"damage":1,"enemies":"Large Slime","floor":5,"turns":5},{"damage":4,"enemies":"Blue Slaver","floor":7,"turns":4},{"damage":29,"enemies":"3 Sentries","floor":8,"turns":8},{"damage":9,"enemies":"Exordium Wildlife","floor":10,"turns":5},{"damage":11,"enemies":"Lagavulin","floor":12,"turns":5},{"damage":54,"enemies":"Slime Boss","floor":16,"turns":8}],"seed_played":"1103454021526809514","potions_obtained":[{"floor":1,"key":"Regen Potion"},{"floor":5,"key":"Poison Potion"}],"is_trial":false,"path_per_floor":["M","?","M","M","M","R","M","E","T","M","?","E","$","?","R","B"],"character_chosen":"THE_SILENT","items_purchased":[],"campfire_rested":1,"item_purchase_floors":[],"current_hp_per_floor":[77,77,70,63,62,62,58,44,44,35,35,24,24,24,47,0],"gold":389,"neow_bonus":"TEN_PERCENT_HP_BONUS","is_prod":false,"is_daily":false,"chose_seed":false,"campfire_upgraded":1,"win_rate":0,"timestamp":1547857722,"path_taken":["M","?","M","M","M","R","M","E","T","M","?","E","$","?","R","BOSS"],"build_version":"2019-01-17v2","purchased_purges":1,"victory":false,"max_hp_per_floor":[77,77,77,77,77,77,77,77,77,77,77,77,77,77,77,77],"card_choices":[{"not_picked":["Crippling Poison","Acrobatics"],"picked":"Deadly Poison","floor":1},{"not_picked":["Poisoned Stab","Slice"],"picked":"Dagger Throw","floor":3},{"not_picked":["Slice","Quick Slash"],"picked":"Crippling Poison","floor":4},{"not_picked":["Prepared","Caltrops"],"picked":"Dagger Spray","floor":5},{"not_picked":["Tactician","Dagger Throw"],"picked":"Noxious Fumes","floor":7},{"not_picked":["Accuracy","Setup"],"picked":"Quick Slash","floor":8},{"not_picked":["Flying Knee","Bane"],"picked":"Accuracy","floor":10},{"not_picked":["Outmaneuver","Riddle With Holes"],"picked":"Footwork","floor":12}],"player_experience":97640,"relics_obtained":[{"floor":8,"key":"Orichalcum"},{"floor":9,"key":"Bag of Preparation"},{"floor":12,"key":"Letter Opener"}],"event_choices":[{"damage_healed":0,"gold_gain":0,"player_choice":"Ignored","damage_taken":0,"max_hp_gain":0,"max_hp_loss":0,"event_name":"Shining Light","floor":2,"gold_loss":0},{"damage_healed":0,"gold_gain":175,"player_choice":"AGREE","damage_taken":0,"max_hp_gain":0,"max_hp_loss":0,"event_name":"Liars Game","floor":11,"gold_loss":0,"cards_obtained":["Doubt"]},{"damage_healed":0,"gold_gain":0,"player_choice":"Forge","damage_taken":0,"max_hp_gain":0,"max_hp_loss":0,"event_name":"Accursed Blacksmith","floor":14,"gold_loss":0,"cards_upgraded":["Dagger Spray"]}],"is_beta":false,"boss_relics":[],"items_purged_floors":[13],"is_endless":false,"potions_floor_spawned":[1,5],"killed_by":"Slime Boss","ascension_level":4}