{"path_per_floor":["M","?","?","?","M","E","M","R","T","M","?","R","$","$","R","B",null,"M","M","$","M","?"],"character_chosen":"THE_SILENT","items_purchased":["Toxic Egg 2","Infinite Blades","Snake Skull"],"gold_per_floor":[112,287,287,287,287,317,327,327,354,371,371,371,127,55,55,174,174,194,218,71,96,96],"floor_reached":23,"campfire_rested":2,"playtime":917,"current_hp_per_floor":[77,77,77,77,74,20,20,43,43,38,38,61,61,61,61,14,77,60,49,49,30,30],"items_purged":[],"gold":96,"score":189,"play_id":"a0f7b293-6083-48ee-91b4-98dcde598823","is_prod":false,"is_daily":false,"is_ascension_mode":false,"campfire_upgraded":1,"path_taken":["M","?","?","?","M","E","?","R","T","M","?","R","?","$","R","BOSS","M","M","$","M","?","E"],"build_version":"2018-02-12-PROD1","purchased_purges":0,"victory":false,"master_deck":["Defend_G+1","Defend_G+1","Defend_G+1","Defend_G+1","Defend_G+1","Strike_G+1","Strike_G+1","Strike_G+1","Strike_G+1","Strike_G+1","Survivor","Neutralize","Flying Knee","Bane","Dagger Spray","Backflip","A Thousand Cuts","Injury","Flying Knee","Infinite Blades+1","Venomology+1","Terror+1","Escape Plan+1","All Out Attack"],"max_hp_per_floor":[77,77,77,77,77,77,77,77,77,77,77,77,77,77,77,77,77,77,77,77,77,77],"relics":["Ring of the Snake","Tingsha","Dream Catcher","Golden Idol","Toxic Egg 2","Question Card","Snake Skull"],"card_choices":[{"not_picked":["Calculated Gamble","Acrobatics"],"picked":"Flying Knee"},{"not_picked":["Acrobatics","Reflex"],"picked":"Bane"},{"not_picked":["Backflip","Eviscerate"],"picked":"Dagger Spray"},{"not_picked":["Prepared","Dagger Spray"],"picked":"Backflip"},{"not_picked":["Underhanded Strike","Bouncing Flask"],"picked":"A Thousand Cuts"},{"not_picked":["Poisoned Stab","PiercingWail"],"picked":"Flying Knee"},{"not_picked":["Wraith Form","Bullet Time"],"picked":"Venomology"},{"not_picked":["Blade Dance","Outmaneuver","Distraction"],"picked":"Terror"},{"not_picked":["Flechettes","Slice","Backflip"],"picked":"Escape Plan"},{"not_picked":["Deadly Poison","Backstab","Terror"],"picked":"All Out Attack"}],"player_experience":49151,"potions_floor_usage":[19,19,21,21,23,23,23],"damage_taken":[{"damage":0,"enemies":"2 Louse","floor":1,"turns":5},{"damage":3,"enemies":"Blue Slaver","floor":5,"turns":5},{"damage":54,"enemies":"Lagavulin","floor":6,"turns":12},{"damage":0,"enemies":"Small Slimes","floor":7,"turns":3},{"damage":5,"enemies":"3 Louse","floor":10,"turns":2},{"damage":47,"enemies":"Slime Boss","floor":16,"turns":10},{"damage":17,"enemies":"Chosen","floor":18,"turns":6},{"damage":11,"enemies":"Shell Parasite","floor":19,"turns":6},{"damage":19,"enemies":"Snecko","floor":21,"turns":6},{"damage":37,"enemies":"Gremlin Leader","floor":23,"turns":6}],"event_choices":[{"event_name":"Liars Game","player_choice":"agreed","floor":2,"damage_taken":0},{"event_name":"Living Wall","player_choice":"Forget","floor":3,"damage_taken":0},{"event_name":"Purifier","player_choice":"Skipped","floor":4,"damage_taken":0},{"event_name":"Golden Idol","player_choice":"Take Wound","floor":11,"damage_taken":0},{"event_name":"Back to Basics","player_choice":"Simplicity","floor":22,"damage_taken":0}],"boss_relics":[{"not_picked":["Snecko Eye","Ectoplasm"],"picked":"Question Card"}],"potions_floor_spawned":[1,16,18,21],"seed_played":"-1684806908009614649","killed_by":"Gremlin Leader","ascension_level":0,"is_trial":false}