{"gold_per_floor":[114,129,144,144,17,17,32,47,97,127,127,142,142,142,142,142],"floor_reached":16,"playtime":465,"items_purged":[],"score":102,"play_id":"8106143c-e0bc-4b44-b0e8-9c224c2cd327","local_time":"20180926230130","daily_mods":["Allstar","Uncertain Future","Lethality"],"is_ascension_mode":false,"campfire_choices":[{"floor":6,"key":"REST"},{"floor":11,"key":"REST"},{"data":"Redo","floor":15,"key":"SMITH"}],"neow_cost":"","seed_source_timestamp":1069699860005370,"circlet_count":0,"master_deck":["Strike_B","Strike_B","Strike_B","Strike_B","Defend_B","Defend_B","Defend_B","Defend_B","Zap","Dualcast","PanicButton","Swift Strike","Jack Of All Trades","The Bomb","Madness","Barrage","Conserve Battery","Hologram","Ball Lightning","Capacitor","Auto Shields","Self Repair","Redo","Redo+1"],"special_seed":17801,"relics":["Cracked Core","Anchor","Regal Pillow","WarpedTongs"],"potions_floor_usage":[8,10,10],"damage_taken":[{"damage":0,"enemies":"2 Louse","floor":1,"turns":1},{"damage":9,"enemies":"Cultist","floor":2,"turns":3},{"damage":9,"enemies":"Jaw Worm","floor":3,"turns":3},{"damage":0,"enemies":"Looter","floor":7,"turns":2},{"damage":7,"enemies":"Red Slaver","floor":8,"turns":3},{"damage":18,"enemies":"3 Sentries","floor":10,"turns":5},{"damage":11,"enemies":"2 Fungi Beasts","floor":12,"turns":4},{"damage":72,"enemies":"The Guardian","floor":16,"turns":10}],"seed_played":"-5863381733931304207","potions_obtained":[{"floor":2,"key":"EssenceOfSteel"},{"floor":3,"key":"Ancient Potion"},{"floor":8,"key":"EssenceOfSteel"}],"is_trial":false,"path_per_floor":["M","M","M","?","$","R","M","M","T","E","R","M","?","?","R"],"character_chosen":"DEFECT","items_purchased":["Ball Lightning","Capacitor"],"campfire_rested":2,"item_purchase_floors":[5,5],"current_hp_per_floor":[75,66,57,57,57,75,75,68,68,57,75,71,71,71,71,0],"gold":142,"neow_bonus":"","is_prod":false,"is_daily":true,"chose_seed":false,"campfire_upgraded":1,"win_rate":0,"timestamp":1538017290,"path_taken":["M","M","M","?","$","R","M","M","T","E","R","M","?","?","R","BOSS"],"build_version":"2018-09-20","purchased_purges":0,"victory":false,"max_hp_per_floor":[75,75,75,75,75,75,75,75,75,75,75,75,75,75,75,75],"card_choices":[{"not_picked":["Hologram","Storm"],"picked":"Barrage","floor":1},{"not_picked":["Reprogram","Turbo"],"picked":"Conserve Battery","floor":2},{"not_picked":["Tempest","Darkness"],"picked":"Hologram","floor":3},{"not_picked":["Stack","Meteor Strike"],"picked":"Auto Shields","floor":7},{"not_picked":["Recycle","Beam Cell"],"picked":"Self Repair","floor":8},{"not_picked":["Coolheaded","Undo"],"picked":"Redo","floor":10},{"not_picked":["FTL","Turbo"],"picked":"Redo","floor":12}],"player_experience":196057,"relics_obtained":[{"floor":9,"key":"Anchor"},{"floor":10,"key":"Regal Pillow"}],"event_choices":[{"event_name":"Golden Wing","player_choice":"Ignored","floor":4,"damage_taken":0},{"event_name":"Accursed Blacksmith","player_choice":"Rummage","floor":13,"damage_taken":0},{"event_name":"Living Wall","player_choice":"Forget","floor":14,"damage_taken":0}],"is_beta":false,"boss_relics":[],"items_purged_floors":[],"is_endless":false,"potions_floor_spawned":[2,3,8],"killed_by":"The Guardian","ascension_level":0}