{"path_per_floor":["M","?","?","$","M","E","R","$","T","E","M","R","M","?","R","B",null,"M","M","?","?","M","R","E","R","T","M","M","?","M","?","R"],"character_chosen":"IRONCLAD","items_purchased":["Orichalcum","Bandage Up","Flex","Vajra"],"gold_per_floor":[111,286,386,117,135,161,161,4,4,36,49,49,67,67,67,168,168,181,199,199,199,216,216,244,244,244,254,268,268,288,203,203],"floor_reached":33,"campfire_rested":0,"playtime":1450,"current_hp_per_floor":[80,80,80,80,78,71,71,71,71,50,47,47,58,64,64,44,104,102,99,105,95,60,60,37,37,37,61,70,70,58,58,58],"items_purged":[],"gold":203,"score":325,"play_id":"a3de8d1a-460f-4fce-a0e4-a7f34b8737bf","is_prod":false,"is_daily":false,"is_ascension_mode":false,"campfire_upgraded":3,"path_taken":["M","?","?","$","?","E","R","?","T","E","?","R","M","?","R","BOSS","M","M","?","?","M","R","E","R","T","?","?","?","M","?","R","BOSS"],"build_version":"2018-02-12-PROD1","purchased_purges":0,"victory":false,"master_deck":["Strike_R","Strike_R","Strike_R","Strike_R","Strike_R","Defend_R","Defend_R","Defend_R","Defend_R","Bash","Seeing Red+1","Infernal Blade","Bandage Up+1","Flex","Clash","Infernal Blade","Perfected Strike+1","Flex","Shrug It Off","Double Tap","Writhe","Writhe","Power Through+1","Cleave+1","Writhe","Necronomicurse","Pommel Strike+1","Uppercut+1","Shockwave","Headbutt+1","Feed"],"max_hp_per_floor":[80,80,80,80,80,80,80,80,80,80,80,80,80,86,86,86,104,104,104,110,116,116,116,116,116,116,116,116,116,116,116,116],"relics":["Burning Blood","Orichalcum","Pantograph","Vajra","Meat on the Bone","Darkstone Periapt","Ornamental Fan","Calling Bell","Letter Opener","Toolbox","Ancient Tea Set","Peace Pipe","Necronomicon","Art of War","Ice Cream","Oddly Smooth Stone"],"card_choices":[{"not_picked":["Uppercut","Anger"],"picked":"Seeing Red"},{"not_picked":["Perfected Strike","Evolve"],"picked":"Infernal Blade"},{"not_picked":["Cleave","Sword Boomerang"],"picked":"Clash"},{"not_picked":["Sword Boomerang","Intimidate"],"picked":"Infernal Blade"},{"not_picked":["Fire Breathing","Pommel Strike"],"picked":"Perfected Strike"},{"not_picked":["Bloodletting","Headbutt"],"picked":"Flex"},{"not_picked":["Second Wind","Wild Strike"],"picked":"Shrug It Off"},{"not_picked":["Juggernaut","Bludgeon"],"picked":"Double Tap"},{"not_picked":["Spot Weakness","Twin Strike"],"picked":"Power Through"},{"not_picked":["Hemokinesis","Warcry"],"picked":"Cleave"},{"not_picked":["Immolate","Clash"],"picked":"Pommel Strike"},{"not_picked":["Shrug It Off","Pommel Strike"],"picked":"Uppercut"},{"not_picked":["Headbutt","Power Through"],"picked":"Shockwave"},{"not_picked":["Dropkick","Iron Wave"],"picked":"Headbutt"},{"not_picked":["Wild Strike","Body Slam"],"picked":"Feed"}],"player_experience":70829,"potions_floor_usage":[6,16,18,24,33],"damage_taken":[{"damage":6,"enemies":"Jaw Worm","floor":1,"turns":3},{"damage":8,"enemies":"2 Louse","floor":5,"turns":2},{"damage":17,"enemies":"3 Sentries","floor":6,"turns":9},{"damage":45,"enemies":"Gremlin Nob","floor":10,"turns":6},{"damage":15,"enemies":"Blue Slaver","floor":11,"turns":4},{"damage":13,"enemies":"Large Slime","floor":13,"turns":4},{"damage":64,"enemies":"The Guardian","floor":16,"turns":10},{"damage":14,"enemies":"2 Thieves","floor":18,"turns":4},{"damage":15,"enemies":"Spheric Guardian","floor":19,"turns":4},{"damage":59,"enemies":"Cultist and Chosen","floor":22,"turns":10},{"damage":47,"enemies":"Slavers","floor":24,"turns":4},{"damage":0,"enemies":"3 Cultists","floor":27,"turns":4},{"damage":3,"enemies":"Snecko","floor":28,"turns":5},{"damage":36,"enemies":"Sentry and Sphere","floor":30,"turns":6},{"damage":97,"enemies":"Collector","floor":33,"turns":11}],"event_choices":[{"event_name":"Liars Game","player_choice":"agreed","floor":2,"damage_taken":0},{"event_name":"Golden Shrine","player_choice":"Pray","floor":3,"damage_taken":0},{"event_name":"Big Fish","player_choice":"Box","floor":14,"damage_taken":0},{"event_name":"The Mausoleum","player_choice":"Yes","floor":20,"damage_taken":0},{"event_name":"Cursed Tome","player_choice":"Obtained Book","floor":21,"damage_taken":0},{"event_name":"Drug Dealer","player_choice":"Ignored","floor":29,"damage_taken":0},{"event_name":"Addict","player_choice":"Obtained Relic","floor":31,"damage_taken":0}],"boss_relics":[{"not_picked":["Sozu","Mark of Pain"],"picked":"Calling Bell"}],"potions_floor_spawned":[5,10,13,18,22],"seed_played":"3266823067532911053","killed_by":"Collector","ascension_level":0,"is_trial":false}