{"gold_per_floor":[113,133,151,176,27,27,59,79,79,79,96,124,139,158,158,255,255,274,195,205,220,238,238,265,265,311,327,327,337,370,382,394,501,513,538,565,556,556,556,583,597,597,597,610,610,610],"floor_reached":46,"playtime":1864,"items_purged":[],"score":705,"play_id":"0d0ad82b-200f-4fb0-9690-436ef026859d","local_time":"20190521162107","is_ascension_mode":true,"campfire_choices":[{"data":"Bash","floor":6,"key":"SMITH"},{"floor":10,"key":"REST"},{"floor":15,"key":"REST"},{"floor":23,"key":"REST"},{"floor":25,"key":"REST"},{"floor":32,"key":"REST"},{"floor":42,"key":"REST"}],"neow_cost":"PERCENT_DAMAGE","seed_source_timestamp":563053609835730,"circlet_count":0,"master_deck":["Strike_R","Strike_R","Strike_R","Strike_R","Strike_R","Defend_R","Defend_R","Defend_R","Bash+1","Corruption","Inflame","Shockwave","Pommel Strike","Warcry","Armaments","Uppercut","Battle Trance","Shrug It Off","Feed+1","Spot Weakness","Whirlwind","Inflame+1","Inflame+1","Twin Strike","RitualDagger","Inflame","Pommel Strike+1","Limit Break","Dropkick+1","Warcry","Sword Boomerang","Flash of Steel+1","Sentinel+1","Thunderclap+1","Dropkick+1","Impervious"],"relics":["Burning Blood","Champion Belt","Happy Flower","Pen Nib","Matryoshka","Ancient Tea Set","Question Card","Bag of Preparation","Sozu","The Courier","Oddly Smooth Stone","Vajra","MawBank","MutagenicStrength","Black Star","Boot","Whetstone","Ornamental Fan"],"potions_floor_usage":[7,14,24,46],"damage_taken":[{"damage":1,"enemies":"Cultist","floor":1,"turns":3},{"damage":11,"enemies":"Jaw Worm","floor":2,"turns":5},{"damage":8,"enemies":"2 Louse","floor":3,"turns":3},{"damage":26,"enemies":"Gremlin Nob","floor":7,"turns":4},{"damage":4,"enemies":"2 Fungi Beasts","floor":8,"turns":3},{"damage":8,"enemies":"Looter","floor":11,"turns":3},{"damage":20,"enemies":"Lagavulin","floor":12,"turns":5},{"damage":25,"enemies":"Exordium Thugs","floor":13,"turns":5},{"damage":6,"enemies":"Blue Slaver","floor":14,"turns":3},{"damage":23,"enemies":"Hexaghost","floor":16,"turns":8},{"damage":11,"enemies":"2 Thieves","floor":18,"turns":3},{"damage":13,"enemies":"3 Byrds","floor":20,"turns":4},{"damage":16,"enemies":"Cultist and Chosen","floor":21,"turns":6},{"damage":33,"enemies":"Shelled Parasite and Fungi","floor":22,"turns":3},{"damage":20,"enemies":"Gremlin Leader","floor":24,"turns":4},{"damage":14,"enemies":"Snake Plant","floor":27,"turns":3},{"damage":13,"enemies":"Snecko","floor":29,"turns":3},{"damage":9,"enemies":"Book of Stabbing","floor":30,"turns":3},{"damage":35,"enemies":"Collector","floor":33,"turns":5},{"damage":0,"enemies":"Orb Walker","floor":35,"turns":2},{"damage":18,"enemies":"3 Darklings","floor":36,"turns":3},{"damage":42,"enemies":"Giant Head","floor":40,"turns":6},{"damage":19,"enemies":"Spire Growth","floor":41,"turns":4},{"damage":4,"enemies":"4 Shapes","floor":44,"turns":2},{"damage":77,"enemies":"Reptomancer","floor":46,"turns":3}],"seed_played":"4892635086510531076","potions_obtained":[{"floor":1,"key":"Weak Potion"},{"floor":11,"key":"SkillPotion"},{"floor":12,"key":"SpeedPotion"},{"floor":14,"key":"SteroidPotion"}],"is_trial":false,"path_per_floor":["M","M","M","T","$","R","E","M","T","R","M","E","M","M","R","B",null,"M","$","M","M","M","R","E","R","T","M","?","M","E","?","R","B",null,"M","M","$","?","?","E","M","R","T","M","?","E"],"character_chosen":"IRONCLAD","items_purchased":["Pen Nib","Whirlwind","Sword Boomerang"],"campfire_rested":6,"item_purchase_floors":[5,19,37],"current_hp_per_floor":[61,56,54,54,54,54,34,36,36,60,58,44,25,25,49,32,68,66,66,63,53,26,52,38,64,64,56,50,47,47,47,75,49,85,91,79,79,79,79,43,30,59,59,65,65,0],"gold":610,"neow_bonus":"ONE_RARE_RELIC","is_prod":false,"is_daily":false,"chose_seed":false,"campfire_upgraded":1,"win_rate":0,"timestamp":1558470067,"path_taken":["M","M","M","?","$","R","E","M","T","R","M","E","M","M","R","BOSS","M","$","M","M","M","R","E","R","T","M","?","M","E","?","R","BOSS","M","M","$","?","?","E","M","R","T","M","?","E"],"build_version":"2019-01-23","purchased_purges":0,"victory":false,"max_hp_per_floor":[80,80,80,80,80,80,80,80,80,80,80,80,80,80,80,80,80,83,83,87,87,87,87,87,87,87,87,87,91,94,94,94,97,97,97,97,97,97,97,97,97,97,97,101,101,101],"card_choices":[{"not_picked":["Headbutt","Flex"],"picked":"Corruption","floor":1},{"not_picked":["Clothesline","Dropkick"],"picked":"Inflame","floor":2},{"not_picked":["Flex","Entrench"],"picked":"Shockwave","floor":3},{"not_picked":["Warcry","Heavy Blade"],"picked":"Pommel Strike","floor":7},{"not_picked":["Clash","Body Slam"],"picked":"Warcry","floor":8},{"not_picked":["Fiend Fire","Perfected Strike","Wild Strike"],"picked":"Armaments","floor":11},{"not_picked":["Berserk","Anger","Shrug It Off"],"picked":"Uppercut","floor":12},{"not_picked":["Iron Wave","Second Wind","True Grit"],"picked":"Battle Trance","floor":13},{"not_picked":["Havoc","True Grit","Infernal Blade"],"picked":"Shrug It Off","floor":14},{"not_picked":["Brutality","Berserk","Fiend Fire"],"picked":"Feed","floor":16},{"not_picked":["Havoc","Iron Wave+1","Battle Trance"],"picked":"Spot Weakness","floor":18},{"not_picked":["True Grit+1","Anger+1","Rupture","Body Slam+1"],"picked":"SKIP","floor":20},{"not_picked":["Whirlwind","Clash","Headbutt"],"picked":"Inflame+1","floor":21},{"not_picked":["Battle Trance","Clash","Warcry"],"picked":"Inflame+1","floor":22},{"not_picked":["Reckless Charge+1","Combust","Fire Breathing+1"],"picked":"Twin Strike","floor":24},{"not_picked":["Flex","Fiend Fire","Body Slam","Rupture"],"picked":"SKIP","floor":27},{"not_picked":["Flex+1","Anger","Combust+1"],"picked":"Inflame","floor":29},{"not_picked":["Iron Wave","Thunderclap+1","Armaments"],"picked":"Pommel Strike+1","floor":30},{"not_picked":["Double Tap","Exhume","Berserk"],"picked":"Limit Break","floor":33},{"not_picked":["Ghostly Armor+1","Metallicize+1","Evolve"],"picked":"Dropkick+1","floor":35},{"not_picked":["Sword Boomerang","Second Wind","Wild Strike+1"],"picked":"Warcry","floor":36},{"not_picked":["Impatience","Magnetism","Chrysalis"],"picked":"Flash of Steel","floor":38},{"not_picked":["Seeing Red+1","Havoc","Rupture+1"],"picked":"Sentinel+1","floor":40},{"not_picked":["Armaments+1","Ghostly Armor+1","Combust"],"picked":"Thunderclap+1","floor":41},{"not_picked":["Flex","Clash+1","Havoc+1"],"picked":"Dropkick+1","floor":44}],"player_experience":642893,"relics_obtained":[{"floor":4,"key":"Happy Flower"},{"floor":7,"key":"Matryoshka"},{"floor":9,"key":"Ancient Tea Set"},{"floor":9,"key":"Question Card"},{"floor":12,"key":"Bag of Preparation"},{"floor":24,"key":"The Courier"},{"floor":26,"key":"Oddly Smooth Stone"},{"floor":26,"key":"Vajra"},{"floor":30,"key":"MawBank"},{"floor":40,"key":"Boot"},{"floor":40,"key":"Whetstone"},{"floor":43,"key":"Ornamental Fan"}],"event_choices":[{"damage_healed":0,"gold_gain":0,"player_choice":"Joined the Cult","damage_taken":6,"max_hp_gain":0,"max_hp_loss":0,"event_name":"Nest","floor":28,"gold_loss":0,"cards_obtained":["RitualDagger"]},{"damage_healed":0,"gold_gain":0,"player_choice":"Inject Mutagens","damage_taken":0,"relics_obtained":["MutagenicStrength"],"max_hp_gain":0,"max_hp_loss":0,"event_name":"Drug Dealer","floor":31,"gold_loss":0},{"damage_healed":0,"gold_gain":0,"player_choice":"Memory 1","damage_taken":0,"max_hp_gain":0,"max_hp_loss":0,"event_name":"SensoryStone","floor":38,"gold_loss":0},{"cards_removed":["Defend_R"],"damage_healed":0,"gold_gain":0,"player_choice":"Removed Skill","damage_taken":0,"max_hp_gain":0,"max_hp_loss":0,"event_name":"Falling","floor":39,"gold_loss":0},{"damage_healed":0,"gold_gain":0,"player_choice":"1 cards matched","damage_taken":0,"max_hp_gain":0,"max_hp_loss":0,"event_name":"Match and Keep!","floor":45,"gold_loss":0,"cards_obtained":["Impervious"]}],"is_beta":false,"boss_relics":[{"not_picked":["Pandora\u0027s Box","Eternal Feather"],"picked":"Sozu"},{"not_picked":["Busted Crown","Philosopher\u0027s Stone"],"picked":"Black Star"}],"items_purged_floors":[],"is_endless":false,"potions_floor_spawned":[1,11,12,14,18,21,24,27,30,35,36,44],"killed_by":"Reptomancer","ascension_level":5}