{"gold_per_floor":[111,286,286,92,109,135,135,151,151,151,226,256,256,287,287,389,389,399,399],"floor_reached":19,"playtime":637,"items_purged":[],"score":228,"play_id":"267b27b8-75ca-49a9-a167-f70de7bbb743","local_time":"20180926214353","is_ascension_mode":true,"campfire_choices":[{"floor":7,"key":"REST"},{"floor":13,"key":"REST"},{"floor":15,"key":"REST"}],"neow_cost":"","seed_source_timestamp":1065221188153052,"circlet_count":0,"master_deck":["Strike_B","Strike_B","Strike_B","Strike_B","Defend_B","Defend_B","Defend_B","Defend_B","Zap+1","Dualcast","Leap+1","Defragment","Hologram","Stack+1","Sweeping Beam","Capacitor+1","Turbo","Machine Learning+1","Doubt","Parasite","Pain","Cold Snap"],"relics":["Cracked Core","Lantern","Sundial","Frozen Egg 2","Spirit Poop","Bronze Scales","Kunai","Calling Bell","War Paint","Shuriken","Incense Burner"],"potions_floor_usage":[6,14,16,18],"damage_taken":[{"damage":0,"enemies":"2 Louse","floor":1,"turns":3},{"damage":0,"enemies":"Small Slimes","floor":5,"turns":3},{"damage":44,"enemies":"3 Sentries","floor":6,"turns":10},{"damage":1,"enemies":"Jaw Worm","floor":8,"turns":5},{"damage":15,"enemies":"Lagavulin","floor":12,"turns":6},{"damage":23,"enemies":"3 Sentries","floor":14,"turns":6},{"damage":27,"enemies":"Hexaghost","floor":16,"turns":9},{"damage":45,"enemies":"2 Thieves","floor":18,"turns":4}],"seed_played":"-6169087208773155573","potions_obtained":[{"floor":5,"key":"Energy Potion"},{"floor":12,"key":"AttackPotion"},{"floor":14,"key":"FocusPotion"},{"floor":16,"key":"FocusPotion"}],"is_trial":false,"path_per_floor":["M","?","?","$","M","E","R","M","T","?","?","E","R","E","R","B",null,"M"],"character_chosen":"DEFECT","items_purchased":["Lantern","Defragment"],"campfire_rested":3,"item_purchase_floors":[4,4],"current_hp_per_floor":[75,75,75,75,75,31,53,52,52,52,41,26,48,25,47,20,61,16,0],"gold":399,"neow_bonus":"","is_prod":false,"is_daily":false,"chose_seed":false,"campfire_upgraded":0,"win_rate":0,"timestamp":1538012633,"path_taken":["M","?","?","$","M","E","R","M","T","?","?","E","R","E","R","BOSS","M","?"],"build_version":"2018-09-20","purchased_purges":0,"victory":false,"max_hp_per_floor":[75,75,75,75,75,75,75,75,75,75,75,75,75,75,75,75,75,75,75],"card_choices":[{"not_picked":["Rebound","Fusion"],"picked":"Leap","floor":1},{"not_picked":["Chill","Double Energy"],"picked":"Hologram","floor":5},{"not_picked":["Defragment","Redo"],"picked":"Stack","floor":6},{"not_picked":["Fusion","Compile Driver"],"picked":"Sweeping Beam","floor":8},{"not_picked":["Streamline","Multi-Cast"],"picked":"Capacitor+1","floor":12},{"not_picked":["Hologram","Lockon"],"picked":"Turbo","floor":14},{"not_picked":["Hyperbeam","Biased Cognition+1"],"picked":"Machine Learning+1","floor":16},{"not_picked":["Compile Driver+1","Sunder"],"picked":"Cold Snap","floor":18}],"player_experience":191317,"relics_obtained":[{"floor":6,"key":"Sundial"},{"floor":9,"key":"Frozen Egg 2"},{"floor":12,"key":"Bronze Scales"},{"floor":14,"key":"Kunai"},{"floor":17,"key":"War Paint"},{"floor":17,"key":"Shuriken"},{"floor":17,"key":"Incense Burner"}],"event_choices":[{"event_name":"Liars Game","player_choice":"agreed","floor":2,"damage_taken":0},{"event_name":"Living Wall","player_choice":"Grow","floor":3,"damage_taken":0},{"event_name":"Bonfire Elementals","player_choice":"CURSE","floor":10,"damage_taken":0},{"event_name":"World of Goop","player_choice":"Gather Gold","floor":11,"damage_taken":0}],"is_beta":false,"boss_relics":[{"not_picked":["Black Star","Pandora\u0027s Box"],"picked":"Calling Bell"}],"items_purged_floors":[],"is_endless":false,"potions_floor_spawned":[5,12,14,16],"ascension_level":5}