{"gold_per_floor":[117,217,236,249,23,57,57,83,113,140,140,105,115,131,131,231,231,243,203,218,218,16,16,46,46,46,46,46,62,78,28,28,125,125,137,24,36,36,36,36,62,72,151,5,5,23,39,50,50,50],"floor_reached":51,"playtime":3664,"items_purged":["Strike_G","Survivor"],"score":890,"play_id":"c4eb7ac1-1ad1-4f8e-9bc1-1eb55cde03fe","local_time":"20190121000224","is_ascension_mode":true,"campfire_choices":[{"data":"Neutralize","floor":7.0,"key":"SMITH"},{"floor":11.0,"key":"REST"},{"floor":15.0,"key":"REST"},{"data":"Cloak And Dagger","floor":23,"key":"SMITH"},{"floor":27,"key":"REST"},{"floor":32,"key":"REST"},{"data":"Blade Dance","floor":40,"key":"SMITH"},{"floor":45,"key":"REST"},{"floor":49,"key":"REST"}],"neow_cost":"NONE","seed_source_timestamp":0,"circlet_count":0,"master_deck":["Defend_G+1","Defend_G+1","Defend_G+1","Defend_G+1","Defend_G+1","Strike_G+1","Strike_G+1","Strike_G+1","Strike_G+1","Neutralize+1","Quick Slash","Blade Dance+1","Dagger Throw","Leg Sweep","Cloak And Dagger+1","All Out Attack","Footwork","Terror","Deadly Poison","After Image+1","Dagger Spray+1","Caltrops","Master of Strategy","Bouncing Flask","Dagger Spray+1","After Image","Cloak And Dagger+1","Noxious Fumes","Blur","Writhe","Bouncing Flask+1","Footwork+1","Acrobatics+1"],"special_seed":0,"relics":["Ring of the Snake","Membership Card","Art of War","Ornamental Fan","Tiny Chest","Pear","Black Star","Ancient Tea Set","Happy Flower","Centennial Puzzle","Singing Bowl","Philosopher\u0027s Stone","Anchor","Letter Opener","Pen Nib","Bottled Lightning","Mummified Hand","Paper Crane"],"potions_floor_usage":[33,33,46,46,50,50],"damage_taken":[{"damage":0.0,"enemies":"Jaw Worm","floor":1.0,"turns":6.0},{"damage":0.0,"enemies":"Cultist","floor":3.0,"turns":4.0},{"damage":0.0,"enemies":"2 Louse","floor":4.0,"turns":2.0},{"damage":34.0,"enemies":"3 Sentries","floor":6.0,"turns":11.0},{"damage":9.0,"enemies":"Gremlin Nob","floor":8.0,"turns":4.0},{"damage":23.0,"enemies":"Lagavulin","floor":10.0,"turns":7.0},{"damage":5.0,"enemies":"Exordium Wildlife","floor":13.0,"turns":5.0},{"damage":3.0,"enemies":"Red Slaver","floor":14.0,"turns":4.0},{"damage":32.0,"enemies":"Slime Boss","floor":16.0,"turns":17.0},{"damage":3.0,"enemies":"Chosen","floor":18.0,"turns":6.0},{"damage":2,"enemies":"3 Byrds","floor":20,"turns":5},{"damage":23,"enemies":"Book of Stabbing","floor":24,"turns":7},{"damage":4,"enemies":"Shelled Parasite and Fungi","floor":29,"turns":5},{"damage":7,"enemies":"Snake Plant","floor":30,"turns":5},{"damage":84,"enemies":"Champ","floor":33,"turns":16},{"damage":7,"enemies":"Orb Walker","floor":35,"turns":4},{"damage":0,"enemies":"3 Shapes","floor":37,"turns":3},{"damage":34,"enemies":"Nemesis","floor":41,"turns":7},{"damage":31,"enemies":"Spire Growth","floor":42,"turns":5},{"damage":15,"enemies":"Transient","floor":46,"turns":5},{"damage":0,"enemies":"4 Shapes","floor":47,"turns":4},{"damage":8,"enemies":"Spire Growth","floor":48,"turns":5},{"damage":39,"enemies":"Donu and Deca","floor":50,"turns":13}],"seed_played":"-5395101799566648965","potions_obtained":[{"floor":1.0,"key":"EntropicBrew"},{"floor":6.0,"key":"Dexterity Potion"},{"floor":8.0,"key":"Explosive Potion"},{"floor":14.0,"key":"Strength Potion"},{"floor":20,"key":"FearPotion"},{"floor":29,"key":"SpeedPotion"},{"floor":35,"key":"GamblersBrew"},{"floor":42,"key":"SkillPotion"},{"floor":47,"key":"GhostInAJar"},{"floor":48,"key":"SpeedPotion"}],"is_trial":false,"path_per_floor":["M","?","M","M","$","E","R","E","T","E","R","?","M","M","R","B",null,"M","?","M","?","$","R","E","?","T","R","?","M","M","$","R","B",null,"M","$","M","?","T","R","E","M","T","$","R","M","M","M","R","B",null],"character_chosen":"THE_SILENT","items_purchased":["Membership Card","Leg Sweep","Master of Strategy","Ancient Tea Set","Anchor","Noxious Fumes","Paper Crane","PowerPotion"],"campfire_rested":6,"item_purchase_floors":[5,5,22,22,36,36,44,44],"current_hp_per_floor":[70,70,70,70,70,36,36,27,27,14,40,61,56,53,79,47,77,74,74,72,72,72,72,49,49,49,75,75,71,66,66,89,5,68,61,61,61,83,83,83,49,20,20,20,47,34,34,26,53,14],"gold":50,"neow_bonus":"TEN_PERCENT_HP_BONUS","is_prod":false,"is_daily":false,"chose_seed":false,"campfire_upgraded":3,"win_rate":0,"timestamp":1548046944,"path_taken":["M","?","M","M","?","E","R","E","T","E","R","?","M","M","R","BOSS","M","?","?","?","$","R","E","?","T","R","?","M","M","?","R","BOSS","M","$","M","?","?","R","E","M","T","$","R","M","M","M","R","BOSS"],"build_version":"2019-01-17v2","purchased_purges":2,"victory":true,"max_hp_per_floor":[77,77,77,77,77,77,77,77,77,87,87,87,87,87,87,87,87,87,87,87,87,87,87,87,87,87,87,87,87,89,89,89,89,89,89,89,89,89,89,89,89,91,91,91,91,93,93,93,93,93],"card_choices":[{"not_picked":["Endless Agony","PiercingWail"],"picked":"Quick Slash","floor":1.0},{"not_picked":["Bane","Dodge and Roll"],"picked":"Blade Dance","floor":3.0},{"not_picked":["Prepared","Dodge and Roll"],"picked":"Dagger Throw","floor":4.0},{"not_picked":["Masterful Stab","Quick Slash"],"picked":"Cloak And Dagger","floor":6.0},{"not_picked":["Blade Dance","Flying Knee"],"picked":"All Out Attack","floor":8.0},{"not_picked":["Bane","Glass Knife"],"picked":"Footwork","floor":10.0},{"not_picked":["Prepared","Slice"],"picked":"Terror","floor":13.0},{"not_picked":["Outmaneuver","Flying Knee"],"picked":"Deadly Poison","floor":14.0},{"not_picked":["Adrenaline","Phantasmal Killer"],"picked":"After Image","floor":16.0},{"not_picked":["Backflip","Finisher"],"picked":"Dagger Spray+1","floor":18},{"not_picked":["Outmaneuver","Bouncing Flask"],"picked":"Caltrops","floor":20},{"not_picked":["Dagger Throw","Expertise"],"picked":"Bouncing Flask","floor":24},{"not_picked":["Blade Dance","Prepared"],"picked":"Dagger Spray+1","floor":29},{"not_picked":["Outmaneuver","Deflect","Tactician"],"picked":"Singing Bowl","floor":30},{"not_picked":["Doppelganger","Night Terror"],"picked":"After Image","floor":33},{"not_picked":["Calculated Gamble+1","Backflip+1"],"picked":"Cloak And Dagger+1","floor":35},{"not_picked":["Dash+1","Blade Dance"],"picked":"Blur","floor":37},{"not_picked":["Choke+1","Setup+1"],"picked":"Bouncing Flask+1","floor":41},{"not_picked":["Cloak And Dagger","Flying Knee+1","Bouncing Flask"],"picked":"Singing Bowl","floor":42},{"not_picked":["Expertise","Masterful Stab","Deflect"],"picked":"Singing Bowl","floor":46},{"not_picked":["Flying Knee","Bane"],"picked":"Footwork+1","floor":47},{"not_picked":["PiercingWail","Dagger Throw"],"picked":"Acrobatics+1","floor":48}],"player_experience":158059,"relics_obtained":[{"floor":6.0,"key":"Art of War"},{"floor":8.0,"key":"Ornamental Fan"},{"floor":9.0,"key":"Tiny Chest"},{"floor":10.0,"key":"Pear"},{"floor":24,"key":"Happy Flower"},{"floor":24,"key":"Centennial Puzzle"},{"floor":26,"key":"Singing Bowl"},{"floor":39,"key":"Letter Opener"},{"floor":41,"key":"Pen Nib"},{"floor":41,"key":"Bottled Lightning"},{"floor":43,"key":"Mummified Hand"}],"event_choices":[{"damage_healed":0.0,"max_hp_gain":0.0,"max_hp_loss":0.0,"gold_gain":100.0,"event_name":"Golden Shrine","player_choice":"Pray","floor":2.0,"gold_loss":0.0,"damage_taken":0.0},{"damage_healed":21.0,"max_hp_gain":0.0,"max_hp_loss":0.0,"gold_gain":0.0,"event_name":"The Cleric","player_choice":"Healed","floor":12.0,"gold_loss":35.0,"damage_taken":0.0},{"damage_healed":0,"gold_gain":0,"player_choice":"Upgrade","damage_taken":0,"max_hp_gain":0,"max_hp_loss":0,"event_name":"Designer","floor":19,"gold_loss":40,"cards_upgraded":["After Image"]},{"damage_healed":0,"gold_gain":0,"player_choice":"Ignored","damage_taken":0,"max_hp_gain":0,"max_hp_loss":0,"event_name":"Vampires","floor":21,"gold_loss":0},{"damage_healed":0,"gold_gain":0,"player_choice":"Simplicity","damage_taken":0,"max_hp_gain":0,"max_hp_loss":0,"event_name":"Back to Basics","floor":25,"gold_loss":0,"cards_upgraded":["Defend_G","Defend_G","Defend_G","Defend_G","Defend_G","Strike_G","Strike_G","Strike_G","Strike_G"]},{"damage_healed":0,"gold_gain":0,"player_choice":"Ignored","damage_taken":0,"max_hp_gain":0,"max_hp_loss":0,"event_name":"Ghosts","floor":28,"gold_loss":0},{"damage_healed":22,"gold_gain":0,"player_choice":"Writhe","damage_taken":0,"max_hp_gain":0,"max_hp_loss":0,"event_name":"Winding Halls","floor":38,"gold_loss":0,"cards_obtained":["Writhe"]}],"is_beta":false,"boss_relics":[{"not_picked":["Tiny House","Snecko Eye"],"picked":"Black Star"},{"not_picked":["Busted Crown","Pandora\u0027s Box"],"picked":"Philosopher\u0027s Stone"}],"items_purged_floors":[22,31],"is_endless":false,"potions_floor_spawned":[1,6,8,14,20,29,35,42,47,48],"ascension_level":6}