{"gold_per_floor":[119,131,143,23,0,34,47,47,47,47,66,76,76,93,93,195,195,207,227,227,239,239],"floor_reached":22,"playtime":1258,"items_purged":["Regret"],"score":269,"play_id":"74a46990-f2ab-44b5-b42b-dc19af3eeeb8","local_time":"20181101170804","is_ascension_mode":true,"campfire_choices":[{"data":"Flex","floor":8,"key":"SMITH"},{"data":"Heavy Blade","floor":10,"key":"SMITH"},{"data":"Inflame","floor":13,"key":"SMITH"},{"data":"Spot Weakness","floor":15,"key":"SMITH"}],"neow_cost":"CURSE","seed_source_timestamp":9453036250394,"circlet_count":0,"master_deck":["Strike_R","Strike_R","Strike_R","Strike_R","Strike_R","Defend_R","Defend_R","Defend_R","Defend_R","Bash","Double Tap","Twin Strike","Infernal Blade","Inflame+1","Flex+1","Thunderclap","Heavy Blade+1","Spot Weakness+1","Sword Boomerang","Brutality","Cleave","Dual Wield","Heavy Blade+1"],"relics":["Burning Blood","Magic Flower","The Courier","Black Star"],"potions_floor_usage":[11,16,16,22],"damage_taken":[{"damage":13,"enemies":"Small Slimes","floor":1,"turns":3},{"damage":10,"enemies":"2 Louse","floor":2,"turns":2},{"damage":4,"enemies":"Cultist","floor":3,"turns":3},{"damage":30,"enemies":"3 Sentries","floor":6,"turns":8},{"damage":13,"enemies":"3 Louse","floor":7,"turns":3},{"damage":0,"enemies":"Red Slaver","floor":11,"turns":1},{"damage":8,"enemies":"Blue Slaver","floor":12,"turns":2},{"damage":0,"enemies":"Large Slime","floor":14,"turns":3},{"damage":42,"enemies":"Hexaghost","floor":16,"turns":6},{"damage":11,"enemies":"Spheric Guardian","floor":18,"turns":3},{"damage":32,"enemies":"Shell Parasite","floor":19,"turns":5},{"damage":8,"enemies":"Cultist and Chosen","floor":21,"turns":4},{"damage":53,"enemies":"Shelled Parasite and Fungi","floor":22,"turns":4}],"seed_played":"-8193244041239098229","potions_obtained":[{"floor":3,"key":"SteroidPotion"},{"floor":7,"key":"SpeedPotion"},{"floor":11,"key":"Strength Potion"},{"floor":12,"key":"Explosive Potion"},{"floor":16,"key":"EssenceOfSteel"},{"floor":20,"key":"SkillPotion"},{"floor":20,"key":"FearPotion"},{"floor":21,"key":"Energy Potion"}],"is_trial":false,"path_per_floor":["M","M","M","$","?","E","M","R","T","R","M","M","R","M","R","B",null,"M","M","?","M"],"character_chosen":"IRONCLAD","items_purchased":["Flex"],"campfire_rested":0,"item_purchase_floors":[4],"current_hp_per_floor":[73,69,71,71,71,47,43,43,43,43,52,53,53,62,62,29,67,65,42,42,43,0],"gold":239,"neow_bonus":"THREE_RARE_CARDS","is_prod":false,"is_daily":false,"chose_seed":false,"campfire_upgraded":4,"win_rate":0,"timestamp":1541102884,"path_taken":["M","M","M","$","?","E","M","R","T","R","?","M","R","M","R","BOSS","M","M","?","M","M"],"build_version":"2018-10-25v2","purchased_purges":1,"victory":false,"max_hp_per_floor":[80,80,80,80,80,80,80,80,80,80,80,80,80,80,80,80,80,80,80,80,80,80],"card_choices":[{"not_picked":["Demon Form","Brutality"],"picked":"Double Tap","floor":0},{"not_picked":["True Grit","Perfected Strike"],"picked":"Twin Strike","floor":1},{"not_picked":["Body Slam","Battle Trance"],"picked":"Infernal Blade","floor":2},{"not_picked":["Cleave","Intimidate"],"picked":"Inflame","floor":3},{"not_picked":["Pummel","Burning Pact"],"picked":"Thunderclap","floor":6},{"not_picked":["Clothesline","Armaments"],"picked":"Heavy Blade","floor":7},{"not_picked":["Wild Strike","Sword Boomerang"],"picked":"Spot Weakness","floor":11},{"not_picked":["Bloodletting","Sever Soul"],"picked":"Sword Boomerang","floor":12},{"not_picked":["Evolve","Infernal Blade","Exhume"],"picked":"SKIP","floor":14},{"not_picked":["Dark Embrace","Immolate"],"picked":"Brutality","floor":16},{"not_picked":["True Grit","Sever Soul"],"picked":"Cleave","floor":18},{"not_picked":["Intimidate+1","Armaments+1"],"picked":"Dual Wield","floor":19},{"not_picked":["Wild Strike","Twin Strike"],"picked":"Heavy Blade+1","floor":21}],"player_experience":231241,"relics_obtained":[{"floor":6,"key":"Magic Flower"},{"floor":9,"key":"The Courier"}],"event_choices":[{"damage_healed":0,"gold_gain":0,"player_choice":"Left Gold","damage_taken":0,"max_hp_gain":0,"max_hp_loss":0,"event_name":"World of Goop","floor":5,"gold_loss":23},{"damage_healed":0,"gold_gain":0,"player_choice":"Got Potions","damage_taken":0,"max_hp_gain":0,"max_hp_loss":0,"event_name":"The Lab","floor":20,"gold_loss":0}],"is_beta":false,"boss_relics":[{"not_picked":["Pandora\u0027s Box","Lizard Tail"],"picked":"Black Star"}],"items_purged_floors":[4],"is_endless":false,"potions_floor_spawned":[3,7,11,12,16,21],"killed_by":"Shelled Parasite and Fungi","ascension_level":5}