{"gold_per_floor":[111,131,211,223,233,265,381,62,62,82,82],"floor_reached":11,"playtime":445,"items_purged":["Amnesia"],"score":77,"play_id":"2381c8a3-4ae1-42ea-ab05-07904d50a2e0","local_time":"20190130163855","is_ascension_mode":false,"campfire_choices":[],"neow_cost":"NONE","seed_source_timestamp":2176169571651850,"circlet_count":0,"master_deck":["Strike_B","Strike_B","Strike_B","Strike_B","Defend_B","Defend_B","Defend_B","Defend_B","Zap","Dualcast","Hello World","Go for the Eyes+1","Barrage+1","Multi-Cast+1","Rip and Tear","Streamline","Delirium","Discovery+1","Self Repair"],"relics":["Cracked Core","Ring of Fury","Ring of Greed","NeowsBlessing","Golden Egg","Tiny Chest","Whetstone","Dream Catcher","Iron Hammer"],"potions_floor_usage":[6,11,11],"damage_taken":[{"damage":0,"enemies":"2 Louse","floor":1,"turns":1},{"damage":0,"enemies":"Cultist","floor":2,"turns":1},{"damage":0,"enemies":"Small Slimes","floor":4,"turns":1},{"damage":9,"enemies":"Blue Slaver","floor":5,"turns":4},{"damage":31,"enemies":"Lagavulin","floor":6,"turns":7},{"damage":12,"enemies":"Exordium Wildlife","floor":7,"turns":3},{"damage":2,"enemies":"Gremlin Gang","floor":10,"turns":3},{"damage":21,"enemies":"Gremlin Nob","floor":11,"turns":3}],"seed_played":"4401196761139453384","potions_obtained":[{"floor":5,"key":"Venom Potion"},{"floor":7,"key":"Strength Potion"},{"floor":10,"key":"Fire Potion"}],"is_trial":false,"path_per_floor":["M","M","?","M","M","E","M","$","T","M","E"],"character_chosen":"DEFECT","items_purchased":["Discovery","Dream Catcher"],"campfire_rested":0,"item_purchase_floors":[8,8],"current_hp_per_floor":[75,75,75,75,66,35,23,23,23,21,0],"gold":82,"neow_bonus":"THREE_ENEMY_KILL","is_prod":false,"is_daily":false,"chose_seed":false,"campfire_upgraded":0,"win_rate":0,"timestamp":1548884335,"path_taken":["M","M","?","M","M","E","?","$","T","M","E"],"build_version":"2019-01-23","purchased_purges":1,"victory":false,"max_hp_per_floor":[75,75,75,75,75,75,75,75,75,75,75],"card_choices":[{"not_picked":["Go for the Eyes","Barrage"],"picked":"Hello World","floor":1},{"not_picked":["ReplayTheSpireMod:GoodbyeWorld","Sweeping Beam"],"picked":"Go for the Eyes","floor":2},{"not_picked":["ReplayGash","ReplayTheSpireMod:Repulse"],"picked":"Barrage","floor":4},{"not_picked":["Skim","Hologram"],"picked":"Multi-Cast","floor":5},{"not_picked":["Barrage","Chaos"],"picked":"Rip and Tear","floor":6},{"not_picked":["Ball Lightning","Turbo"],"picked":"Streamline","floor":7},{"not_picked":["Sweeping Beam","Compile Driver"],"picked":"Self Repair","floor":10}],"player_experience":387000,"relics_obtained":[{"floor":3,"key":"Ring of Fury"},{"floor":3,"key":"Ring of Greed"},{"floor":3,"key":"Golden Egg"},{"floor":3,"key":"Tiny Chest"},{"floor":6,"key":"Whetstone"},{"floor":9,"key":"Iron Hammer"}],"event_choices":[],"is_beta":false,"boss_relics":[],"items_purged_floors":[8],"is_endless":false,"potions_floor_spawned":[5,7,10],"killed_by":"Gremlin Nob","ascension_level":0}