{"gold_per_floor":[111,127,141,151,170,197,197,275,275,275,289,307,325,325,325,430,430,441,456,469,7,7,20,47,63,63,80,80,91,91,109,109,213,213,231,231,242,242,68,68,118,118],"floor_reached":42,"playtime":2159,"items_purged":["Injury","Writhe"],"score":561,"play_id":"c3d18c9b-8030-416b-afb8-1e279e92cc04","local_time":"20190509172403","is_ascension_mode":true,"campfire_choices":[{"floor":7,"key":"REST"},{"floor":10,"key":"REST"},{"floor":15,"key":"REST"},{"floor":28,"key":"REST"},{"floor":30,"key":"REST"},{"floor":32,"key":"REST"},{"data":"Loop","floor":40,"key":"SMITH"}],"neow_cost":"CURSE","seed_source_timestamp":687773595242928,"circlet_count":0,"master_deck":["Strike_B","Strike_B","Strike_B","Strike_B","Defend_B","Defend_B","Defend_B","Defend_B","Zap","Dualcast","Hyperbeam","Capacitor","Hello World+1","Ball Lightning","Loop+1","Chill","Lockon","Electrodynamics","Ball Lightning+1","Conserve Battery","Go for the Eyes","Storm","Beam Cell+1","Go for the Eyes","Cold Snap","White Noise","Seek","Leap","Transmutation","Multi-Cast","White Noise+1"],"relics":["Cracked Core","Singing Bowl","Cursed Key","Lee\u0027s Waffle","DataDisk","Nloth\u0027s Gift","Bronze Scales","Ancient Tea Set","Lizard Tail","Mango"],"potions_floor_usage":[5,12,16,16,20,27,33,33,41,41,42],"damage_taken":[{"damage":2,"enemies":"Jaw Worm","floor":1,"turns":4},{"damage":0,"enemies":"Small Slimes","floor":2,"turns":1},{"damage":0,"enemies":"Cultist","floor":3,"turns":2},{"damage":17,"enemies":"Exordium Thugs","floor":4,"turns":3},{"damage":7,"enemies":"Lots of Slimes","floor":5,"turns":3},{"damage":31,"enemies":"3 Sentries","floor":6,"turns":6},{"damage":11,"enemies":"Blue Slaver","floor":11,"turns":3},{"damage":26,"enemies":"Exordium Wildlife","floor":12,"turns":5},{"damage":1,"enemies":"Large Slime","floor":13,"turns":4},{"damage":49,"enemies":"The Guardian","floor":16,"turns":11},{"damage":29,"enemies":"Shell Parasite","floor":18,"turns":6},{"damage":28,"enemies":"2 Thieves","floor":19,"turns":3},{"damage":14,"enemies":"Snecko","floor":20,"turns":8},{"damage":8,"enemies":"Centurion and Healer","floor":23,"turns":5},{"damage":20,"enemies":"Slavers","floor":24,"turns":3},{"damage":19,"enemies":"Sentry and Sphere","floor":25,"turns":4},{"damage":26,"enemies":"Chosen and Byrds","floor":27,"turns":4},{"damage":6,"enemies":"Centurion and Healer","floor":29,"turns":5},{"damage":43,"enemies":"Snake Plant","floor":31,"turns":3},{"damage":24,"enemies":"Collector","floor":33,"turns":9},{"damage":9,"enemies":"3 Darklings","floor":35,"turns":2},{"damage":28,"enemies":"3 Shapes","floor":37,"turns":3},{"damage":58,"enemies":"2 Orb Walkers","floor":41,"turns":5},{"damage":74,"enemies":"Reptomancer","floor":42,"turns":6}],"seed_played":"-6441566018458603789","potions_obtained":[{"floor":1,"key":"AttackPotion"},{"floor":5,"key":"SkillPotion"},{"floor":6,"key":"Swift Potion"},{"floor":12,"key":"Dexterity Potion"},{"floor":16,"key":"SkillPotion"},{"floor":24,"key":"SteroidPotion"},{"floor":27,"key":"Weak Potion"},{"floor":29,"key":"Swift Potion"},{"floor":33,"key":"Weak Potion"},{"floor":35,"key":"Energy Potion"},{"floor":41,"key":"Fruit Juice"}],"is_trial":false,"path_per_floor":["M","M","M","M","M","E","R","?","T","R","M","M","M","?","R","B",null,"M","M","M","$","?","M","E","M","T","M","R","M","R","M","R","B",null,"M","?","M","?","$","R","?","E"],"character_chosen":"DEFECT","items_purchased":["Lee\u0027s Waffle","DataDisk","Storm","Multi-Cast"],"campfire_rested":6,"item_purchase_floors":[21,21,21,39],"current_hp_per_floor":[73,73,73,56,49,18,40,40,40,62,53,29,30,30,52,5,75,46,20,8,82,82,74,54,35,35,9,33,29,54,13,38,14,86,77,77,51,51,51,51,63,0],"gold":118,"neow_bonus":"THREE_RARE_CARDS","is_prod":false,"is_daily":false,"chose_seed":false,"campfire_upgraded":1,"win_rate":0,"timestamp":1557437043,"path_taken":["M","M","M","M","M","E","R","?","T","R","M","M","M","?","R","BOSS","M","M","?","$","?","M","E","?","T","M","R","M","R","M","R","BOSS","M","?","M","?","$","R","?","E"],"build_version":"2019-01-23","purchased_purges":2,"victory":false,"max_hp_per_floor":[75,75,75,75,75,75,75,75,75,75,75,75,75,75,75,75,75,75,75,75,82,82,82,82,82,82,82,82,84,84,86,86,86,86,86,86,88,88,88,88,107,107],"card_choices":[{"not_picked":["Thunder Strike","Rainbow"],"picked":"Hyperbeam","floor":0},{"not_picked":["Steam Power","Compile Driver"],"picked":"Capacitor","floor":1},{"not_picked":["Auto Shields","Rebound","Melter"],"picked":"SKIP","floor":2},{"not_picked":["Fusion","Scrape","Sweeping Beam"],"picked":"SKIP","floor":3},{"not_picked":["Conserve Battery","Reprogram"],"picked":"Hello World","floor":4},{"not_picked":["Stack","Tempest"],"picked":"Ball Lightning","floor":5},{"not_picked":["Blizzard","Meteor Strike"],"picked":"Loop","floor":6},{"not_picked":["Steam","Steam Power"],"picked":"Chill","floor":11},{"not_picked":["Undo","Chaos"],"picked":"Lockon","floor":12},{"not_picked":["Turbo","Stack"],"picked":"Compile Driver","floor":13},{"not_picked":["Multi-Cast","Fission"],"picked":"Electrodynamics","floor":16},{"not_picked":["Compile Driver+1","Doom and Gloom+1"],"picked":"Ball Lightning+1","floor":18},{"not_picked":["Stack","Rebound"],"picked":"Conserve Battery","floor":19},{"not_picked":["Beam Cell+1","Skim"],"picked":"Go for the Eyes","floor":20},{"not_picked":["Sweeping Beam","Reboot"],"picked":"Beam Cell+1","floor":23},{"not_picked":["Blizzard","Lockon"],"picked":"Go for the Eyes","floor":24},{"not_picked":["Barrage+1","Fusion"],"picked":"Cold Snap","floor":25},{"not_picked":["Sweeping Beam","BootSequence"],"picked":"White Noise","floor":27},{"not_picked":["Conserve Battery","Redo","Chaos"],"picked":"Singing Bowl","floor":29},{"not_picked":["Streamline+1","Go for the Eyes","Conserve Battery+1"],"picked":"Singing Bowl","floor":31},{"not_picked":["Rainbow","Fission"],"picked":"Seek","floor":33},{"not_picked":["Hologram","Rip and Tear"],"picked":"Leap","floor":35},{"not_picked":["Flash of Steel","The Bomb"],"picked":"Transmutation","floor":36},{"not_picked":["Conserve Battery","Recycle+1","Doom and Gloom+1"],"picked":"Singing Bowl","floor":37},{"not_picked":["Auto Shields","Doom and Gloom"],"picked":"White Noise+1","floor":41}],"player_experience":511087,"relics_obtained":[{"floor":6,"key":"Blood Vial"},{"floor":9,"key":"Singing Bowl"},{"floor":24,"key":"Bronze Scales"},{"floor":26,"key":"Ancient Tea Set"},{"floor":41,"key":"Mango"}],"event_choices":[{"damage_healed":0,"gold_gain":78,"player_choice":"Gained Gold","damage_taken":0,"max_hp_gain":0,"max_hp_loss":0,"event_name":"Golden Wing","floor":8,"gold_loss":0},{"damage_healed":0,"gold_gain":0,"player_choice":"Upgraded","damage_taken":0,"max_hp_gain":0,"max_hp_loss":0,"event_name":"Upgrade Shrine","floor":14,"gold_loss":0,"cards_upgraded":["Hello World"]},{"damage_healed":0,"gold_gain":0,"player_choice":"Traded Relic","damage_taken":0,"relics_obtained":["Nloth\u0027s Gift"],"max_hp_gain":0,"max_hp_loss":0,"event_name":"N\u0027loth","floor":22,"relics_lost":["Blood Vial"],"gold_loss":0},{"damage_healed":0,"gold_gain":0,"player_choice":"Memory 1","damage_taken":0,"max_hp_gain":0,"max_hp_loss":0,"event_name":"SensoryStone","floor":36,"gold_loss":0},{"cards_removed":["Compile Driver"],"damage_healed":0,"gold_gain":0,"player_choice":"Removed Attack","damage_taken":0,"max_hp_gain":0,"max_hp_loss":0,"event_name":"Falling","floor":38,"gold_loss":0},{"damage_healed":0,"gold_gain":0,"player_choice":"Fight","damage_taken":0,"max_hp_gain":0,"max_hp_loss":0,"event_name":"Mysterious Sphere","floor":41,"gold_loss":0}],"is_beta":false,"boss_relics":[{"not_picked":["Snecko Eye","Philosopher\u0027s Stone"],"picked":"Cursed Key"},{"not_picked":["Fusion Hammer","Nuclear Battery"],"picked":"Lizard Tail"}],"items_purged_floors":[21,39],"is_endless":false,"potions_floor_spawned":[1,5,6,12,16,24,27,29,33,35,41],"killed_by":"Reptomancer","ascension_level":4}