{"gold_per_floor":[114,114,127,142,32,367,367,397,397,397,410,426,501,518,518,613,613,633,633,7,7,106,106,139,155,155,155,170,189,206,206],"floor_reached":31,"playtime":4381,"items_purged":["Berserk"],"score":267,"play_id":"7fed94f2-4682-40d2-918b-c238246c76fa","local_time":"20190616132456","is_ascension_mode":false,"campfire_choices":[{"data":"Armaments","floor":7,"key":"SMITH"},{"floor":10,"key":"REST"},{"floor":15,"key":"REST"},{"data":"Thinking Ahead","floor":23,"key":"SMITH"},{"floor":27,"key":"REST"}],"neow_cost":"NONE","seed_source_timestamp":304065450600,"circlet_count":0,"master_deck":["Strike_R","Strike_R","Strike_R","Strike_R","Strike_R","Defend_R","Defend_R","Defend_R+1","Defend_R","Bash","Reaper","Pummel","Armaments+1","Thunderclap","Cleave","Discovery+1","Thunderclap","Clash","Searing Blow","Dual Wield","Bludgeon","Headbutt","Armaments+1","Thinking Ahead+1","Armaments","Cleave+1","Infernal Blade+1","Flex+1","Clothesline","True Grit+1"],"relics":["Burning Blood","Old Coin","WingedGreaves","Ginger","Black Star","MealTicket","War Paint","Mercury Hourglass","Dream Catcher","Shuriken","Frozen Egg 2"],"potions_floor_usage":[6,16,16,31,31,31],"damage_taken":[{"damage":1,"enemies":"Jaw Worm","floor":1,"turns":5},{"damage":1,"enemies":"Cultist","floor":3,"turns":3},{"damage":7,"enemies":"2 Louse","floor":4,"turns":3},{"damage":36,"enemies":"3 Sentries","floor":6,"turns":6},{"damage":35,"enemies":"Lagavulin","floor":8,"turns":11},{"damage":4,"enemies":"Blue Slaver","floor":11,"turns":3},{"damage":4,"enemies":"Exordium Thugs","floor":12,"turns":4},{"damage":27,"enemies":"Exordium Wildlife","floor":14,"turns":4},{"damage":79,"enemies":"Slime Boss","floor":16,"turns":12},{"damage":10,"enemies":"Chosen","floor":18,"turns":4},{"damage":17,"enemies":"Gremlin Leader","floor":24,"turns":5},{"damage":28,"enemies":"Spheric Guardian","floor":25,"turns":6},{"damage":27,"enemies":"Snecko","floor":28,"turns":5},{"damage":16,"enemies":"Snake Plant","floor":29,"turns":4},{"damage":7,"enemies":"3 Cultists","floor":30,"turns":3},{"damage":41,"enemies":"Sentry and Sphere","floor":31,"turns":7}],"seed_played":"1175690572971102529","potions_obtained":[{"floor":3,"key":"PowerPotion"},{"floor":6,"key":"BloodPotion"},{"floor":8,"key":"Regen Potion"},{"floor":14,"key":"SneckoOil"},{"floor":28,"key":"Swift Potion"},{"floor":30,"key":"Poison Potion"}],"is_trial":false,"path_per_floor":["M","?","M","M","$","E","R","E","T","R","M","M","?","M","R","B",null,"M","?","$","T","?","R","E","M","T","R","M","M","M","M"],"character_chosen":"IRONCLAD","items_purchased":["Cleave","Discovery","MealTicket","Thinking Ahead","War Paint"],"campfire_rested":3,"item_purchase_floors":[5,5,20,20,20],"current_hp_per_floor":[80,80,80,80,80,68,68,40,40,64,66,68,57,36,60,21,80,76,76,76,76,76,76,65,43,43,67,50,40,39,0],"gold":206,"neow_bonus":"ONE_RANDOM_RARE_CARD","is_prod":false,"is_daily":false,"chose_seed":false,"campfire_upgraded":2,"win_rate":0.0,"timestamp":1560655496,"path_taken":["M","?","M","?","$","E","R","E","T","R","M","M","?","M","R","BOSS","M","?","?","?","?","R","E","M","T","R","M","?","M","M"],"build_version":"2019-01-23","purchased_purges":1,"victory":false,"max_hp_per_floor":[80,80,80,80,80,80,80,80,80,80,80,80,80,80,80,80,80,80,80,80,80,80,80,80,80,80,80,80,80,80,80],"card_choices":[{"not_picked":["Heavy Blade","Sword Boomerang"],"picked":"Headbutt","floor":1},{"not_picked":["Shrug It Off","Feel No Pain"],"picked":"Armaments","floor":3},{"not_picked":["Hemokinesis","Ghostly Armor"],"picked":"Thunderclap","floor":4},{"not_picked":["Anger","Ghostly Armor"],"picked":"Thunderclap","floor":6},{"not_picked":["Pummel","Body Slam"],"picked":"Clash","floor":8},{"not_picked":["True Grit","Fire Breathing"],"picked":"Searing Blow","floor":11},{"not_picked":["Iron Wave","Bloodletting"],"picked":"Berserk","floor":12},{"not_picked":["Havoc","Wild Strike"],"picked":"Dual Wield","floor":14},{"not_picked":["Berserk","Exhume"],"picked":"Bludgeon","floor":16},{"not_picked":["Sword Boomerang+1","Havoc"],"picked":"Headbutt","floor":18},{"not_picked":["Hemokinesis","Seeing Red"],"picked":"Armaments","floor":24},{"not_picked":["Corruption","Dual Wield+1"],"picked":"Cleave+1","floor":25},{"not_picked":["Warcry+1","Twin Strike+1"],"picked":"Infernal Blade+1","floor":27},{"not_picked":["Rampage","Burning Pact"],"picked":"Flex+1","floor":28},{"not_picked":["Sword Boomerang","Armaments"],"picked":"Clothesline","floor":29},{"not_picked":["Immolate","Clothesline"],"picked":"True Grit+1","floor":30}],"player_experience":38506,"relics_obtained":[{"floor":6,"key":"Old Coin"},{"floor":8,"key":"WingedGreaves"},{"floor":9,"key":"Ginger"},{"floor":21,"key":"Mercury Hourglass"},{"floor":24,"key":"Dream Catcher"},{"floor":24,"key":"Shuriken"},{"floor":26,"key":"Frozen Egg 2"}],"event_choices":[{"damage_healed":0,"gold_gain":0,"cards_transformed":["Headbutt"],"player_choice":"Transformed","damage_taken":0,"max_hp_gain":0,"max_hp_loss":0,"event_name":"Transmorgrifier","floor":2,"gold_loss":0,"cards_obtained":["Pummel"]},{"damage_healed":0,"gold_gain":75,"player_choice":"Gather Gold","damage_taken":11,"max_hp_gain":0,"max_hp_loss":0,"event_name":"World of Goop","floor":13,"gold_loss":0},{"damage_healed":0,"gold_gain":0,"player_choice":"Copied","damage_taken":0,"max_hp_gain":0,"max_hp_loss":0,"event_name":"Duplicator","floor":19,"gold_loss":0,"cards_obtained":["Armaments"]},{"damage_healed":0,"gold_gain":99,"player_choice":"Stole From Cult","damage_taken":0,"max_hp_gain":0,"max_hp_loss":0,"event_name":"Nest","floor":22,"gold_loss":0}],"is_beta":false,"boss_relics":[{"not_picked":["Fusion Hammer","Runic Dome"],"picked":"Black Star"}],"items_purged_floors":[20],"is_endless":false,"potions_floor_spawned":[3,6,8,14,28,30],"killed_by":"Sentry and Sphere","ascension_level":0}