{"gold_per_floor":[117,117,129,141,160,188,188,188,188,188,231,252,276,296,296,389,389,404,428,441,464,464,464,479,503,503,226,226,239,239,239,239,334,334,357,482,546,567,591,591,591,630,630,530,530,548,49,72,72,72],"floor_reached":51,"playtime":3546,"items_purged":["Normality","Doubt"],"score":1194,"play_id":"c10c21db-8687-4d07-8430-e58bbe95cb79","local_time":"20190511102940","is_ascension_mode":true,"campfire_choices":[{"data":"Dash","floor":7,"key":"SMITH"},{"floor":10,"key":"REST"},{"floor":15,"key":"REST"},{"floor":23,"key":"REST"},{"floor":28,"key":"DIG"},{"floor":32,"key":"DIG"},{"floor":40,"key":"REST"},{"floor":49,"key":"DIG"}],"neow_cost":"NONE","seed_source_timestamp":834307642237412,"circlet_count":0,"master_deck":["AscendersBane","Defend_G","Defend_G","Defend_G","Defend_G","Defend_G","Strike_G+1","Strike_G","Strike_G","Strike_G","Strike_G","Survivor","Neutralize+1","Dash+1","Dagger Spray","Backflip","Well Laid Plans","All Out Attack","Leg Sweep","Corpse Explosion","Noxious Fumes","Leg Sweep","Wraith Form v2","Well Laid Plans","Footwork","Footwork","Apotheosis","Noxious Fumes","Dagger Spray+1"],"relics":["Ring of the Snake","Ice Cream","Golden Idol","Shovel","Incense Burner","Fusion Hammer","Sundial","Toy Ornithopter","Blue Candle","Paper Crane","Cursed Key","Turnip","Torii","Pear","Happy Flower","Lee\u0027s Waffle","Blood Vial"],"potions_floor_usage":[6,18,33,37,42,50,50],"damage_taken":[{"damage":0,"enemies":"Jaw Worm","floor":1,"turns":5},{"damage":0,"enemies":"Cultist","floor":3,"turns":5},{"damage":0,"enemies":"2 Louse","floor":4,"turns":4},{"damage":8,"enemies":"Exordium Wildlife","floor":5,"turns":4},{"damage":18,"enemies":"3 Sentries","floor":6,"turns":9},{"damage":24,"enemies":"Gremlin Nob","floor":11,"turns":5},{"damage":0,"enemies":"Gremlin Gang","floor":12,"turns":3},{"damage":1,"enemies":"2 Fungi Beasts","floor":13,"turns":4},{"damage":4,"enemies":"Exordium Thugs","floor":14,"turns":3},{"damage":37,"enemies":"Slime Boss","floor":16,"turns":17},{"damage":0,"enemies":"3 Byrds","floor":18,"turns":4},{"damage":8,"enemies":"Shell Parasite","floor":19,"turns":8},{"damage":3,"enemies":"Cultist and Chosen","floor":20,"turns":7},{"damage":19,"enemies":"Shelled Parasite and Fungi","floor":21,"turns":6},{"damage":2,"enemies":"Centurion and Healer","floor":24,"turns":6},{"damage":13,"enemies":"Cultist and Chosen","floor":25,"turns":7},{"damage":10,"enemies":"Snake Plant","floor":29,"turns":5},{"damage":37,"enemies":"Champ","floor":33,"turns":15},{"damage":13,"enemies":"3 Darklings","floor":35,"turns":3},{"damage":3,"enemies":"Mind Bloom Boss Battle","floor":36,"turns":11},{"damage":9,"enemies":"2 Orb Walkers","floor":37,"turns":5},{"damage":1,"enemies":"Orb Walker","floor":38,"turns":5},{"damage":0,"enemies":"3 Darklings","floor":39,"turns":4},{"damage":27,"enemies":"Reptomancer","floor":42,"turns":10},{"damage":9,"enemies":"4 Shapes","floor":46,"turns":5},{"damage":23,"enemies":"Jaw Worm Horde","floor":48,"turns":4},{"damage":36,"enemies":"Awakened One","floor":50,"turns":17}],"seed_played":"-1120256514123310984","potions_obtained":[{"floor":4,"key":"SkillPotion"},{"floor":11,"key":"Ancient Potion"},{"floor":13,"key":"FearPotion"},{"floor":16,"key":"Block Potion"},{"floor":19,"key":"LiquidBronze"},{"floor":25,"key":"Dexterity Potion"},{"floor":29,"key":"PowerPotion"},{"floor":33,"key":"AttackPotion"},{"floor":42,"key":"Dexterity Potion"},{"floor":46,"key":"SteroidPotion"}],"is_trial":false,"path_per_floor":["M","?","M","M","M","E","R","?","T","R","E","M","M","M","R","B",null,"M","M","M","M","?","R","M","M","T","$","R","M","?","$","R","B",null,"M","?","?","M","M","R","?","E","T","$","?","M","$","M","R","B",null],"character_chosen":"THE_SILENT","items_purchased":["Toy Ornithopter","Lee\u0027s Waffle","Apotheosis","Strength Potion","Noxious Fumes"],"campfire_rested":4,"item_purchase_floors":[27,47,47,47,47],"current_hp_per_floor":[59,59,59,59,51,33,33,33,33,52,28,28,27,23,42,5,51,51,43,40,21,21,40,38,25,25,25,25,15,66,66,66,29,57,44,41,37,36,36,55,55,43,43,43,43,34,83,60,60,36],"gold":72,"neow_bonus":"UPGRADE_CARD","is_prod":false,"is_daily":false,"chose_seed":false,"campfire_upgraded":1,"win_rate":0,"timestamp":1557584980,"path_taken":["M","?","M","?","M","E","R","?","T","R","E","M","M","M","R","BOSS","M","M","M","M","?","R","?","M","T","$","R","M","?","?","R","BOSS","M","?","?","M","M","R","?","E","T","$","?","M","$","?","R","BOSS"],"build_version":"2019-01-23","purchased_purges":2,"victory":true,"max_hp_per_floor":[66,66,66,66,66,66,66,66,66,66,66,66,66,66,66,66,66,66,66,66,66,66,66,66,66,66,66,66,66,66,66,66,66,66,66,66,66,66,66,66,66,76,76,76,76,76,83,83,83,83],"card_choices":[{"not_picked":["Prepared","Reflex","Flying Knee"],"picked":"SKIP","floor":1},{"not_picked":["Catalyst","Acrobatics"],"picked":"Cloak And Dagger","floor":3},{"not_picked":["Bane","Reflex"],"picked":"Dash","floor":4},{"not_picked":["Flying Knee","Dagger Throw"],"picked":"Dagger Spray","floor":5},{"not_picked":["Deadly Poison","Escape Plan"],"picked":"Backflip","floor":6},{"not_picked":["Dodge and Roll","Deflect"],"picked":"Well Laid Plans","floor":11},{"not_picked":["Dodge and Roll","Underhanded Strike"],"picked":"All Out Attack","floor":12},{"not_picked":["Heel Hook","Backflip"],"picked":"Leg Sweep","floor":13},{"not_picked":["Sucker Punch","Prepared"],"picked":"Terror","floor":14},{"not_picked":["Die Die Die","Night Terror"],"picked":"Corpse Explosion","floor":16},{"not_picked":["Heel Hook","Cloak And Dagger","Flying Knee"],"picked":"SKIP","floor":18},{"not_picked":["Poisoned Stab","Sucker Punch","Slice"],"picked":"SKIP","floor":19},{"not_picked":["Bane","Poisoned Stab"],"picked":"Noxious Fumes","floor":20},{"not_picked":["Bane","Distraction","Heel Hook+1"],"picked":"SKIP","floor":21},{"not_picked":["Eviscerate","Finisher"],"picked":"Leg Sweep","floor":24},{"not_picked":["Poisoned Stab","Outmaneuver","Cloak And Dagger"],"picked":"SKIP","floor":25},{"not_picked":["Dodge and Roll","Escape Plan","Bane"],"picked":"SKIP","floor":29},{"not_picked":["A Thousand Cuts","Glass Knife"],"picked":"Wraith Form v2","floor":33},{"not_picked":["Bane","Terror+1"],"picked":"Well Laid Plans","floor":35},{"not_picked":["Dodge and Roll","Quick Slash","Poisoned Stab"],"picked":"SKIP","floor":38},{"not_picked":["Tools of the Trade","Poisoned Stab"],"picked":"Footwork","floor":39},{"not_picked":["Endless Agony+1","Blade Dance","Cloak And Dagger"],"picked":"SKIP","floor":42},{"not_picked":["Deadly Poison","Dodge and Roll"],"picked":"Footwork","floor":46},{"not_picked":["Dodge and Roll","Distraction"],"picked":"Dagger Spray+1","floor":48}],"player_experience":513246,"relics_obtained":[{"floor":6,"key":"Ice Cream"},{"floor":9,"key":"Shovel"},{"floor":11,"key":"Incense Burner"},{"floor":26,"key":"Sundial"},{"floor":28,"key":"Blue Candle"},{"floor":32,"key":"Paper Crane"},{"floor":36,"key":"Turnip"},{"floor":37,"key":"Torii"},{"floor":42,"key":"Pear"},{"floor":43,"key":"Happy Flower"},{"floor":49,"key":"Blood Vial"}],"event_choices":[{"damage_healed":0,"gold_gain":0,"player_choice":"Upgraded","damage_taken":0,"max_hp_gain":0,"max_hp_loss":0,"event_name":"Upgrade Shrine","floor":2,"gold_loss":0,"cards_upgraded":["Strike_G"]},{"damage_healed":0,"gold_gain":0,"player_choice":"Take Wound","damage_taken":0,"relics_obtained":["Golden Idol"],"max_hp_gain":0,"max_hp_loss":0,"event_name":"Golden Idol","floor":8,"gold_loss":0,"cards_obtained":["Injury"]},{"damage_healed":0,"gold_gain":0,"cards_transformed":["Injury"],"player_choice":"Transformed","damage_taken":0,"max_hp_gain":0,"max_hp_loss":0,"event_name":"Transmorgrifier","floor":22,"gold_loss":0,"cards_obtained":["Normality"]},{"cards_removed":["Terror"],"damage_healed":51,"gold_gain":0,"player_choice":"Offered Uncommon","damage_taken":0,"max_hp_gain":0,"max_hp_loss":0,"event_name":"Bonfire Elementals","floor":30,"gold_loss":0},{"damage_healed":0,"gold_gain":0,"player_choice":"Fight","damage_taken":0,"max_hp_gain":0,"max_hp_loss":0,"event_name":"MindBloom","floor":36,"gold_loss":0},{"damage_healed":0,"gold_gain":0,"player_choice":"Fight","damage_taken":0,"max_hp_gain":0,"max_hp_loss":0,"event_name":"Mysterious Sphere","floor":37,"gold_loss":0},{"damage_healed":0,"gold_gain":0,"player_choice":"Ignored","damage_taken":0,"max_hp_gain":0,"max_hp_loss":0,"event_name":"Tomb of Lord Red Mask","floor":41,"gold_loss":0},{"cards_removed":["Cloak And Dagger"],"damage_healed":0,"gold_gain":0,"player_choice":"Removed Skill","damage_taken":0,"max_hp_gain":0,"max_hp_loss":0,"event_name":"Falling","floor":45,"gold_loss":0}],"is_beta":false,"boss_relics":[{"not_picked":["Ring of the Serpent","Orrery"],"picked":"Fusion Hammer"},{"not_picked":["Velvet Choker","White Beast Statue"],"picked":"Cursed Key"}],"items_purged_floors":[27,44],"is_endless":false,"potions_floor_spawned":[4,11,13,16,19,25,29,33,42,46,48],"ascension_level":15}