{"gold_per_floor":[114,289,306,358,370,370,383,383,409,56,73,108,126,144,144,218,218,229,229,245,245,261,287,287,298,298,298,333,333],"floor_reached":29,"playtime":1390,"items_purged":["Doubt"],"score":454,"play_id":"4b827bee-b20d-4545-bff1-b1c2ca213bb0","local_time":"20181202232411","is_ascension_mode":true,"campfire_choices":[{"data":"Footwork","floor":6,"key":"SMITH"},{"floor":15,"key":"REST"},{"floor":24,"key":"REST"},{"floor":27,"key":"REST"}],"neow_cost":"NONE","seed_source_timestamp":22303614444568,"circlet_count":0,"master_deck":["AscendersBane","Defend_G+1","Defend_G+1","Defend_G+1","Defend_G+1","Defend_G+1","Strike_G+1","Strike_G+1","Strike_G+1","Strike_G+1","Strike_G+1","Survivor","Neutralize","Catalyst","PiercingWail","Footwork+1","Dash","Backflip","Noxious Fumes","Poisoned Stab","Backflip","Calculated Gamble","Noxious Fumes","Corpse Explosion","Blur","Catalyst","Bouncing Flask+1"],"relics":["Ring of the Snake","Snake Skull","Centennial Puzzle","Blood Vial","Orrery","Vajra","Potion Belt","Sundial","Art of War"],"potions_floor_usage":[12,16,23,29],"damage_taken":[{"damage":0,"enemies":"Small Slimes","floor":1,"turns":5},{"damage":17,"enemies":"Jaw Worm","floor":3,"turns":9},{"damage":5,"enemies":"Cultist","floor":5,"turns":5},{"damage":2,"enemies":"Large Slime","floor":7,"turns":13},{"damage":1,"enemies":"Exordium Thugs","floor":11,"turns":5},{"damage":24,"enemies":"3 Sentries","floor":12,"turns":7},{"damage":6,"enemies":"3 Louse","floor":13,"turns":5},{"damage":1,"enemies":"Red Slaver","floor":14,"turns":5},{"damage":41,"enemies":"Slime Boss","floor":16,"turns":11},{"damage":8,"enemies":"Spheric Guardian","floor":18,"turns":6},{"damage":11,"enemies":"3 Byrds","floor":20,"turns":4},{"damage":18,"enemies":"Snake Plant","floor":22,"turns":7},{"damage":15,"enemies":"Gremlin Leader","floor":23,"turns":7},{"damage":1,"enemies":"Centurion and Healer","floor":25,"turns":4},{"damage":52,"enemies":"Book of Stabbing","floor":28,"turns":8},{"damage":18,"enemies":"Snecko","floor":29,"turns":2}],"seed_played":"1635673604453063671","potions_obtained":[{"floor":7,"key":"PowerPotion"},{"floor":13,"key":"SpeedPotion"},{"floor":16,"key":"FearPotion"},{"floor":18,"key":"AttackPotion"},{"floor":23,"key":"Poison Potion"}],"is_trial":false,"path_per_floor":["M","?","M","T","M","R","M","?","T","$","M","E","M","M","R","B",null,"M","?","M","?","M","E","R","M","T","R","E","M"],"character_chosen":"THE_SILENT","items_purchased":["Noxious Fumes","Poisoned Stab","Regen Potion","Backflip","Calculated Gamble"],"campfire_rested":3,"item_purchase_floors":[10,10,10,10,10],"current_hp_per_floor":[65,65,48,48,43,43,41,41,41,41,40,31,27,28,49,10,57,51,51,42,42,26,13,34,35,35,56,6,0],"gold":333,"neow_bonus":"TEN_PERCENT_HP_BONUS","is_prod":false,"is_daily":false,"chose_seed":false,"campfire_upgraded":1,"win_rate":0,"timestamp":1543803851,"path_taken":["M","?","M","?","M","R","M","?","T","$","M","E","M","?","R","BOSS","M","?","M","?","?","E","R","M","T","R","E","M"],"build_version":"2018-11-15","purchased_purges":1,"victory":false,"max_hp_per_floor":[72,72,72,72,72,72,72,72,72,72,72,72,72,72,72,72,72,72,72,72,72,72,72,72,72,72,72,72,72],"card_choices":[{"not_picked":["Cloak And Dagger","Sucker Punch"],"picked":"Catalyst","floor":1},{"not_picked":["Blur","Bane"],"picked":"PiercingWail","floor":3},{"not_picked":["Choke","Quick Slash"],"picked":"Footwork","floor":5},{"not_picked":["Outmaneuver","Backstab"],"picked":"Dash","floor":7},{"not_picked":["Skewer","Concentrate"],"picked":"Noxious Fumes","floor":11},{"not_picked":["Underhanded Strike","Prepared","Riddle With Holes"],"picked":"SKIP","floor":12},{"not_picked":["Setup","Dagger Spray","Bane"],"picked":"SKIP","floor":13},{"not_picked":["Dagger Throw","Outmaneuver","Flying Knee"],"picked":"SKIP","floor":14},{"not_picked":["After Image","Night Terror"],"picked":"Corpse Explosion","floor":16},{"not_picked":["Backflip","Bane"],"picked":"Blur","floor":17},{"not_picked":["Bane","Deadly Poison"],"picked":"Catalyst","floor":18},{"not_picked":["Eviscerate","Bane","Underhanded Strike+1"],"picked":"SKIP","floor":20},{"not_picked":["Underhanded Strike","PiercingWail+1","Choke+1"],"picked":"SKIP","floor":22},{"not_picked":["All Out Attack","Prepared","Dagger Throw+1"],"picked":"SKIP","floor":23},{"not_picked":["Predator","Storm of Steel"],"picked":"Bouncing Flask+1","floor":25},{"not_picked":["Riddle With Holes","Dash","Outmaneuver+1"],"picked":"SKIP","floor":28}],"player_experience":475398,"relics_obtained":[{"floor":4,"key":"Snake Skull"},{"floor":9,"key":"Centennial Puzzle"},{"floor":12,"key":"Blood Vial"},{"floor":23,"key":"Potion Belt"},{"floor":26,"key":"Sundial"},{"floor":28,"key":"Art of War"}],"event_choices":[{"damage_healed":0,"gold_gain":175,"player_choice":"AGREE","damage_taken":0,"max_hp_gain":0,"max_hp_loss":0,"event_name":"Liars Game","floor":2,"gold_loss":0,"cards_obtained":["Doubt"]},{"damage_healed":0,"gold_gain":0,"player_choice":"1 cards matched","damage_taken":0,"max_hp_gain":0,"max_hp_loss":0,"event_name":"Match and Keep!","floor":8,"gold_loss":0,"cards_obtained":["Backflip"]},{"damage_healed":0,"gold_gain":0,"player_choice":"Simplicity","damage_taken":0,"max_hp_gain":0,"max_hp_loss":0,"event_name":"Back to Basics","floor":19,"gold_loss":0,"cards_upgraded":["Defend_G","Defend_G","Defend_G","Defend_G","Defend_G","Strike_G","Strike_G","Strike_G","Strike_G","Strike_G"]},{"damage_healed":0,"gold_gain":0,"player_choice":"Gave Potion","damage_taken":0,"relics_obtained":["Vajra"],"max_hp_gain":0,"max_hp_loss":0,"event_name":"WeMeetAgain","floor":21,"gold_loss":0}],"is_beta":false,"boss_relics":[{"not_picked":["Empty Cage","WristBlade"],"picked":"Orrery"}],"items_purged_floors":[10],"is_endless":false,"potions_floor_spawned":[7,13,14,16,18,23],"killed_by":"Snecko","ascension_level":14}