{"gold_per_floor":[114,124,124,138,158,158,178,213,237,162,162,162],"floor_reached":12,"playtime":688,"items_purged":["Strike_G"],"score":152,"play_id":"836cd671-7608-4fc0-a291-556420ef8f90","local_time":"20190606130813","is_ascension_mode":true,"campfire_choices":[{"floor":6,"key":"REST"},{"floor":11,"key":"REST"}],"neow_cost":"NONE","seed_source_timestamp":1935045546266952,"circlet_count":0,"master_deck":["AscendersBane","Defend_G","Defend_G","Defend_G","Defend_G","Defend_G","Strike_G","Strike_G","Strike_G","Strike_G","Survivor","Neutralize","Predator","Dagger Spray","Escape Plan","Footwork","Deadly Poison","Backstab"],"relics":["Ring of the Snake","FossilizedHelix","Vajra"],"potions_floor_usage":[8,8],"damage_taken":[{"damage":8,"enemies":"Cultist","floor":1,"turns":6},{"damage":0,"enemies":"Jaw Worm","floor":2,"turns":4},{"damage":1,"enemies":"2 Louse","floor":4,"turns":2},{"damage":16,"enemies":"Red Slaver","floor":5,"turns":5},{"damage":0,"enemies":"Large Slime","floor":7,"turns":7},{"damage":34,"enemies":"Lagavulin","floor":8,"turns":8},{"damage":49,"enemies":"Gremlin Nob","floor":12,"turns":4}],"seed_played":"-1528071049639349701","potions_obtained":[{"floor":2,"key":"Weak Potion"},{"floor":7,"key":"Energy Potion"}],"is_trial":false,"path_per_floor":["M","M","?","M","M","R","M","E","T","$","R","E"],"character_chosen":"THE_SILENT","items_purchased":[],"campfire_rested":2,"item_purchase_floors":[],"current_hp_per_floor":[57,57,53,52,36,57,57,23,23,23,44,0],"gold":162,"neow_bonus":"TEN_PERCENT_HP_BONUS","is_prod":false,"is_daily":false,"chose_seed":false,"campfire_upgraded":0,"win_rate":0,"timestamp":1559840893,"path_taken":["M","?","?","M","?","R","?","E","T","$","R","E"],"build_version":"2019-01-23","purchased_purges":1,"victory":false,"max_hp_per_floor":[72,72,72,72,72,72,72,72,72,72,72,72],"card_choices":[{"not_picked":["Poisoned Stab","Backflip"],"picked":"Predator","floor":1},{"not_picked":["Prepared","Endless Agony"],"picked":"Dagger Spray","floor":2},{"not_picked":["Endless Agony","Bane"],"picked":"Escape Plan","floor":4},{"not_picked":["Leg Sweep","Masterful Stab"],"picked":"Footwork","floor":5},{"not_picked":["Blade Dance","Predator"],"picked":"Deadly Poison","floor":7},{"not_picked":["Slice","Tools of the Trade"],"picked":"Backstab","floor":8}],"player_experience":805476,"relics_obtained":[{"floor":8,"key":"FossilizedHelix"},{"floor":9,"key":"Vajra"}],"event_choices":[{"damage_healed":0,"gold_gain":0,"player_choice":"Bought 0 Potions","damage_taken":0,"max_hp_gain":0,"max_hp_loss":0,"event_name":"The Woman in Blue","floor":3,"gold_loss":0}],"is_beta":false,"boss_relics":[],"items_purged_floors":[10],"is_endless":false,"potions_floor_spawned":[2,7],"killed_by":"Gremlin Nob","ascension_level":18}