{"gold_per_floor":[110,110,124,142,152,182,182,214,214,214,237,237,237,253,253,373,373,393,318,78,78,89,89],"floor_reached":23,"playtime":1206,"items_purged":["Injury"],"score":241,"play_id":"1cc45a9a-44c8-4a9e-8197-c2df3542b25c","local_time":"20190411190435","is_ascension_mode":true,"campfire_choices":[{"floor":7,"key":"REST"},{"floor":13,"key":"REST"},{"data":"Coolheaded","floor":15,"key":"SMITH"}],"neow_cost":"NONE","seed_source_timestamp":27803413751429,"circlet_count":0,"master_deck":["Strike_B","Strike_B","Strike_B","Strike_B","Defend_B","Defend_B","Defend_B","Defend_B","Zap","Dualcast","Go for the Eyes","Reinforced Body","Gash","Chill","Hologram","Coolheaded+1","Hologram+1","Reinforced Body+1","Creative AI","Compile Driver","Compile Driver"],"relics":["Cracked Core","Oddly Smooth Stone","Pen Nib","Bottled Flame","Shuriken","Toxic Egg 2","Bloody Idol","Fusion Hammer","Cables"],"potions_floor_usage":[8,16,23,23,23,23],"damage_taken":[{"damage":0,"enemies":"Small Slimes","floor":1,"turns":3},{"damage":6,"enemies":"2 Louse","floor":3,"turns":2},{"damage":2,"enemies":"Cultist","floor":4,"turns":4},{"damage":2,"enemies":"Red Slaver","floor":5,"turns":4},{"damage":32,"enemies":"3 Sentries","floor":6,"turns":8},{"damage":21,"enemies":"Gremlin Nob","floor":8,"turns":5},{"damage":0,"enemies":"Looter","floor":11,"turns":3},{"damage":4,"enemies":"Exordium Wildlife","floor":14,"turns":2},{"damage":28,"enemies":"Slime Boss","floor":16,"turns":13},{"damage":12,"enemies":"Shell Parasite","floor":18,"turns":7},{"damage":12,"enemies":"3 Byrds","floor":22,"turns":7},{"damage":69,"enemies":"Gremlin Leader","floor":23,"turns":5}],"seed_played":"-5493307874748591272","potions_obtained":[{"floor":4,"key":"EssenceOfSteel"},{"floor":6,"key":"SpeedPotion"},{"floor":8,"key":"Block Potion"},{"floor":14,"key":"LiquidBronze"},{"floor":22,"key":"EntropicBrew"}],"is_trial":false,"path_per_floor":["M","?","M","M","M","E","R","E","T","?","M","?","R","M","R","B",null,"M","$","$","?","M","E"],"character_chosen":"DEFECT","items_purchased":["Cables"],"campfire_rested":2,"item_purchase_floors":[20],"current_hp_per_floor":[75,72,66,64,62,30,52,31,31,31,31,31,53,49,49,21,75,63,63,63,63,56,0],"gold":89,"neow_bonus":"RANDOM_COMMON_RELIC","is_prod":false,"is_daily":false,"chose_seed":false,"campfire_upgraded":1,"win_rate":0,"timestamp":1555023875,"path_taken":["M","?","M","M","M","E","R","E","T","?","M","?","R","?","R","BOSS","M","?","$","?","M","E"],"build_version":"2019-01-23","purchased_purges":1,"victory":false,"max_hp_per_floor":[75,75,75,75,75,75,75,75,75,75,75,75,75,75,75,75,75,75,75,75,75,75,75],"card_choices":[{"not_picked":["Streamline","Capacitor"],"picked":"Go for the Eyes","floor":1},{"not_picked":["Recycle","Sweeping Beam"],"picked":"Reinforced Body","floor":3},{"not_picked":["Tempest","Streamline"],"picked":"Gash","floor":4},{"not_picked":["Barrage","Rip and Tear"],"picked":"Chill","floor":5},{"not_picked":["Meteor Strike","Steam"],"picked":"Hologram","floor":6},{"not_picked":["FTL","Machine Learning"],"picked":"Coolheaded","floor":8},{"not_picked":["Streamline","Hello World"],"picked":"Hologram+1","floor":11},{"not_picked":["Aggregate+1","Steam+1"],"picked":"Reinforced Body+1","floor":14},{"not_picked":["Meteor Strike","Electrodynamics"],"picked":"Creative AI","floor":16},{"not_picked":["Double Energy+1","Genetic Algorithm+1"],"picked":"Compile Driver","floor":18},{"not_picked":["Melter","Sweeping Beam"],"picked":"Compile Driver","floor":22}],"player_experience":456005,"relics_obtained":[{"floor":6,"key":"Bottled Flame"},{"floor":8,"key":"Shuriken"},{"floor":9,"key":"Toxic Egg 2"}],"event_choices":[{"damage_healed":0,"gold_gain":0,"player_choice":"Success","damage_taken":3,"relics_obtained":["Pen Nib"],"max_hp_gain":0,"max_hp_loss":0,"event_name":"Scrap Ooze","floor":2,"gold_loss":0},{"damage_healed":0,"gold_gain":0,"player_choice":"Take Wound","damage_taken":0,"relics_obtained":["Golden Idol"],"max_hp_gain":0,"max_hp_loss":0,"event_name":"Golden Idol","floor":10,"gold_loss":0,"cards_obtained":["Injury"]},{"damage_healed":0,"gold_gain":0,"player_choice":"Bought 0 Potions","damage_taken":0,"max_hp_gain":0,"max_hp_loss":0,"event_name":"The Woman in Blue","floor":12,"gold_loss":0},{"damage_healed":0,"gold_gain":0,"player_choice":"Gave Idol","damage_taken":0,"relics_obtained":["Bloody Idol"],"max_hp_gain":0,"max_hp_loss":0,"event_name":"Forgotten Altar","floor":21,"relics_lost":["Golden Idol"],"gold_loss":0}],"is_beta":false,"boss_relics":[{"not_picked":["Snecko Eye","Lizard Tail"],"picked":"Fusion Hammer"}],"items_purged_floors":[19],"is_endless":false,"potions_floor_spawned":[4,6,8,14,22],"killed_by":"Gremlin Leader","ascension_level":4}