{"gold_per_floor":[110,124,124,139,89,89,104,136,136,136,0,0,33,33,33,136,136,154,154,170,130,145,145,178,178,178,188,188,221,71,88,88,191,191,203,251,4,21,21,55,55,89,89,100,127,127,142,160,160,160,160,160,11,39,39],"floor_reached":55,"playtime":3965,"items_purged":[],"score":1245,"play_id":"fffad2b8-b239-4df4-9c70-e0a738b6972e","local_time":"20190622165808","is_ascension_mode":true,"campfire_choices":[{"data":"Bash","floor":6.0,"key":"SMITH"},{"data":"Iron Wave","floor":10.0,"key":"SMITH"},{"floor":12.0,"key":"REST"},{"data":"Inflame","floor":15.0,"key":"SMITH"},{"floor":23.0,"key":"REST"},{"floor":25.0,"key":"REST"},{"floor":28.0,"key":"REST"},{"data":"Seeing Red","floor":32.0,"key":"SMITH"},{"data":"Armaments","floor":41.0,"key":"SMITH"},{"data":"Shockwave","floor":46.0,"key":"SMITH"},{"floor":49.0,"key":"RECALL"},{"data":"Whirlwind","floor":52.0,"key":"SMITH"}],"neow_cost":"NONE","seed_source_timestamp":0,"circlet_count":0,"master_deck":["AscendersBane","Strike_R","Strike_R","Defend_R","Defend_R","Bash+1","Inflame+1","Metallicize","Iron Wave+1","Evolve","Shrug It Off","Heavy Blade+1","Reaper","Pommel Strike","Demon Form+1","Battle Trance+1","Flame Barrier+1","Pummel+1","Cleave","Shockwave+1","Pommel Strike","Ghostly Armor","Seeing Red+1","Whirlwind+1","Armaments+1","Reaper","Cleave+1","Demon Form+1","Parasite","Inflame+1","True Grit+1","Impervious"],"special_seed":0,"relics":["Burning Blood","Pen Nib","Vajra","Gremlin Horn","Astrolabe","Calipers","Magic Flower","FossilizedHelix","Anchor","Busted Crown","Torii","Shuriken","Frozen Egg 2","Red Skull","Omamori","Mummified Hand"],"potions_floor_usage":[54,54,55],"damage_taken":[{"damage":7.0,"enemies":"2 Louse","floor":1.0,"turns":3.0},{"damage":3.0,"enemies":"Cultist","floor":2.0,"turns":4.0},{"damage":1.0,"enemies":"Small Slimes","floor":4.0,"turns":4.0},{"damage":24.0,"enemies":"3 Louse","floor":7.0,"turns":5.0},{"damage":25.0,"enemies":"Gremlin Nob","floor":8.0,"turns":5.0},{"damage":19.0,"enemies":"3 Sentries","floor":13.0,"turns":8.0},{"damage":28.0,"enemies":"Slime Boss","floor":16.0,"turns":9.0},{"damage":16.0,"enemies":"Shell Parasite","floor":18.0,"turns":4.0},{"damage":28.0,"enemies":"2 Thieves","floor":20.0,"turns":5.0},{"damage":18.0,"enemies":"Centurion and Healer","floor":22.0,"turns":5.0},{"damage":44.0,"enemies":"Book of Stabbing","floor":24.0,"turns":6.0},{"damage":35.0,"enemies":"Cultist and Chosen","floor":27.0,"turns":8.0},{"damage":12.0,"enemies":"Gremlin Leader","floor":29.0,"turns":5.0},{"damage":6.0,"enemies":"Chosen and Byrds","floor":31.0,"turns":5.0},{"damage":51.0,"enemies":"Collector","floor":33.0,"turns":7.0},{"damage":14.0,"enemies":"Orb Walker","floor":35.0,"turns":5.0},{"damage":32.0,"enemies":"2 Orb Walkers","floor":36.0,"turns":5.0},{"damage":30.0,"enemies":"3 Darklings","floor":38.0,"turns":4.0},{"damage":9.0,"enemies":"Reptomancer","floor":40.0,"turns":5.0},{"damage":31.0,"enemies":"Nemesis","floor":42.0,"turns":5.0},{"damage":52.0,"enemies":"Writhing Mass","floor":44.0,"turns":6.0},{"damage":61.0,"enemies":"Reptomancer","floor":45.0,"turns":6.0},{"damage":27.0,"enemies":"Spire Growth","floor":47.0,"turns":5.0},{"damage":35.0,"enemies":"Maw","floor":48.0,"turns":6.0},{"damage":97.0,"enemies":"Awakened One","floor":50.0,"turns":9.0},{"damage":76,"enemies":"Shield and Spear","floor":54,"turns":5},{"damage":76,"enemies":"The Heart","floor":55,"turns":3}],"seed_played":"-6035182959565915925","potions_obtained":[{"floor":1.0,"key":"Energy Potion"},{"floor":7.0,"key":"Ancient Potion"},{"floor":16.0,"key":"SmokeBomb"},{"floor":18.0,"key":"Dexterity Potion"},{"floor":29.0,"key":"PowerPotion"},{"floor":35.0,"key":"Weak Potion"},{"floor":40.0,"key":"AttackPotion"},{"floor":42.0,"key":"Fire Potion"},{"floor":45.0,"key":"GamblersBrew"},{"floor":54,"key":"AttackPotion"}],"is_trial":false,"path_per_floor":["M","M","?","M","?","R","M","E","T","R","$","R","E","?","R","B",null,"M","?","M","?","M","R","E","R","T","M","R","E","$","M","R","B",null,"M","?","$","M","?","E","R","E","T","M","E","R","M","M","R","B",null,"R","$","E","B"],"character_chosen":"IRONCLAD","items_purchased":["Reaper","Anchor","Shuriken","GamblersBrew","GamblersBrew"],"campfire_rested":4,"item_purchase_floors":[11,30,37,53,53],"current_hp_per_floor":[71,74,74,79,79,79,61,42,42,42,42,66,67,67,67,61,75,65,65,52,52,40,64,27,51,51,49,73,80,80,80,80,38,70,80,80,80,80,80,80,80,58,58,64,78,78,80,80,80,45,71,71,71,46,0],"gold":39,"neow_bonus":"THREE_CARDS","is_prod":false,"is_daily":false,"chose_seed":false,"campfire_upgraded":7,"win_rate":0,"timestamp":1561247888,"path_taken":["M","M","?","?","?","R","M","E","T","R","$","R","E","?","R","BOSS","M","?","M","?","M","R","E","R","T","?","R","E","?","M","R","BOSS","M","?","$","M","?","E","R","E","T","M","E","R","M","?","R","BOSS","R","$","E","BOSS"],"build_version":"2019-01-23","purchased_purges":0,"victory":false,"max_hp_per_floor":[80,80,80,80,80,80,80,80,80,80,80,80,80,80,80,80,80,80,80,80,80,80,80,80,80,80,80,80,80,80,80,80,80,80,80,80,80,80,80,80,80,80,80,80,80,80,80,80,80,80,80,80,80,80,80],"card_choices":[{"not_picked":["Clothesline","Iron Wave"],"picked":"Inflame","floor":0.0},{"not_picked":["Armaments","True Grit"],"picked":"Metallicize","floor":1.0},{"not_picked":["Twin Strike","Flex"],"picked":"Iron Wave","floor":2.0},{"not_picked":["Bloodletting","Wild Strike"],"picked":"Evolve","floor":4.0},{"not_picked":["Pummel","Heavy Blade"],"picked":"Shrug It Off","floor":7.0},{"not_picked":["Infernal Blade","Dual Wield"],"picked":"Heavy Blade","floor":8.0},{"not_picked":["Blood for Blood","Twin Strike"],"picked":"Pommel Strike","floor":13.0},{"not_picked":["Immolate","Double Tap"],"picked":"Demon Form","floor":16.0},{"not_picked":["Clash","Heavy Blade+1"],"picked":"Cleave","floor":18.0},{"not_picked":["Shrug It Off","Uppercut"],"picked":"Shockwave","floor":20.0},{"not_picked":["Perfected Strike","Flex+1"],"picked":"Pommel Strike","floor":22.0},{"not_picked":["Barricade","Blood for Blood"],"picked":"Ghostly Armor","floor":24.0},{"not_picked":["Thunderclap","Twin Strike"],"picked":"Seeing Red","floor":27.0},{"not_picked":["Havoc","Hemokinesis"],"picked":"Whirlwind","floor":29.0},{"not_picked":["Evolve","Perfected Strike"],"picked":"Armaments","floor":31.0},{"not_picked":["Juggernaut","Demon Form"],"picked":"Reaper","floor":33.0},{"not_picked":["Pommel Strike"],"picked":"SKIP","floor":35.0},{"not_picked":[],"picked":"Cleave+1","floor":38.0},{"not_picked":[],"picked":"Demon Form","floor":40.0},{"not_picked":["Shrug It Off"],"picked":"SKIP","floor":42.0},{"not_picked":[],"picked":"Inflame+1","floor":44.0},{"not_picked":[],"picked":"True Grit+1","floor":45.0},{"not_picked":["Armaments"],"picked":"SKIP","floor":47.0},{"not_picked":["Pommel Strike"],"picked":"SKIP","floor":48.0},{"not_picked":[],"picked":"Impervious","floor":54}],"player_experience":290541,"relics_obtained":[{"floor":8.0,"key":"Pen Nib"},{"floor":9.0,"key":"Vajra"},{"floor":13.0,"key":"Gremlin Horn"},{"floor":24.0,"key":"Calipers"},{"floor":26.0,"key":"Magic Flower"},{"floor":29.0,"key":"FossilizedHelix"},{"floor":36.0,"key":"Torii"},{"floor":40.0,"key":"Frozen Egg 2"},{"floor":42.0,"key":"Red Skull"},{"floor":45.0,"key":"Omamori"},{"floor":54,"key":"Mummified Hand"}],"event_choices":[{"cards_removed":["Defend_R"],"damage_healed":0.0,"max_hp_gain":0.0,"max_hp_loss":0.0,"gold_gain":0.0,"event_name":"Purifier","player_choice":"Purged","floor":3.0,"gold_loss":0.0,"damage_taken":0.0},{"cards_removed":["Strike_R"],"damage_healed":0.0,"max_hp_gain":0.0,"max_hp_loss":0.0,"gold_gain":0.0,"event_name":"The Cleric","player_choice":"Card Removal","floor":5.0,"gold_loss":50.0,"damage_taken":0.0},{"damage_healed":0.0,"max_hp_gain":0.0,"max_hp_loss":0.0,"gold_gain":0.0,"event_name":"Living Wall","player_choice":"Grow","floor":14.0,"gold_loss":0.0,"damage_taken":0.0,"cards_upgraded":["Heavy Blade"]},{"damage_healed":0.0,"max_hp_gain":0.0,"max_hp_loss":0.0,"gold_gain":0.0,"event_name":"Ghosts","player_choice":"Ignored","floor":19.0,"gold_loss":0.0,"damage_taken":0.0},{"damage_healed":0.0,"max_hp_gain":0.0,"max_hp_loss":0.0,"gold_gain":0.0,"event_name":"Designer","player_choice":"Upgrade","floor":21.0,"gold_loss":40.0,"damage_taken":0.0,"cards_upgraded":["Demon Form"]},{"damage_healed":0.0,"max_hp_gain":0.0,"max_hp_loss":0.0,"gold_gain":0.0,"event_name":"Mysterious Sphere","player_choice":"Fight","floor":36.0,"gold_loss":0.0,"damage_taken":0.0},{"damage_healed":0.0,"max_hp_gain":0.0,"max_hp_loss":0.0,"gold_gain":0.0,"event_name":"SecretPortal","player_choice":"Ignored","floor":39.0,"gold_loss":0.0,"damage_taken":0.0}],"is_beta":false,"boss_relics":[{"not_picked":["Tiny House","Velvet Choker"],"picked":"Astrolabe"},{"not_picked":["Pandora\u0027s Box","White Beast Statue"],"picked":"Busted Crown"}],"items_purged_floors":[],"is_endless":false,"potions_floor_spawned":[1,7,16,18,22,29,35,40,42,45,47,54],"killed_by":"The Heart","ascension_level":12}