{"gold_per_floor":[118,131,143,157,157,157,486,503,557,149,169,189,203,220,220,299,299,311,361,232,232,251,251],"floor_reached":23,"playtime":1294,"items_purged":["Strike_G","Strike_G"],"score":394,"play_id":"97179b18-cd56-43d6-92d3-a207e81a0a79","local_time":"20190103142211","is_ascension_mode":true,"campfire_choices":[{"data":"Poisoned Stab","floor":6,"key":"SMITH"},{"data":"Noxious Fumes","floor":15,"key":"SMITH"}],"neow_cost":"NONE","seed_source_timestamp":7700160716388,"circlet_count":0,"master_deck":["AscendersBane","Defend_G","Defend_G","Defend_G","Defend_G","Defend_G","Strike_G","Survivor","Neutralize","Poisoned Stab+1","Predator","PiercingWail","Endless Agony","Blur","Deadly Poison","Noxious Fumes+1","Backflip","Backflip","Malaise","Footwork","Dodge and Roll","Night Terror","Corpse Explosion"],"relics":["Ring of the Snake","NeowsBlessing","Old Coin","Strawberry","Art of War","Black Star"],"potions_floor_usage":[7,12,16,23,23],"damage_taken":[{"damage":0,"enemies":"2 Louse","floor":1,"turns":1},{"damage":0,"enemies":"Jaw Worm","floor":2,"turns":1},{"damage":0,"enemies":"Cultist","floor":3,"turns":1},{"damage":8,"enemies":"Blue Slaver","floor":4,"turns":5},{"damage":20,"enemies":"3 Sentries","floor":7,"turns":7},{"damage":0,"enemies":"3 Louse","floor":8,"turns":4},{"damage":1,"enemies":"Looter","floor":11,"turns":4},{"damage":0,"enemies":"Exordium Thugs","floor":12,"turns":4},{"damage":0,"enemies":"2 Fungi Beasts","floor":13,"turns":3},{"damage":5,"enemies":"Lots of Slimes","floor":14,"turns":4},{"damage":20,"enemies":"The Guardian","floor":16,"turns":11},{"damage":22,"enemies":"Spheric Guardian","floor":18,"turns":4},{"damage":10,"enemies":"Chosen","floor":22,"turns":5},{"damage":35,"enemies":"Slavers","floor":23,"turns":3}],"seed_played":"-1468867472944217079","potions_obtained":[{"floor":2,"key":"PowerPotion"},{"floor":7,"key":"Dexterity Potion"},{"floor":8,"key":"Block Potion"},{"floor":16,"key":"Dexterity Potion"},{"floor":18,"key":"SkillPotion"}],"is_trial":false,"path_per_floor":["M","M","M","M","?","R","E","M","T","$","M","M","M","M","R","B",null,"M","?","$","?","M","E"],"character_chosen":"THE_SILENT","items_purchased":["Deadly Poison","Noxious Fumes","Backflip","Art of War","Dodge and Roll"],"campfire_rested":0,"item_purchase_floors":[10,10,10,10,20],"current_hp_per_floor":[59,59,59,51,56,56,36,36,43,43,42,42,42,37,37,17,63,41,41,41,41,31,0],"gold":251,"neow_bonus":"THREE_ENEMY_KILL","is_prod":false,"is_daily":false,"chose_seed":false,"campfire_upgraded":2,"win_rate":0,"timestamp":1546536131,"path_taken":["M","M","M","M","?","R","E","M","T","$","M","M","M","M","R","BOSS","M","?","?","?","M","E"],"build_version":"2018-12-20","purchased_purges":2,"victory":false,"max_hp_per_floor":[66,66,66,66,71,71,71,71,78,78,78,78,78,78,78,78,78,78,78,78,78,78,78],"card_choices":[{"not_picked":["Cloak And Dagger","Dagger Throw"],"picked":"Poisoned Stab","floor":1},{"not_picked":["Poisoned Stab","Reflex"],"picked":"Predator","floor":2},{"not_picked":["Dagger Spray","Flying Knee"],"picked":"PiercingWail","floor":3},{"not_picked":["Flechettes","Backflip"],"picked":"Endless Agony","floor":4},{"not_picked":["Poisoned Stab","Backstab"],"picked":"Blur","floor":7},{"not_picked":["Outmaneuver","Tactician","Distraction"],"picked":"SKIP","floor":8},{"not_picked":["Venomology","Deadly Poison"],"picked":"Backflip","floor":11},{"not_picked":["Distraction","Dodge and Roll","Flying Knee"],"picked":"SKIP","floor":12},{"not_picked":["Bouncing Flask","Heel Hook","Flechettes"],"picked":"SKIP","floor":13},{"not_picked":["Deadly Poison","A Thousand Cuts","Bane"],"picked":"SKIP","floor":14},{"not_picked":["Tools of the Trade","Wraith Form v2"],"picked":"Malaise","floor":16},{"not_picked":["PiercingWail","Deadly Poison"],"picked":"Footwork","floor":18},{"not_picked":["Expertise","PiercingWail","Slice"],"picked":"SKIP","floor":22}],"player_experience":680932,"relics_obtained":[{"floor":7,"key":"Old Coin"},{"floor":9,"key":"Strawberry"}],"event_choices":[{"damage_healed":0,"gold_gain":0,"player_choice":"Donut","damage_taken":0,"max_hp_gain":5,"max_hp_loss":0,"event_name":"Big Fish","floor":5,"gold_loss":0},{"damage_healed":0,"gold_gain":50,"player_choice":"Pray","damage_taken":0,"max_hp_gain":0,"max_hp_loss":0,"event_name":"Golden Shrine","floor":19,"gold_loss":0},{"damage_healed":0,"gold_gain":0,"cards_transformed":["Strike_G","Strike_G"],"player_choice":"Became Test Subject","damage_taken":0,"max_hp_gain":0,"max_hp_loss":0,"event_name":"Drug Dealer","floor":21,"gold_loss":0,"cards_obtained":["Night Terror","Corpse Explosion"]}],"is_beta":false,"boss_relics":[{"not_picked":["Pandora\u0027s Box","Empty Cage"],"picked":"Black Star"}],"items_purged_floors":[10,20],"is_endless":false,"potions_floor_spawned":[2,7,8,16,18],"killed_by":"Slavers","ascension_level":20}