{"gold_per_floor":[109,29,47,65,65,65,82,82,107,107,107,126,51,70,70,200,200,189,46,64,163,181,181,181,181,181,181],"floor_reached":27,"playtime":2133,"items_purged":["Strike_G"],"score":305,"play_id":"840f2b8d-8eba-47dd-8a65-911e7f96c0dd","local_time":"20181111023648","is_ascension_mode":true,"campfire_choices":[{"data":"Footwork","floor":6,"key":"SMITH"},{"data":"Neutralize","floor":11,"key":"SMITH"},{"data":"Adrenaline","floor":15,"key":"SMITH"},{"floor":23,"key":"REST"}],"neow_cost":"NONE","seed_source_timestamp":27947779659750,"circlet_count":0,"master_deck":["AscendersBane","Defend_G","Defend_G","Defend_G","Defend_G","Defend_G+1","Strike_G","Survivor","Neutralize+1","Dagger Throw","Underhanded Strike","Footwork+1","Acrobatics","Backflip+1","Adrenaline+1","Well Laid Plans","Deadly Poison","Adrenaline","Dodge and Roll","Dodge and Roll","Acrobatics","Flying Knee","Prepared","Distraction","Noxious Fumes","Blur","Escape Plan","Storm of Steel","Tactician"],"relics":["Ring of the Snake","Bag of Marbles","Golden Idol","Orrery","Snake Skull","Darkstone Periapt"],"potions_floor_usage":[16,16],"damage_taken":[{"damage":0,"enemies":"Cultist","floor":1,"turns":3},{"damage":0,"enemies":"Small Slimes","floor":3,"turns":3},{"damage":0,"enemies":"2 Louse","floor":4,"turns":3},{"damage":0,"enemies":"Blue Slaver","floor":7,"turns":5},{"damage":0,"enemies":"3 Louse","floor":12,"turns":5},{"damage":0,"enemies":"Large Slime","floor":14,"turns":6},{"damage":44,"enemies":"Slime Boss","floor":16,"turns":18},{"damage":22,"enemies":"2 Thieves","floor":18,"turns":4},{"damage":3,"enemies":"Shell Parasite","floor":20,"turns":8},{"damage":22,"enemies":"Chosen and Byrds","floor":22,"turns":9},{"damage":37,"enemies":"Snecko","floor":27,"turns":5}],"seed_played":"8356424284646879929","potions_obtained":[{"floor":1,"key":"LiquidBronze"},{"floor":4,"key":"Regen Potion"},{"floor":14,"key":"GhostInAJar"},{"floor":16,"key":"Dexterity Potion"},{"floor":20,"key":"Explosive Potion"},{"floor":22,"key":"PowerPotion"}],"is_trial":false,"path_per_floor":["M","$","M","M","?","R","M","?","T","?","R","M","$","M","R","B",null,"M","$","M","?","M","R","?","?","T","M"],"character_chosen":"THE_SILENT","items_purchased":["Footwork","Well Laid Plans","Noxious Fumes"],"campfire_rested":1,"item_purchase_floors":[2,13,19],"current_hp_per_floor":[63,63,63,63,63,63,63,49,49,49,49,49,49,49,49,20,54,32,32,29,29,7,26,26,26,26,0],"gold":181,"neow_bonus":"TRANSFORM_CARD","is_prod":false,"is_daily":false,"chose_seed":false,"campfire_upgraded":3,"win_rate":0,"timestamp":1541914608,"path_taken":["M","$","M","M","?","R","M","?","T","?","R","M","?","M","R","BOSS","M","$","M","?","M","R","?","?","T","M"],"build_version":"2018-11-08","purchased_purges":1,"victory":false,"max_hp_per_floor":[70,70,70,70,70,70,70,70,70,65,65,65,65,65,65,65,65,65,65,65,65,65,65,65,65,65,65],"card_choices":[{"not_picked":["Infinite Blades","Choke"],"picked":"Underhanded Strike","floor":1},{"not_picked":["Cloak And Dagger","Dodge and Roll"],"picked":"Acrobatics","floor":3},{"not_picked":["Quick Slash","Slice"],"picked":"Backflip","floor":4},{"not_picked":["Quick Slash","Underhanded Strike","Setup"],"picked":"SKIP","floor":7},{"not_picked":["Underhanded Strike","Quick Slash"],"picked":"Adrenaline","floor":12},{"not_picked":["Well Laid Plans","Dagger Spray"],"picked":"Deadly Poison","floor":14},{"not_picked":["Malaise","Envenom"],"picked":"Adrenaline","floor":16},{"not_picked":["Dagger Spray","Heel Hook"],"picked":"Dodge and Roll","floor":17},{"not_picked":["Quick Slash","Backflip"],"picked":"Dodge and Roll","floor":17},{"not_picked":["Escape Plan","Burst"],"picked":"Acrobatics","floor":17},{"not_picked":["Sucker Punch","PiercingWail"],"picked":"Flying Knee","floor":17},{"not_picked":["Caltrops","Dagger Throw"],"picked":"Prepared","floor":17},{"not_picked":["Cloak And Dagger","Doppelganger"],"picked":"Distraction","floor":18},{"not_picked":["Poisoned Stab","Outmaneuver"],"picked":"Blur","floor":20},{"not_picked":["Endless Agony","Cloak And Dagger"],"picked":"Escape Plan","floor":22}],"player_experience":347412,"relics_obtained":[{"floor":9,"key":"Bag of Marbles"},{"floor":26,"key":"Darkstone Periapt"}],"event_choices":[{"damage_healed":0,"gold_gain":0,"player_choice":"Ignored","damage_taken":0,"max_hp_gain":0,"max_hp_loss":0,"event_name":"Liars Game","floor":5,"gold_loss":0},{"damage_healed":0,"gold_gain":0,"player_choice":"Entered Light","damage_taken":14,"max_hp_gain":0,"max_hp_loss":0,"event_name":"Shining Light","floor":8,"gold_loss":0,"cards_upgraded":["Defend_G","Backflip"]},{"damage_healed":0,"gold_gain":0,"player_choice":"Lose Max HP","damage_taken":0,"relics_obtained":["Golden Idol"],"max_hp_gain":0,"max_hp_loss":5,"event_name":"Golden Idol","floor":10,"gold_loss":0},{"damage_healed":0,"gold_gain":99,"player_choice":"Stole From Cult","damage_taken":0,"max_hp_gain":0,"max_hp_loss":0,"event_name":"Nest","floor":21,"gold_loss":0},{"damage_healed":0,"gold_gain":0,"player_choice":"Opened","damage_taken":0,"relics_obtained":["Snake Skull"],"max_hp_gain":0,"max_hp_loss":0,"event_name":"The Mausoleum","floor":24,"gold_loss":0},{"damage_healed":0,"gold_gain":0,"cards_transformed":["Strike_G","Strike_G"],"player_choice":"Became Test Subject","damage_taken":0,"max_hp_gain":0,"max_hp_loss":0,"event_name":"Drug Dealer","floor":25,"gold_loss":0,"cards_obtained":["Storm of Steel","Tactician"]}],"is_beta":false,"boss_relics":[{"not_picked":["Pandora\u0027s Box","Astrolabe"],"picked":"Orrery"}],"items_purged_floors":[19],"is_endless":false,"potions_floor_spawned":[1,4,14,16,20,22],"killed_by":"Snecko","ascension_level":10}