{"gold_per_floor":[115,290,302,314,389,423,423,423,423,441,441,458,458],"floor_reached":13,"playtime":320,"items_purged":[],"score":102,"play_id":"ea377703-74e9-4a8e-9323-f46b6698437b","local_time":"20180922001533","is_ascension_mode":true,"campfire_choices":[{"floor":7,"key":"REST"},{"floor":11,"key":"REST"}],"neow_cost":"","seed_source_timestamp":642640150330217,"circlet_count":0,"master_deck":["Strike_B","Strike_B","Strike_B","Strike_B","Defend_B","Defend_B","Defend_B","Defend_B","Zap","Dualcast","Sunder","Doubt","Redo","White Noise","Hello World","Pain","Coolheaded","Leap"],"relics":["Cracked Core","Incense Burner","WarpedTongs","Sundial"],"potions_floor_usage":[6],"damage_taken":[{"damage":0,"enemies":"Small Slimes","floor":1,"turns":2},{"damage":1,"enemies":"Cultist","floor":3,"turns":3},{"damage":12,"enemies":"Jaw Worm","floor":4,"turns":3},{"damage":30,"enemies":"3 Sentries","floor":6,"turns":7},{"damage":18,"enemies":"Looter","floor":10,"turns":4},{"damage":3,"enemies":"2 Fungi Beasts","floor":12,"turns":2},{"damage":44,"enemies":"Gremlin Nob","floor":13,"turns":5}],"seed_played":"-762521747061532021","potions_obtained":[{"floor":1,"key":"AttackPotion"},{"floor":6,"key":"Ancient Potion"}],"is_trial":false,"path_per_floor":["M","?","M","M","?","E","R","?","T","M","R","M"],"character_chosen":"DEFECT","items_purchased":[],"campfire_rested":2,"item_purchase_floors":[],"current_hp_per_floor":[75,75,74,62,51,21,43,43,43,25,47,44,0],"gold":458,"neow_bonus":"","is_prod":false,"is_daily":false,"chose_seed":false,"campfire_upgraded":0,"win_rate":0,"timestamp":1537589733,"path_taken":["M","?","?","M","?","E","R","?","T","M","R","?","E"],"build_version":"2018-09-20","purchased_purges":0,"victory":false,"max_hp_per_floor":[75,75,75,75,75,75,75,75,75,75,75,75,75],"card_choices":[{"not_picked":["Barrage","Aggregate"],"picked":"Sunder","floor":1},{"not_picked":["Double Energy","Steam"],"picked":"Redo","floor":3},{"not_picked":["Steam","Sunder"],"picked":"White Noise","floor":4},{"not_picked":["Doom and Gloom","Stack"],"picked":"Hello World","floor":6},{"not_picked":["Beam Cell","Reinforced Body"],"picked":"Coolheaded","floor":10},{"not_picked":["Sweeping Beam","Beam Cell"],"picked":"Leap","floor":12}],"player_experience":174091,"relics_obtained":[{"floor":6,"key":"Incense Burner"},{"floor":9,"key":"Sundial"}],"event_choices":[{"event_name":"Liars Game","player_choice":"agreed","floor":2,"damage_taken":0},{"event_name":"World of Goop","player_choice":"Gather Gold","floor":5,"damage_taken":0},{"event_name":"Accursed Blacksmith","player_choice":"Rummage","floor":8,"damage_taken":0}],"is_beta":false,"boss_relics":[],"items_purged_floors":[],"is_endless":false,"potions_floor_spawned":[1,6],"killed_by":"Gremlin Nob","ascension_level":4}