{"gold_per_floor":[119,135,151,169,169,169,196,9,9,9,23,23,53,64,64,169,169,187,112,112,37,47,47,47],"floor_reached":24,"playtime":1298,"items_purged":["Writhe"],"score":270,"play_id":"3887ab06-5b8c-47dd-a5e5-eddaf272d8c7","local_time":"20190120203827","is_ascension_mode":true,"campfire_choices":[{"data":"Neutralize","floor":6.0,"key":"SMITH"},{"floor":10.0,"key":"REST"},{"data":"Footwork","floor":12.0,"key":"SMITH"},{"data":"Cloak And Dagger","floor":15.0,"key":"SMITH"},{"data":"Cloak And Dagger","floor":23,"key":"SMITH"}],"neow_cost":"NONE","seed_source_timestamp":1010837573136913,"circlet_count":0,"master_deck":["Defend_G","Defend_G","Defend_G","Defend_G","Defend_G","Strike_G","Strike_G","Strike_G","Strike_G","Survivor","Neutralize+1","Acrobatics","Quick Slash","Cloak And Dagger+1","Backflip","Corpse Explosion","Footwork+1","Dash","Poisoned Stab","Burst","Cloak And Dagger+1","Concentrate+1"],"special_seed":0,"relics":["Ring of the Snake","Ninja Scroll","Bag of Preparation","Pear","Kunai","HoveringKite","Centennial Puzzle"],"potions_floor_usage":[24],"damage_taken":[{"damage":0.0,"enemies":"Cultist","floor":1.0,"turns":4.0},{"damage":0.0,"enemies":"Jaw Worm","floor":2.0,"turns":6.0},{"damage":1.0,"enemies":"2 Louse","floor":3.0,"turns":3.0},{"damage":14.0,"enemies":"Large Slime","floor":4.0,"turns":9.0},{"damage":61.0,"enemies":"Lagavulin","floor":7.0,"turns":8.0},{"damage":3.0,"enemies":"Blue Slaver","floor":11.0,"turns":4.0},{"damage":0.0,"enemies":"2 Fungi Beasts","floor":14.0,"turns":2.0},{"damage":18.0,"enemies":"Slime Boss","floor":16.0,"turns":10.0},{"damage":18,"enemies":"Chosen","floor":18,"turns":5},{"damage":0,"enemies":"3 Byrds","floor":22,"turns":2},{"damage":64,"enemies":"Book of Stabbing","floor":24,"turns":11}],"seed_played":"-115631635452479198","potions_obtained":[{"floor":4.0,"key":"Regen Potion"},{"floor":7.0,"key":"Strength Potion"},{"floor":11.0,"key":"EssenceOfSteel"},{"floor":16.0,"key":"SteroidPotion"}],"is_trial":false,"path_per_floor":["M","M","M","M","?","R","E","$","T","R","M","R","?","M","R","B",null,"M","?","?","$","M","R","E"],"character_chosen":"THE_SILENT","items_purchased":["Footwork","Bag of Preparation"],"campfire_rested":1,"item_purchase_floors":[8,8],"current_hp_per_floor":[70,70,69,55,80,80,31,31,41,68,65,65,65,65,65,47,79,61,61,61,61,61,61,0],"gold":47,"neow_bonus":"ONE_RANDOM_RARE_CARD","is_prod":false,"is_daily":false,"chose_seed":false,"campfire_upgraded":4,"win_rate":0,"timestamp":1548034707,"path_taken":["M","M","M","M","?","R","E","$","T","R","?","R","?","M","R","BOSS","M","?","?","$","M","R","E"],"build_version":"2019-01-17v2","purchased_purges":1,"victory":false,"max_hp_per_floor":[70,70,70,70,80,80,80,80,90,90,90,90,90,90,90,90,90,90,90,90,90,90,90,90],"card_choices":[{"not_picked":["Flying Knee","Prepared"],"picked":"Acrobatics","floor":1.0},{"not_picked":["Catalyst","Setup"],"picked":"Quick Slash","floor":2.0},{"not_picked":["All Out Attack","Riddle With Holes"],"picked":"Cloak And Dagger","floor":3.0},{"not_picked":["Reflex","Bane"],"picked":"Backflip","floor":4.0},{"not_picked":["Riddle With Holes","Bane"],"picked":"Corpse Explosion","floor":7.0},{"not_picked":["Prepared","Sucker Punch"],"picked":"Dash","floor":11.0},{"not_picked":["Dodge and Roll","Skewer"],"picked":"Poisoned Stab","floor":14.0},{"not_picked":["Storm of Steel","Malaise"],"picked":"Burst","floor":16.0},{"not_picked":["All Out Attack","Deflect"],"picked":"Cloak And Dagger","floor":18},{"not_picked":["Distraction","Terror"],"picked":"Concentrate+1","floor":22}],"player_experience":148764,"relics_obtained":[{"floor":7.0,"key":"Ninja Scroll"},{"floor":9.0,"key":"Pear"}],"event_choices":[{"cards_removed":["Bullet Time"],"damage_healed":15.0,"max_hp_gain":10.0,"max_hp_loss":0.0,"gold_gain":0.0,"event_name":"Bonfire Elementals","player_choice":"Offered Rare","floor":5.0,"gold_loss":0.0,"damage_taken":0.0},{"damage_healed":0.0,"max_hp_gain":0.0,"max_hp_loss":0.0,"gold_gain":30.0,"event_name":"Dead Adventurer","player_choice":"Searched \u00272\u0027 times","floor":13.0,"gold_loss":0.0,"damage_taken":0.0,"relics_obtained":["Kunai"]},{"cards_removed":["Strike_G"],"damage_healed":0,"gold_gain":0,"player_choice":"Gave Gold","damage_taken":0,"max_hp_gain":0,"max_hp_loss":0,"event_name":"Beggar","floor":19,"gold_loss":75},{"damage_healed":0,"gold_gain":0,"player_choice":"Opened","damage_taken":0,"relics_obtained":["Centennial Puzzle"],"max_hp_gain":0,"max_hp_loss":0,"event_name":"The Mausoleum","floor":20,"gold_loss":0,"cards_obtained":["Writhe"]}],"is_beta":false,"boss_relics":[{"not_picked":["Empty Cage","Pandora\u0027s Box"],"picked":"HoveringKite"}],"items_purged_floors":[21],"is_endless":false,"potions_floor_spawned":[4,7,11,16],"killed_by":"Book of Stabbing","ascension_level":5}