{"gold_per_floor":[115,115,128,53,68,103,103,131,156,182,182,182,200,55,55,55],"floor_reached":16,"playtime":1246,"items_purged":["Doubt"],"score":183,"play_id":"433a44f5-bbe3-4f35-8e1c-0ba895b6ae9c","local_time":"20190611220738","is_ascension_mode":true,"campfire_choices":[{"floor":7.0,"key":"REST"},{"floor":11.0,"key":"REST"},{"floor":15.0,"key":"REST"}],"neow_cost":"CURSE","seed_source_timestamp":0,"circlet_count":0,"master_deck":["AscendersBane","Strike_R","Strike_R","Strike_R","Strike_R","Strike_R","Defend_R","Defend_R","Defend_R","Defend_R","Bash+1","Pummel","Intimidate","Shrug It Off","Cleave","Corruption","Evolve","Infernal Blade","Clothesline","Reaper","Barricade"],"special_seed":0,"relics":["Burning Blood","Pocketwatch","Dream Catcher","Red Skull","Oddly Smooth Stone","Omamori","Golden Idol"],"potions_floor_usage":[16],"damage_taken":[{"damage":8.0,"enemies":"Jaw Worm","floor":1.0,"turns":5.0},{"damage":1.0,"enemies":"Cultist","floor":3.0,"turns":4.0},{"damage":3.0,"enemies":"Small Slimes","floor":5.0,"turns":4.0},{"damage":55.0,"enemies":"Lagavulin","floor":6.0,"turns":12.0},{"damage":19.0,"enemies":"3 Sentries","floor":8.0,"turns":8.0},{"damage":16.0,"enemies":"Gremlin Nob","floor":10.0,"turns":3.0},{"damage":16.0,"enemies":"Red Slaver","floor":13.0,"turns":5.0},{"damage":80,"enemies":"Hexaghost","floor":16,"turns":15}],"seed_played":"-1279345058385146809","potions_obtained":[{"floor":5.0,"key":"SteroidPotion"},{"floor":8.0,"key":"Swift Potion"},{"floor":13.0,"key":"Dexterity Potion"}],"is_trial":false,"path_per_floor":["M","?","M","$","M","E","R","E","T","E","R","?","M","$","R","B"],"character_chosen":"IRONCLAD","items_purchased":["Reaper"],"campfire_rested":3,"item_purchase_floors":[14],"current_hp_per_floor":[70,70,75,75,78,29,53,40,40,30,54,54,44,44,68,0],"gold":55,"neow_bonus":"ONE_RARE_RELIC","is_prod":false,"is_daily":false,"chose_seed":false,"campfire_upgraded":0,"win_rate":0,"timestamp":1560316058,"path_taken":["M","?","?","$","M","E","R","E","T","E","R","?","M","$","R","BOSS"],"build_version":"2019-01-23","purchased_purges":1,"victory":false,"max_hp_per_floor":[80,80,80,80,80,80,80,80,80,80,80,80,80,80,80,80],"card_choices":[{"not_picked":["Perfected Strike","Rupture"],"picked":"Pummel","floor":1.0},{"not_picked":["Reckless Charge","Dual Wield"],"picked":"Intimidate","floor":3.0},{"not_picked":["Warcry","Seeing Red"],"picked":"Shrug It Off","floor":5.0},{"not_picked":["Sever Soul","Armaments"],"picked":"Cleave","floor":6.0},{"not_picked":["Headbutt","Pommel Strike"],"picked":"Corruption","floor":7.0},{"not_picked":["Feed","Feel No Pain"],"picked":"Evolve","floor":8.0},{"not_picked":["Havoc","Armaments"],"picked":"Infernal Blade","floor":10.0},{"not_picked":["Cleave","Ghostly Armor"],"picked":"Clothesline","floor":11.0},{"not_picked":["Thunderclap","Armaments","Ghostly Armor"],"picked":"SKIP","floor":13.0},{"not_picked":["Warcry","Body Slam"],"picked":"Barricade","floor":15.0}],"player_experience":232406,"relics_obtained":[{"floor":6.0,"key":"Dream Catcher"},{"floor":8.0,"key":"Red Skull"},{"floor":9.0,"key":"Oddly Smooth Stone"},{"floor":10.0,"key":"Omamori"}],"event_choices":[{"damage_healed":0.0,"max_hp_gain":0.0,"max_hp_loss":0.0,"gold_gain":0.0,"event_name":"Upgrade Shrine","player_choice":"Upgraded","floor":2.0,"gold_loss":0.0,"damage_taken":0.0,"cards_upgraded":["Bash"]},{"damage_healed":0.0,"max_hp_gain":0.0,"max_hp_loss":0.0,"gold_gain":0.0,"event_name":"Golden Idol","player_choice":"Take Wound","floor":12.0,"gold_loss":0.0,"damage_taken":0.0,"relics_obtained":["Golden Idol"],"cards_obtained":["Injury"]}],"is_beta":false,"boss_relics":[],"items_purged_floors":[4],"is_endless":false,"potions_floor_spawned":[5,8,13],"killed_by":"Hexaghost","ascension_level":11}