{"gold_per_floor":[111,131,131,56,6,34,60,60],"floor_reached":8,"playtime":547,"items_purged":[],"score":86,"play_id":"618e34dc-5ef7-4551-83a9-883584eb04c6","local_time":"20190430182411","is_ascension_mode":true,"campfire_choices":[],"neow_cost":"NONE","seed_source_timestamp":13308387223801,"circlet_count":0,"master_deck":["AscendersBane","Defend_G","Defend_G","Defend_G","Defend_G","Defend_G","Strike_G","Strike_G","Strike_G","Strike_G","Survivor","Neutralize","Caltrops","Underhanded Strike","Deadly Poison","Cloak And Dagger","Concentrate","Backstab"],"relics":["Runic Pyramid","Orichalcum","Anchor","Odd Mushroom"],"potions_floor_usage":[6,7],"damage_taken":[{"damage":4,"enemies":"2 Louse","floor":1,"turns":4},{"damage":4,"enemies":"Small Slimes","floor":2,"turns":5},{"damage":12,"enemies":"3 Sentries","floor":6,"turns":8},{"damage":17,"enemies":"The Mushroom Lair","floor":7,"turns":5},{"damage":30,"enemies":"Lagavulin","floor":8,"turns":7}],"seed_played":"5499630287518256118","potions_obtained":[{"floor":1,"key":"AttackPotion"},{"floor":6,"key":"PowerPotion"}],"is_trial":false,"path_per_floor":["M","M","?","$","?","E","?","E"],"character_chosen":"THE_SILENT","items_purchased":["Deadly Poison","Cloak And Dagger"],"campfire_rested":0,"item_purchase_floors":[4,4],"current_hp_per_floor":[59,55,52,52,52,40,23,0],"gold":60,"neow_bonus":"BOSS_RELIC","is_prod":false,"is_daily":false,"chose_seed":false,"campfire_upgraded":0,"win_rate":0,"timestamp":1556663051,"path_taken":["M","M","?","$","?","E","?","E"],"build_version":"2019-01-23","purchased_purges":0,"victory":false,"max_hp_per_floor":[70,70,70,70,70,70,70,70],"card_choices":[{"not_picked":["Eviscerate","Outmaneuver"],"picked":"Caltrops","floor":1},{"not_picked":["Flying Knee","Backflip"],"picked":"Underhanded Strike","floor":2},{"not_picked":["Flying Knee","Tools of the Trade"],"picked":"Concentrate","floor":6},{"not_picked":["Crippling Poison","Blade Dance"],"picked":"Backstab","floor":7}],"player_experience":472597,"relics_obtained":[{"floor":6,"key":"Anchor"},{"floor":7,"key":"Odd Mushroom"}],"event_choices":[{"damage_healed":0,"gold_gain":0,"player_choice":"Success","damage_taken":3,"relics_obtained":["Orichalcum"],"max_hp_gain":0,"max_hp_loss":0,"event_name":"Scrap Ooze","floor":3,"gold_loss":0},{"cards_removed":["Strike_G"],"damage_healed":0,"gold_gain":0,"player_choice":"Card Removal","damage_taken":0,"max_hp_gain":0,"max_hp_loss":0,"event_name":"The Cleric","floor":5,"gold_loss":50},{"damage_healed":0,"gold_gain":0,"player_choice":"Fought Mushrooms","damage_taken":0,"max_hp_gain":0,"max_hp_loss":0,"event_name":"Mushrooms","floor":7,"gold_loss":0}],"is_beta":false,"boss_relics":[],"items_purged_floors":[],"is_endless":false,"potions_floor_spawned":[1,6],"killed_by":"Lagavulin","ascension_level":12}