{"gold_per_floor":[116,96,110,210,225,225,245,245,245,245,245,5,5,20,20,123,123,135,135,154,154,66,93,103,103,128,128,128,128,43,55,55,153,153,171,182,200,160,172,172,200,200,200,200,235,45,45,45,45,45],"floor_reached":51,"playtime":2448,"items_purged":["Decay"],"score":1177,"play_id":"637a3080-4439-4565-b4bf-d8c0d9831040","local_time":"20181122231835","is_ascension_mode":true,"campfire_choices":[{"data":"Footwork","floor":6,"key":"SMITH"},{"data":"Noxious Fumes","floor":8,"key":"SMITH"},{"floor":15,"key":"REST"},{"floor":25,"key":"REST"},{"floor":27,"key":"REST"},{"floor":32,"key":"REST"},{"floor":40,"key":"REST"},{"data":"Tools of the Trade","floor":42,"key":"SMITH"},{"data":"Poisoned Stab","floor":47,"key":"SMITH"},{"floor":49,"key":"REST"}],"neow_cost":"NONE","seed_source_timestamp":18374325501228,"circlet_count":0,"master_deck":["AscendersBane","Defend_G","Defend_G","Defend_G","Defend_G","Strike_G","Strike_G","Strike_G","Strike_G","Survivor","Neutralize+1","Poisoned Stab+1","Footwork+1","Dagger Spray+1","Noxious Fumes+1","Blur+1","Dash","Burst+1","Calculated Gamble+1","Deflect+1","Finesse+1","Deflect+1","Dodge and Roll+1","Backflip+1","Escape Plan+1","Noxious Fumes+1","Footwork+1","Crippling Poison+1","Corpse Explosion+1","Tools of the Trade+1","Deadly Poison+1","Blur+1","Acrobatics+1","Parasite","Leg Sweep+1","Burst+1","Noxious Fumes+1","Acrobatics+1"],"relics":["Ring of the Snake","Snake Skull","Juzu Bracelet","Toxic Egg 2","Dream Catcher","Empty Cage","Regal Pillow","Art of War","Sozu","Frozen Egg 2","Mummified Hand","Oddly Smooth Stone"],"potions_floor_usage":[7,20,23,23],"damage_taken":[{"damage":1,"enemies":"Jaw Worm","floor":1,"turns":5},{"damage":14,"enemies":"Cultist","floor":3,"turns":4},{"damage":0,"enemies":"2 Louse","floor":5,"turns":4},{"damage":15,"enemies":"Exordium Thugs","floor":7,"turns":5},{"damage":3,"enemies":"Looter","floor":14,"turns":4},{"damage":2,"enemies":"Hexaghost","floor":16,"turns":11},{"damage":0,"enemies":"Chosen","floor":18,"turns":6},{"damage":21,"enemies":"2 Thieves","floor":20,"turns":4},{"damage":10,"enemies":"Slavers","floor":23,"turns":6},{"damage":12,"enemies":"Snake Plant","floor":24,"turns":5},{"damage":28,"enemies":"Cultist and Chosen","floor":31,"turns":8},{"damage":13,"enemies":"Collector","floor":33,"turns":9},{"damage":4,"enemies":"Orb Walker","floor":35,"turns":5},{"damage":0,"enemies":"3 Shapes","floor":36,"turns":4},{"damage":24,"enemies":"Sphere and 2 Shapes","floor":37,"turns":5},{"damage":0,"enemies":"Writhing Mass","floor":39,"turns":7},{"damage":0,"enemies":"Giant Head","floor":41,"turns":12},{"damage":2,"enemies":"Reptomancer","floor":45,"turns":8},{"damage":1,"enemies":"Time Eater","floor":50,"turns":13}],"seed_played":"4878583554361800159","potions_obtained":[{"floor":3,"key":"PowerPotion"},{"floor":5,"key":"SteroidPotion"},{"floor":14,"key":"Explosive Potion"},{"floor":20,"key":"SkillPotion"}],"is_trial":false,"path_per_floor":["M","?","M","?","M","R","M","R","T","?","?","$","T","M","R","B",null,"M","?","M","?","$","E","M","R","T","R","?","?","?","M","R","B",null,"M","M","M","?","M","R","E","R","T","?","E","$","R","?","R","B",null],"character_chosen":"THE_SILENT","items_purchased":["Toxic Egg 2","Finesse+1","Noxious Fumes+1","Acrobatics+1"],"campfire_rested":6,"item_purchase_floors":[12,22,46,46],"current_hp_per_floor":[62,62,48,48,48,48,33,33,33,33,33,33,33,30,51,49,65,65,65,44,44,44,34,22,43,43,70,70,70,70,42,70,57,67,63,63,39,39,39,70,70,70,70,70,68,68,68,68,70,69],"gold":45,"neow_bonus":"RANDOM_COMMON_RELIC","is_prod":false,"is_daily":false,"chose_seed":false,"campfire_upgraded":4,"win_rate":0,"timestamp":1542939515,"path_taken":["M","?","M","?","M","R","M","R","T","?","?","$","?","M","R","BOSS","M","?","M","?","$","E","M","R","T","R","?","?","?","M","R","BOSS","M","M","M","?","M","R","E","R","T","?","E","$","R","?","R","BOSS"],"build_version":"2018-11-15","purchased_purges":1,"victory":true,"max_hp_per_floor":[70,70,70,70,70,70,70,70,70,70,70,70,70,70,70,70,70,70,70,70,70,70,70,70,70,70,70,70,70,70,70,70,70,70,70,70,70,70,70,70,70,70,70,70,70,70,70,70,70,70],"card_choices":[{"not_picked":["Quick Slash","Expertise"],"picked":"Poisoned Stab","floor":1},{"not_picked":["All Out Attack","Quick Slash"],"picked":"Footwork","floor":3},{"not_picked":["Distraction","Sucker Punch"],"picked":"Dagger Spray","floor":5},{"not_picked":["PiercingWail","Malaise"],"picked":"Noxious Fumes","floor":7},{"not_picked":["Quick Slash","Eviscerate"],"picked":"Blur+1","floor":14},{"not_picked":["Flying Knee","Sucker Punch"],"picked":"Dash","floor":15},{"not_picked":["Glass Knife","Die Die Die"],"picked":"Burst+1","floor":16},{"not_picked":["Predator","Sucker Punch"],"picked":"Calculated Gamble+1","floor":18},{"not_picked":["Tactician+1","Bane"],"picked":"Deflect+1","floor":20},{"not_picked":["Endless Agony","Poisoned Stab"],"picked":"Deflect+1","floor":23},{"not_picked":["Well Laid Plans","Concentrate+1"],"picked":"Dodge and Roll+1","floor":24},{"not_picked":["Endless Agony","Calculated Gamble+1"],"picked":"Backflip+1","floor":25},{"not_picked":["Dagger Spray+1","Eviscerate"],"picked":"Escape Plan+1","floor":27},{"not_picked":["Calculated Gamble+1","Dagger Throw"],"picked":"Crippling Poison+1","floor":31},{"not_picked":["Leg Sweep+1","Dagger Throw"],"picked":"Corpse Explosion+1","floor":32},{"not_picked":["Storm of Steel+1","Grand Finale"],"picked":"Tools of the Trade","floor":33},{"not_picked":["Outmaneuver+1","Deflect+1"],"picked":"Deadly Poison+1","floor":35},{"not_picked":["Bane","Infinite Blades"],"picked":"Blur+1","floor":36},{"not_picked":["Blade Dance+1","Concentrate+1"],"picked":"Acrobatics+1","floor":37},{"not_picked":["Setup+1","Sucker Punch+1"],"picked":"Leg Sweep+1","floor":39},{"not_picked":["Bane","Sucker Punch+1","Deflect+1"],"picked":"SKIP","floor":41},{"not_picked":["Dagger Throw+1","Blur+1"],"picked":"Burst+1","floor":45}],"player_experience":396514,"relics_obtained":[{"floor":9,"key":"Juzu Bracelet"},{"floor":13,"key":"Dream Catcher"},{"floor":26,"key":"Regal Pillow"},{"floor":41,"key":"Frozen Egg 2"},{"floor":43,"key":"Mummified Hand"},{"floor":45,"key":"Oddly Smooth Stone"}],"event_choices":[{"damage_healed":0,"gold_gain":0,"player_choice":"Left Gold","damage_taken":0,"max_hp_gain":0,"max_hp_loss":0,"event_name":"World of Goop","floor":2,"gold_loss":20},{"damage_healed":0,"gold_gain":100,"player_choice":"Gold","damage_taken":0,"max_hp_gain":0,"max_hp_loss":0,"event_name":"Wheel of Change","floor":4,"gold_loss":0},{"damage_healed":0,"gold_gain":0,"player_choice":"Grow","damage_taken":0,"max_hp_gain":0,"max_hp_loss":0,"event_name":"Living Wall","floor":10,"gold_loss":0,"cards_upgraded":["Dagger Spray"]},{"damage_healed":0,"gold_gain":0,"player_choice":"Upgraded","damage_taken":0,"max_hp_gain":0,"max_hp_loss":0,"event_name":"Upgrade Shrine","floor":11,"gold_loss":0,"cards_upgraded":["Neutralize"]},{"damage_healed":0,"gold_gain":0,"player_choice":"Ignored","damage_taken":0,"max_hp_gain":0,"max_hp_loss":0,"event_name":"Vampires","floor":19,"gold_loss":0},{"damage_healed":0,"gold_gain":0,"player_choice":"Ignored","damage_taken":0,"max_hp_gain":0,"max_hp_loss":0,"event_name":"Cursed Tome","floor":21,"gold_loss":0},{"damage_healed":0,"gold_gain":0,"player_choice":"Copied","damage_taken":0,"max_hp_gain":0,"max_hp_loss":0,"event_name":"Duplicator","floor":28,"gold_loss":0,"cards_obtained":["Noxious Fumes"]},{"damage_healed":0,"gold_gain":0,"player_choice":"Read","damage_taken":0,"max_hp_gain":0,"max_hp_loss":0,"event_name":"The Library","floor":29,"gold_loss":0,"cards_obtained":["Footwork"]},{"damage_healed":0,"gold_gain":0,"player_choice":"Obtained Relic","damage_taken":0,"relics_obtained":["Art of War"],"max_hp_gain":0,"max_hp_loss":0,"event_name":"Addict","floor":30,"gold_loss":85},{"damage_healed":0,"gold_gain":0,"player_choice":"Upgrade","damage_taken":0,"max_hp_gain":0,"max_hp_loss":0,"event_name":"Designer","floor":38,"gold_loss":40,"cards_upgraded":["Footwork"]},{"damage_healed":0,"gold_gain":0,"player_choice":"Cursed","damage_taken":0,"max_hp_gain":0,"max_hp_loss":0,"event_name":"Wheel of Change","floor":44,"gold_loss":0,"cards_obtained":["Decay"]},{"damage_healed":0,"gold_gain":0,"player_choice":"Ignored","damage_taken":0,"max_hp_gain":0,"max_hp_loss":0,"event_name":"Mysterious Sphere","floor":48,"gold_loss":0}],"is_beta":false,"boss_relics":[{"not_picked":["Busted Crown","Snecko Eye"],"picked":"Empty Cage"},{"not_picked":["Cursed Key","HoveringKite"],"picked":"Sozu"}],"items_purged_floors":[46],"is_endless":false,"potions_floor_spawned":[3,5,14,16,18,20,37,39],"ascension_level":11}