{"gold_per_floor":[115,132,144,162,162,162,196,196,266,283,314,314,314,349,349,447,447,459,459,459,474,30,30,57,57,57,89,14,45,45,58,58,154,154,167,185,185,196,2,13,43,63,87,121,121,150,167,196,196,196,196,196,150,176,176],"floor_reached":56,"playtime":3545,"items_purged":["Decay"],"score":1553,"play_id":"09074ebf-4804-4f7b-9ca9-4fa6741d0625","local_time":"20190530170915","is_ascension_mode":true,"campfire_choices":[{"data":"Neutralize","floor":6,"key":"SMITH"},{"data":"Noxious Fumes","floor":8,"key":"SMITH"},{"data":"Wraith Form v2","floor":13,"key":"SMITH"},{"floor":15,"key":"REST"},{"data":"Blade Dance","floor":23,"key":"SMITH"},{"floor":25,"key":"RECALL"},{"floor":30,"key":"REST"},{"data":"Die Die Die","floor":32,"key":"SMITH"},{"floor":45,"key":"REST"},{"data":"After Image","floor":49,"key":"SMITH"},{"data":"Backstab","floor":52,"key":"SMITH"}],"neow_cost":"NONE","seed_source_timestamp":1341840851927236,"circlet_count":0,"master_deck":["Defend_G","Defend_G","Defend_G+1","Defend_G","Defend_G","Strike_G+1","Strike_G","Strike_G","Strike_G","Survivor","Neutralize+1","Noxious Fumes+1","Escape Plan","Predator","Well Laid Plans+1","Backstab","Wraith Form v2+1","Dodge and Roll","Die Die Die+1","Well Laid Plans+1","Blade Dance+1","Cloak And Dagger+1","Dark Shackles+1","Blade Dance+1","Corpse Explosion+1","After Image+1","Endless Agony+1","Terror+1","Violence+1","Backflip+1","Apotheosis+1","PiercingWail+1","Prepared+1","Blade Dance+1","Backstab+1","Endless Agony+1","Cloak And Dagger+1","Blur+1"],"relics":["Ring of the Snake","Torii","Shuriken","Ancient Tea Set","Dead Branch","Philosopher\u0027s Stone","Toxic Egg 2","Strawberry","Pantograph","Vajra","White Beast Statue","PreservedInsect","Bag of Preparation","Juzu Bracelet","Bird Faced Urn","Boot","Mercury Hourglass"],"potions_floor_usage":[7,11,14,24,27,46,54,55],"damage_taken":[{"damage":0,"enemies":"2 Louse","floor":1,"turns":4},{"damage":0,"enemies":"Small Slimes","floor":2,"turns":4},{"damage":0,"enemies":"Jaw Worm","floor":3,"turns":5},{"damage":1,"enemies":"3 Louse","floor":4,"turns":4},{"damage":18,"enemies":"Lagavulin","floor":7,"turns":6},{"damage":0,"enemies":"Looter","floor":10,"turns":2},{"damage":0,"enemies":"Gremlin Nob","floor":11,"turns":2},{"damage":2,"enemies":"Lagavulin","floor":14,"turns":5},{"damage":7,"enemies":"Slime Boss","floor":16,"turns":8},{"damage":2,"enemies":"Chosen","floor":18,"turns":4},{"damage":15,"enemies":"3 Byrds","floor":21,"turns":5},{"damage":5,"enemies":"Book of Stabbing","floor":24,"turns":5},{"damage":8,"enemies":"Gremlin Leader","floor":27,"turns":3},{"damage":1,"enemies":"Book of Stabbing","floor":29,"turns":5},{"damage":0,"enemies":"Cultist and Chosen","floor":31,"turns":2},{"damage":11,"enemies":"Automaton","floor":33,"turns":5},{"damage":1,"enemies":"Orb Walker","floor":35,"turns":2},{"damage":0,"enemies":"3 Shapes","floor":36,"turns":3},{"damage":0,"enemies":"Sphere and 2 Shapes","floor":38,"turns":3},{"damage":0,"enemies":"Spire Growth","floor":40,"turns":2},{"damage":0,"enemies":"Reptomancer","floor":41,"turns":6},{"damage":3,"enemies":"Jaw Worm Horde","floor":42,"turns":3},{"damage":0,"enemies":"Giant Head","floor":44,"turns":5},{"damage":0,"enemies":"Reptomancer","floor":46,"turns":3},{"damage":0,"enemies":"3 Darklings","floor":47,"turns":1},{"damage":0,"enemies":"Giant Head","floor":48,"turns":2},{"damage":32,"enemies":"Time Eater","floor":50,"turns":10},{"damage":0,"enemies":"Shield and Spear","floor":54,"turns":4},{"damage":63,"enemies":"The Heart","floor":55,"turns":8}],"seed_played":"8425485347101523341","potions_obtained":[{"floor":1,"key":"SkillPotion"},{"floor":2,"key":"Weak Potion"},{"floor":7,"key":"GamblersBrew"},{"floor":10,"key":"FearPotion"},{"floor":16,"key":"Dexterity Potion"},{"floor":24,"key":"Dexterity Potion"},{"floor":27,"key":"PowerPotion"},{"floor":31,"key":"Explosive Potion"},{"floor":36,"key":"PowerPotion"},{"floor":46,"key":"Ancient Potion"},{"floor":48,"key":"GhostInAJar"},{"floor":54,"key":"Strength Potion"}],"is_trial":false,"path_per_floor":["M","M","M","M","?","R","E","R","T","M","E","?","R","E","R","B",null,"M","?","?","M","$","R","E","R","T","E","?","E","R","M","R","B",null,"M","M","?","M","$","M","E","M","T","E","R","E","M","E","R","B",null,"R","$","E","B",null],"character_chosen":"THE_SILENT","items_purchased":["Toxic Egg 2","Cloak And Dagger+1","Dark Shackles+1","Apotheosis+1","Cloak And Dagger+1"],"campfire_rested":3,"item_purchase_floors":[22,22,22,39,53],"current_hp_per_floor":[77,77,77,76,61,61,43,43,43,43,43,43,43,41,64,57,77,75,75,75,60,60,60,62,62,62,54,54,53,78,78,78,73,84,83,83,83,83,83,83,83,80,80,80,84,84,84,84,84,58,84,84,84,84,38],"gold":176,"neow_bonus":"TEN_PERCENT_HP_BONUS","is_prod":false,"is_daily":false,"chose_seed":false,"campfire_upgraded":7,"win_rate":0,"timestamp":1559250555,"path_taken":["M","M","M","M","?","R","E","R","T","M","E","?","R","E","R","BOSS","M","?","?","M","$","R","E","R","T","E","?","E","R","M","R","BOSS","M","M","?","M","$","M","E","M","T","E","R","E","M","E","R","BOSS","R","$","E","BOSS"],"build_version":"2019-01-23","purchased_purges":1,"victory":true,"max_hp_per_floor":[77,77,77,77,77,77,77,77,77,77,77,77,77,77,77,77,77,77,77,77,77,77,77,84,84,84,84,84,84,84,84,84,84,84,84,84,84,84,84,84,84,84,84,84,84,84,84,84,84,84,84,84,84,84,84],"card_choices":[{"not_picked":["Cloak And Dagger","Escape Plan"],"picked":"Noxious Fumes","floor":1},{"not_picked":["Slice","Eviscerate"],"picked":"Escape Plan","floor":2},{"not_picked":["Distraction","PiercingWail"],"picked":"Predator","floor":3},{"not_picked":["Poisoned Stab","Skewer"],"picked":"Well Laid Plans","floor":4},{"not_picked":["Slice","Expertise"],"picked":"Backstab","floor":7},{"not_picked":["Acrobatics","Terror","Flying Knee"],"picked":"SKIP","floor":10},{"not_picked":["Poisoned Stab","Cloak And Dagger"],"picked":"Wraith Form v2","floor":11},{"not_picked":["Flying Knee","Caltrops"],"picked":"Dodge and Roll","floor":14},{"not_picked":["Venomology","Glass Knife"],"picked":"Die Die Die","floor":16},{"not_picked":["Bane","Poisoned Stab"],"picked":"Well Laid Plans+1","floor":18},{"not_picked":["Flechettes","Underhanded Strike+1","Bane+1"],"picked":"SKIP","floor":21},{"not_picked":["Bane","Crippling Poison+1"],"picked":"Blade Dance+1","floor":24},{"not_picked":["Infinite Blades+1","Poisoned Stab+1"],"picked":"Corpse Explosion+1","floor":27},{"not_picked":["Poisoned Stab+1","Dagger Throw","Quick Slash"],"picked":"SKIP","floor":29},{"not_picked":["Flying Knee+1","Dodge and Roll+1","Dash"],"picked":"SKIP","floor":31},{"not_picked":["Burst+1","Wraith Form v2"],"picked":"After Image","floor":33},{"not_picked":["Terror+1","Distraction+1"],"picked":"Endless Agony+1","floor":35},{"not_picked":["Blur+1","Bane+1"],"picked":"Terror+1","floor":36},{"not_picked":["Enlightenment+1","Transmutation+1"],"picked":"Violence+1","floor":37},{"not_picked":["Sucker Punch","Acrobatics+1"],"picked":"Backflip+1","floor":38},{"not_picked":["Leg Sweep+1","Prepared+1"],"picked":"PiercingWail+1","floor":40},{"not_picked":["Acrobatics+1","Deadly Poison+1"],"picked":"Prepared+1","floor":41},{"not_picked":["Reflex+1","Glass Knife"],"picked":"Blade Dance+1","floor":42},{"not_picked":["Blade Dance+1","Expertise+1"],"picked":"Backstab","floor":44},{"not_picked":["Sucker Punch+1","Bane+1"],"picked":"Endless Agony+1","floor":46},{"not_picked":["Sucker Punch","Tactician+1","Flying Knee"],"picked":"SKIP","floor":47},{"not_picked":["Acrobatics+1","Eviscerate+1","Underhanded Strike+1"],"picked":"SKIP","floor":48},{"not_picked":["Prepared+1","Skewer+1"],"picked":"Blur+1","floor":54}],"player_experience":679788,"relics_obtained":[{"floor":7,"key":"Torii"},{"floor":9,"key":"Shuriken"},{"floor":11,"key":"Ancient Tea Set"},{"floor":14,"key":"Dead Branch"},{"floor":24,"key":"Strawberry"},{"floor":27,"key":"Pantograph"},{"floor":29,"key":"Vajra"},{"floor":41,"key":"PreservedInsect"},{"floor":43,"key":"Bag of Preparation"},{"floor":44,"key":"Juzu Bracelet"},{"floor":46,"key":"Bird Faced Urn"},{"floor":48,"key":"Boot"},{"floor":54,"key":"Mercury Hourglass"}],"event_choices":[{"damage_healed":0,"gold_gain":0,"player_choice":"Entered Light","damage_taken":15,"max_hp_gain":0,"max_hp_loss":0,"event_name":"Shining Light","floor":5,"gold_loss":0,"cards_upgraded":["Strike_G","Defend_G"]},{"damage_healed":0,"gold_gain":0,"player_choice":"Grow","damage_taken":0,"max_hp_gain":0,"max_hp_loss":0,"event_name":"Living Wall","floor":12,"gold_loss":0,"cards_upgraded":["Well Laid Plans"]},{"damage_healed":0,"gold_gain":0,"player_choice":"Smashed Altar","damage_taken":0,"max_hp_gain":0,"max_hp_loss":0,"event_name":"Forgotten Altar","floor":19,"gold_loss":0,"cards_obtained":["Decay"]},{"damage_healed":0,"gold_gain":0,"player_choice":"Read","damage_taken":0,"max_hp_gain":0,"max_hp_loss":0,"event_name":"The Library","floor":20,"gold_loss":0,"cards_obtained":["Blade Dance"]},{"cards_removed":["Strike_G"],"damage_healed":0,"gold_gain":0,"player_choice":"Gave Gold","damage_taken":0,"max_hp_gain":0,"max_hp_loss":0,"event_name":"Beggar","floor":28,"gold_loss":75},{"damage_healed":0,"gold_gain":0,"player_choice":"Memory 1","damage_taken":0,"max_hp_gain":0,"max_hp_loss":0,"event_name":"SensoryStone","floor":37,"gold_loss":0}],"is_beta":false,"boss_relics":[{"not_picked":["Ectoplasm","Velvet Choker"],"picked":"Philosopher\u0027s Stone"},{"not_picked":["Busted Crown","Runic Pyramid"],"picked":"White Beast Statue"}],"items_purged_floors":[22],"is_endless":false,"potions_floor_spawned":[1,2,7,10,16,24,27,31,35,36,38,40,41,42,44,46,47,48,54],"ascension_level":1}