{"gold_per_floor":[115,190,190,203,203,214,214,234,234,260,70,81,97,116,116,116],"floor_reached":16,"playtime":446,"items_purged":[],"score":120,"play_id":"b7779a92-4391-4ad3-8a9e-9377b5d4b9a0","local_time":"20180920225831","is_ascension_mode":true,"campfire_choices":[{"floor":7,"key":"REST"},{"floor":15,"key":"REST"}],"neow_cost":"NONE","seed_source_timestamp":551491281870440,"circlet_count":0,"master_deck":["Strike_B","Strike_B","Strike_B","Strike_B","Defend_B","Defend_B","Defend_B+1","Defend_B","Zap","Dualcast","Redo+1","Redo","Auto Shields","Static Discharge","Hyperbeam","Redo+1","Sweeping Beam","Compile Driver","Consume"],"relics":["Cracked Core","NeowsBlessing","Darkstone Periapt","FossilizedHelix","DollysMirror"],"potions_floor_usage":[10,16],"damage_taken":[{"damage":0,"enemies":"2 Louse","floor":1,"turns":1},{"damage":0,"enemies":"Small Slimes","floor":4,"turns":1},{"damage":0,"enemies":"Cultist","floor":6,"turns":1},{"damage":0,"enemies":"Looter","floor":8,"turns":2},{"damage":34,"enemies":"3 Sentries","floor":10,"turns":6},{"damage":2,"enemies":"Exordium Thugs","floor":12,"turns":4},{"damage":16,"enemies":"Exordium Wildlife","floor":13,"turns":4},{"damage":0,"enemies":"3 Louse","floor":14,"turns":4},{"damage":41,"enemies":"Hexaghost","floor":16,"turns":9}],"seed_played":"2747812512822834425","potions_obtained":[{"floor":4,"key":"EssenceOfSteel"},{"floor":6,"key":"Fire Potion"},{"floor":10,"key":"Strength Potion"},{"floor":13,"key":"SteroidPotion"}],"is_trial":false,"path_per_floor":["M","?","?","M","?","M","R","M","T","E","$","M","M","M","R"],"character_chosen":"DEFECT","items_purchased":["DollysMirror"],"campfire_rested":2,"item_purchase_floors":[11],"current_hp_per_floor":[75,64,49,49,49,49,71,71,71,37,37,35,19,19,41,0],"gold":116,"neow_bonus":"THREE_ENEMY_KILL","is_prod":false,"is_daily":false,"chose_seed":false,"campfire_upgraded":0,"win_rate":0,"timestamp":1537498711,"path_taken":["M","?","?","M","?","?","R","M","T","E","?","M","M","M","R","BOSS"],"build_version":"2018-09-20","purchased_purges":0,"victory":false,"max_hp_per_floor":[75,75,75,75,75,75,75,75,75,75,75,75,75,75,75,75],"card_choices":[{"not_picked":["Sweeping Beam","Stack"],"picked":"Redo","floor":1},{"not_picked":["Rebound","Beam Cell"],"picked":"Redo","floor":4},{"not_picked":["Compile Driver","Rip and Tear"],"picked":"Auto Shields","floor":6},{"not_picked":["Loop","Melter"],"picked":"Static Discharge","floor":8},{"not_picked":["Auto Shields","Aggregate"],"picked":"Hyperbeam","floor":10},{"not_picked":["Turbo","Stack"],"picked":"Sweeping Beam","floor":12},{"not_picked":["Loop","Go for the Eyes"],"picked":"Compile Driver","floor":13},{"not_picked":["Compile Driver","Aggregate"],"picked":"Consume","floor":14}],"player_experience":159768,"relics_obtained":[{"floor":9,"key":"Darkstone Periapt"},{"floor":10,"key":"FossilizedHelix"}],"event_choices":[{"event_name":"World of Goop","player_choice":"Gather Gold","floor":2,"damage_taken":0},{"event_name":"Shining Light","player_choice":"Entered Light","floor":3,"damage_taken":0},{"event_name":"Golden Wing","player_choice":"Ignored","floor":5,"damage_taken":0}],"is_beta":false,"boss_relics":[],"items_purged_floors":[],"is_endless":false,"potions_floor_spawned":[4,6,10,13],"killed_by":"Hexaghost","ascension_level":3}