{"gold_per_floor":[117,117,130,130,55,80,80,90,90,105,105,105,105,116,116,194,194,208,219,231,249,63,97,97,116,188,188,220,17,67,67,67,139,139,149,149,167,42,42,42,67,67,67,67,83,117,117,0,0,0],"floor_reached":50,"playtime":3251,"items_purged":["Strike_G","Strike_G","Strike_G"],"score":1143,"play_id":"eb33ff39-b45c-40d5-ae03-c316dfa15caa","local_time":"20190622102140","is_ascension_mode":true,"campfire_choices":[{"data":"Crippling Poison","floor":7,"key":"SMITH"},{"data":"Bouncing Flask","floor":11,"key":"SMITH"},{"floor":15,"key":"REST"},{"floor":24,"key":"REST"},{"data":"Neutralize","floor":27,"key":"SMITH"},{"floor":32,"key":"REST"},{"data":"Footwork","floor":40,"key":"SMITH"},{"data":"Footwork","floor":42,"key":"SMITH"},{"data":"Backflip","floor":44,"key":"SMITH"},{"data":"Blur","floor":49,"key":"SMITH"}],"neow_cost":"NONE","seed_source_timestamp":834546676110526,"circlet_count":0,"master_deck":["AscendersBane","Defend_G","Defend_G","Defend_G+1","Defend_G","Strike_G+1","Survivor","Neutralize+1","Crippling Poison+1","Dagger Spray","Bouncing Flask+1","Escape Plan","Backflip+1","After Image","Deadly Poison","Dodge and Roll+1","Footwork+1","Blur+1","Backstab","Footwork+1","Infinite Blades+1"],"relics":["Ring of the Snake","NeowsBlessing","The Specimen","Pear","Darkstone Periapt","Busted Crown","Bottled Tornado","Pantograph","Orichalcum","Anchor","Pen Nib","Eternal Feather","Ancient Tea Set","The Courier","Snake Skull","Red Mask"],"potions_floor_usage":[14,16,21,23,33,41,46,50],"damage_taken":[{"damage":0,"enemies":"2 Louse","floor":1,"turns":1},{"damage":0,"enemies":"Jaw Worm","floor":3,"turns":1},{"damage":0,"enemies":"3 Sentries","floor":6,"turns":2},{"damage":7,"enemies":"Small Slimes","floor":8,"turns":3},{"damage":2,"enemies":"Blue Slaver","floor":10,"turns":4},{"damage":0,"enemies":"Gremlin Gang","floor":14,"turns":2},{"damage":3,"enemies":"Hexaghost","floor":16,"turns":9},{"damage":0,"enemies":"Chosen","floor":18,"turns":4},{"damage":1,"enemies":"Spheric Guardian","floor":19,"turns":3},{"damage":0,"enemies":"Centurion and Healer","floor":20,"turns":6},{"damage":27,"enemies":"Sentry and Sphere","floor":21,"turns":8},{"damage":28,"enemies":"Slavers","floor":23,"turns":6},{"damage":0,"enemies":"Snecko","floor":25,"turns":5},{"damage":26,"enemies":"Gremlin Leader","floor":28,"turns":8},{"damage":44,"enemies":"Automaton","floor":33,"turns":12},{"damage":6,"enemies":"3 Darklings","floor":35,"turns":8},{"damage":19,"enemies":"Orb Walker","floor":37,"turns":5},{"damage":17,"enemies":"Giant Head","floor":41,"turns":11},{"damage":0,"enemies":"Transient","floor":45,"turns":6},{"damage":0,"enemies":"Nemesis","floor":46,"turns":11},{"damage":86,"enemies":"Donu and Deca","floor":50,"turns":15}],"seed_played":"5007464771825144888","potions_obtained":[{"floor":1,"key":"LiquidBronze"},{"floor":6,"key":"LiquidBronze"},{"floor":10,"key":"Energy Potion"},{"floor":16,"key":"FearPotion"},{"floor":19,"key":"SkillPotion"},{"floor":21,"key":"Dexterity Potion"},{"floor":28,"key":"SpeedPotion"},{"floor":45,"key":"Dexterity Potion"},{"floor":46,"key":"GhostInAJar"}],"is_trial":false,"path_per_floor":["M","?","M","?","$","E","R","M","T","M","R","?","?","M","R","B",null,"M","M","M","M","$","E","R","M","T","R","E","$","T","?","R","B",null,"M","?","M","$","?","R","E","R","T","R","M","E","?","?","R","B"],"character_chosen":"THE_SILENT","items_purchased":["Footwork","Footwork","Anchor"],"campfire_rested":3,"item_purchase_floors":[22,29,29],"current_hp_per_floor":[59,39,39,32,32,32,32,25,35,33,33,28,28,28,50,47,69,69,68,68,41,41,13,35,35,35,35,9,9,9,9,31,12,60,54,54,35,35,35,47,30,42,42,54,54,54,54,54,66,0],"gold":0,"neow_bonus":"THREE_ENEMY_KILL","is_prod":false,"is_daily":false,"chose_seed":false,"campfire_upgraded":7,"win_rate":0,"timestamp":1561170100,"path_taken":["M","?","M","?","$","E","R","M","T","M","R","?","?","?","R","BOSS","M","?","M","M","$","E","R","M","T","R","E","$","?","?","R","BOSS","M","?","M","$","?","R","E","R","T","R","M","E","?","?","R","BOSS"],"build_version":"2019-01-23","purchased_purges":3,"victory":false,"max_hp_per_floor":[66,66,66,66,66,66,66,66,76,76,76,76,76,76,76,76,76,76,76,76,76,76,76,76,76,76,76,76,76,76,76,76,76,76,76,76,76,76,76,76,76,76,76,76,76,76,76,76,76,76],"card_choices":[{"not_picked":["Finisher","Quick Slash"],"picked":"Crippling Poison","floor":1},{"not_picked":["Flying Knee","Deadly Poison"],"picked":"Dagger Spray","floor":3},{"not_picked":["Flying Knee","Calculated Gamble"],"picked":"Bouncing Flask","floor":6},{"not_picked":["Underhanded Strike","Bane"],"picked":"Escape Plan","floor":8},{"not_picked":["Setup","Blade Dance","Deflect"],"picked":"SKIP","floor":10},{"not_picked":["Outmaneuver","Poisoned Stab"],"picked":"Backflip","floor":14},{"not_picked":["Doppelganger","Glass Knife"],"picked":"After Image","floor":16},{"not_picked":[],"picked":"Deadly Poison","floor":18},{"not_picked":["Flechettes"],"picked":"SKIP","floor":19},{"not_picked":["Quick Slash"],"picked":"SKIP","floor":20},{"not_picked":[],"picked":"Dodge and Roll+1","floor":21},{"not_picked":[],"picked":"Blur","floor":23},{"not_picked":[],"picked":"Backstab","floor":25},{"not_picked":["Dagger Spray"],"picked":"SKIP","floor":28},{"not_picked":["Deflect+1"],"picked":"SKIP","floor":35},{"not_picked":["PiercingWail"],"picked":"SKIP","floor":37},{"not_picked":["Dodge and Roll"],"picked":"SKIP","floor":41},{"not_picked":["Quick Slash"],"picked":"SKIP","floor":45},{"not_picked":[],"picked":"Infinite Blades+1","floor":46}],"player_experience":983739,"relics_obtained":[{"floor":6,"key":"The Specimen"},{"floor":9,"key":"Pear"},{"floor":23,"key":"Bottled Tornado"},{"floor":26,"key":"Pantograph"},{"floor":28,"key":"Orichalcum"},{"floor":30,"key":"Pen Nib"},{"floor":41,"key":"Ancient Tea Set"},{"floor":43,"key":"The Courier"},{"floor":46,"key":"Snake Skull"}],"event_choices":[{"damage_healed":0,"gold_gain":0,"player_choice":"Entered Light","damage_taken":20,"max_hp_gain":0,"max_hp_loss":0,"event_name":"Shining Light","floor":2,"gold_loss":0,"cards_upgraded":["Strike_G","Defend_G"]},{"cards_removed":["Strike_G"],"damage_healed":0,"gold_gain":0,"player_choice":"Card Removal","damage_taken":7,"max_hp_gain":0,"max_hp_loss":0,"event_name":"Golden Wing","floor":4,"gold_loss":0},{"damage_healed":0,"gold_gain":0,"player_choice":"Success","damage_taken":5,"relics_obtained":["Darkstone Periapt"],"max_hp_gain":0,"max_hp_loss":0,"event_name":"Scrap Ooze","floor":12,"gold_loss":0},{"damage_healed":0,"gold_gain":0,"player_choice":"Ignored","damage_taken":0,"max_hp_gain":0,"max_hp_loss":0,"event_name":"Liars Game","floor":13,"gold_loss":0},{"damage_healed":0,"gold_gain":0,"player_choice":"Ignored","damage_taken":0,"max_hp_gain":0,"max_hp_loss":0,"event_name":"Ghosts","floor":31,"gold_loss":0},{"damage_healed":0,"gold_gain":0,"player_choice":"Ignored","damage_taken":0,"max_hp_gain":0,"max_hp_loss":0,"event_name":"Mysterious Sphere","floor":36,"gold_loss":0},{"cards_removed":["Defend_G"],"damage_healed":0,"gold_gain":0,"player_choice":"Removed Skill","damage_taken":0,"max_hp_gain":0,"max_hp_loss":0,"event_name":"Falling","floor":39,"gold_loss":0},{"damage_healed":0,"gold_gain":0,"player_choice":"Memory 1","damage_taken":0,"max_hp_gain":0,"max_hp_loss":0,"event_name":"SensoryStone","floor":47,"gold_loss":0},{"damage_healed":0,"gold_gain":0,"player_choice":"Paid","damage_taken":0,"relics_obtained":["Red Mask"],"max_hp_gain":0,"max_hp_loss":0,"event_name":"Tomb of Lord Red Mask","floor":48,"gold_loss":117}],"is_beta":false,"boss_relics":[{"not_picked":["Fusion Hammer","Black Star"],"picked":"Busted Crown"},{"not_picked":["Tiny House","Velvet Choker"],"picked":"Eternal Feather"}],"items_purged_floors":[5,22,38],"is_endless":false,"potions_floor_spawned":[1,6,10,16,19,21,28,45,46],"killed_by":"Donu and Deca","ascension_level":19}