{"gold_per_floor":[114,114,129,144,3,3,33,33,33,63,63,78,108,184,184,284,314,299,11,11,11,26,56,71,71,96,21,36,36,36,36,36,36],"floor_reached":33,"playtime":1154,"items_purged":["Normality"],"score":281,"play_id":"17c8aa72-5c90-4386-bbc7-d5ae62b81a34","local_time":"20181201235558","daily_mods":["Heirloom","Blue Cards","Elite Swarm"],"is_ascension_mode":false,"campfire_choices":[{"data":"Creative AI","floor":6,"key":"SMITH"},{"data":"Juggernaut","floor":8,"key":"SMITH"},{"floor":11,"key":"REST"},{"floor":15,"key":"REST"},{"floor":25,"key":"REST"},{"floor":30,"key":"REST"},{"floor":32,"key":"REST"}],"neow_cost":"","seed_source_timestamp":5460807813304491,"circlet_count":0,"master_deck":["Strike_R+1","Strike_R","Strike_R","Strike_R","Strike_R","Defend_R+1","Defend_R","Defend_R","Defend_R","Bash","Spot Weakness","Go for the Eyes","Uppercut","Creative AI+1","Juggernaut+1","Amplify","Pummel","Hyperbeam","Echo Form","Writhe","Parasite","Cleave","Leap","Armaments+1","Bludgeon","Anger","Stack"],"special_seed":17867,"relics":["Burning Blood","Calipers","Anchor","Red Skull","PreservedInsect","Orichalcum","Calling Bell","Tiny Chest","Paper Frog","Incense Burner","Gremlin Horn","Vajra","Pear","Omamori","MutagenicStrength"],"potions_floor_usage":[7,7,10,23],"damage_taken":[{"damage":11,"enemies":"Jaw Worm","floor":1,"turns":3},{"damage":0,"enemies":"Small Slimes","floor":3,"turns":3},{"damage":4,"enemies":"Cultist","floor":4,"turns":4},{"damage":6,"enemies":"Gremlin Nob","floor":7,"turns":3},{"damage":20,"enemies":"Lagavulin","floor":10,"turns":7},{"damage":23,"enemies":"Exordium Thugs","floor":12,"turns":5},{"damage":21,"enemies":"Gremlin Nob","floor":13,"turns":4},{"damage":50,"enemies":"Hexaghost","floor":16,"turns":10},{"damage":16,"enemies":"2 Thieves","floor":18,"turns":4},{"damage":10,"enemies":"Shell Parasite","floor":22,"turns":7},{"damage":64,"enemies":"Gremlin Leader","floor":23,"turns":8},{"damage":15,"enemies":"Snake Plant","floor":24,"turns":4},{"damage":14,"enemies":"Snecko","floor":28,"turns":4},{"damage":84,"enemies":"Automaton","floor":33,"turns":10}],"seed_played":"-7513026677109115873","potions_obtained":[{"floor":1,"key":"FearPotion"},{"floor":3,"key":"Strength Potion"},{"floor":7,"key":"Block Potion"},{"floor":18,"key":"Explosive Potion"},{"floor":28,"key":"BloodPotion"}],"is_trial":false,"path_per_floor":["M","?","M","M","$","R","E","R","T","E","R","M","E","?","R","B",null,"M","$","?","?","M","E","M","R","T","$","M","?","R","$","R","B"],"character_chosen":"IRONCLAD","items_purchased":["Creative AI","Gremlin Horn","Evolve"],"campfire_rested":5,"item_purchase_floors":[5,19,19],"current_hp_per_floor":[75,59,65,67,67,67,67,67,67,53,77,60,45,45,69,25,80,70,70,70,70,66,18,9,36,36,36,28,28,55,55,82,0],"gold":36,"neow_bonus":"","is_prod":false,"is_daily":true,"chose_seed":false,"campfire_upgraded":2,"win_rate":0,"timestamp":1543726558,"path_taken":["M","?","M","M","$","R","E","R","T","E","R","M","E","?","R","BOSS","M","$","?","?","M","E","?","R","T","?","M","?","R","$","R","BOSS"],"build_version":"2018-11-15","purchased_purges":1,"victory":false,"max_hp_per_floor":[80,80,80,80,80,80,80,80,80,80,80,80,80,80,80,80,80,80,80,80,80,80,90,90,90,90,90,90,90,90,90,90,90],"card_choices":[{"not_picked":["Glacier","Double Energy"],"picked":"Spot Weakness","floor":1},{"not_picked":["Clash","Barrage"],"picked":"Go for the Eyes","floor":3},{"not_picked":["Wild Strike","Perfected Strike"],"picked":"Uppercut","floor":4},{"not_picked":["Amplify","Thunder Strike"],"picked":"Juggernaut","floor":7},{"not_picked":["Biased Cognition","Brutality"],"picked":"Amplify","floor":10},{"not_picked":["Headbutt","Barrage"],"picked":"Pummel","floor":12},{"not_picked":["Fiend Fire","Echo Form"],"picked":"Hyperbeam","floor":13},{"not_picked":["Brutality","Impervious"],"picked":"Echo Form","floor":16},{"not_picked":["Redo","Clash"],"picked":"Cleave","floor":18},{"not_picked":["Pommel Strike","Iron Wave"],"picked":"Armaments+1","floor":22},{"not_picked":["Meteor Strike","All For One"],"picked":"Bludgeon","floor":23},{"not_picked":["Power Through","Tempest"],"picked":"Anger","floor":24},{"not_picked":["Twin Strike","Rage"],"picked":"Stack","floor":28}],"player_experience":232307,"relics_obtained":[{"floor":7,"key":"Anchor"},{"floor":9,"key":"Red Skull"},{"floor":10,"key":"PreservedInsect"},{"floor":13,"key":"Orichalcum"},{"floor":17,"key":"Tiny Chest"},{"floor":17,"key":"Paper Frog"},{"floor":17,"key":"Incense Burner"},{"floor":23,"key":"Pear"},{"floor":26,"key":"Omamori"}],"event_choices":[{"damage_healed":0,"gold_gain":0,"player_choice":"Entered Light","damage_taken":16,"max_hp_gain":0,"max_hp_loss":0,"event_name":"Shining Light","floor":2,"gold_loss":0,"cards_upgraded":["Defend_R","Strike_R"]},{"damage_healed":0,"gold_gain":76,"player_choice":"Gained Gold","damage_taken":0,"max_hp_gain":0,"max_hp_loss":0,"event_name":"Golden Wing","floor":14,"gold_loss":0},{"damage_healed":0,"gold_gain":0,"player_choice":"Opened","damage_taken":0,"relics_obtained":["Vajra"],"max_hp_gain":0,"max_hp_loss":0,"event_name":"The Mausoleum","floor":20,"gold_loss":0},{"damage_healed":0,"gold_gain":0,"cards_transformed":["Evolve"],"player_choice":"Transformed","damage_taken":0,"max_hp_gain":0,"max_hp_loss":0,"event_name":"Transmorgrifier","floor":21,"gold_loss":0,"cards_obtained":["Leap"]},{"damage_healed":0,"gold_gain":0,"player_choice":"Inject Mutagens","damage_taken":0,"relics_obtained":["MutagenicStrength"],"max_hp_gain":0,"max_hp_loss":0,"event_name":"Drug Dealer","floor":29,"gold_loss":0}],"is_beta":false,"boss_relics":[{"not_picked":["Tiny House","Empty Cage"],"picked":"Calling Bell"}],"items_purged_floors":[27],"is_endless":false,"potions_floor_spawned":[1,3,7,18,28],"killed_by":"Automaton","ascension_level":0}