{"gold_per_floor":[19,19,19,32,32,32,47,47,47,58,58,58,76,92,92,166,166,86,86,86,86,86,86,86,86,86,86,86,86,1,1,1,1],"floor_reached":33,"playtime":2427,"items_purged":[],"score":494,"play_id":"ce614475-312d-4bbc-be23-9a5d5eb10a1e","local_time":"20190621135506","is_ascension_mode":true,"campfire_choices":[{"data":"Neutralize","floor":6,"key":"SMITH"},{"data":"Survivor","floor":8,"key":"SMITH"},{"data":"Dagger Throw","floor":12,"key":"SMITH"},{"data":"Defend_G","floor":15,"key":"SMITH"},{"floor":23,"key":"REST"},{"data":"Corpse Explosion","floor":24,"key":"SMITH"},{"data":"Footwork","floor":27,"key":"SMITH"},{"floor":29,"key":"REST"},{"floor":32,"key":"REST"}],"neow_cost":"NO_GOLD","seed_source_timestamp":761770255420425,"circlet_count":0,"master_deck":["AscendersBane","Defend_G+1","Defend_G","Defend_G","Defend_G+1","Strike_G","Strike_G","Strike_G+1","Survivor+1","Neutralize+1","Slice","Slice","Dagger Throw+1","Corpse Explosion+1","Footwork","Footwork+1","Footwork+1"],"relics":["Ring of the Snake","WingedGreaves","Ectoplasm","MutagenicStrength","Oddly Smooth Stone","Juzu Bracelet"],"potions_floor_usage":[16,16,22,22],"damage_taken":[{"damage":3,"enemies":"Cultist","floor":1,"turns":4},{"damage":0,"enemies":"Small Slimes","floor":4,"turns":3},{"damage":1,"enemies":"Jaw Worm","floor":7,"turns":5},{"damage":6,"enemies":"3 Louse","floor":10,"turns":4},{"damage":0,"enemies":"Large Slime","floor":13,"turns":4},{"damage":0,"enemies":"Looter","floor":14,"turns":3},{"damage":2,"enemies":"The Guardian","floor":16,"turns":12},{"damage":11,"enemies":"2 Thieves","floor":18,"turns":3},{"damage":0,"enemies":"3 Byrds","floor":20,"turns":3},{"damage":26,"enemies":"Snecko","floor":22,"turns":7},{"damage":0,"enemies":"3 Cultists","floor":25,"turns":2},{"damage":64,"enemies":"Automaton","floor":33,"turns":6}],"seed_played":"-7433840867007830294","potions_obtained":[{"floor":7,"key":"SkillPotion"},{"floor":13,"key":"EssenceOfSteel"},{"floor":14,"key":"SkillPotion"},{"floor":18,"key":"Poison Potion"},{"floor":20,"key":"LiquidBronze"}],"is_trial":false,"path_per_floor":["M","?","?","M","$","R","M","R","T","M","?","R","M","M","R","B",null,"M","?","M","?","M","R","R","M","T","R","?","R","?","$","R","B"],"character_chosen":"THE_SILENT","items_purchased":[],"campfire_rested":3,"item_purchase_floors":[],"current_hp_per_floor":[56,36,58,58,58,58,57,57,57,51,44,44,44,44,44,42,60,49,37,37,37,11,30,30,30,30,30,12,33,33,33,54,0],"gold":1,"neow_bonus":"REMOVE_TWO","is_prod":false,"is_daily":false,"chose_seed":false,"campfire_upgraded":6,"win_rate":0,"timestamp":1561096506,"path_taken":["M","?","?","M","$","R","M","R","T","M","?","R","M","M","R","BOSS","M","?","?","?","M","R","R","M","T","R","?","R","?","?","R","BOSS"],"build_version":"2019-01-23","purchased_purges":0,"victory":false,"max_hp_per_floor":[66,66,66,66,66,66,66,66,66,66,66,66,66,66,66,66,66,66,66,66,66,66,66,66,66,66,66,71,71,71,71,71,71],"card_choices":[{"not_picked":["Bane","Dodge and Roll"],"picked":"Slice","floor":1},{"not_picked":["Predator","Caltrops"],"picked":"Slice","floor":4},{"not_picked":["Sucker Punch","Setup","Bane"],"picked":"SKIP","floor":7},{"not_picked":["Terror","Prepared"],"picked":"Dagger Throw","floor":10},{"not_picked":["Flying Knee","Dagger Throw","Masterful Stab"],"picked":"SKIP","floor":13},{"not_picked":["Eviscerate","Storm of Steel","Dagger Throw"],"picked":"SKIP","floor":14},{"not_picked":["After Image","Grand Finale"],"picked":"Corpse Explosion","floor":16},{"not_picked":["Caltrops","Cloak And Dagger"],"picked":"Footwork","floor":18},{"not_picked":["Acrobatics","Predator","Sucker Punch"],"picked":"SKIP","floor":20},{"not_picked":["Bane","Underhanded Strike+1"],"picked":"Footwork","floor":22},{"not_picked":["Poisoned Stab","Finisher"],"picked":"Footwork+1","floor":25}],"player_experience":942044,"relics_obtained":[{"floor":9,"key":"WingedGreaves"},{"floor":26,"key":"Oddly Smooth Stone"}],"event_choices":[{"damage_healed":0,"gold_gain":0,"player_choice":"Entered Light","damage_taken":20,"max_hp_gain":0,"max_hp_loss":0,"event_name":"Shining Light","floor":2,"gold_loss":0,"cards_upgraded":["Defend_G","Strike_G"]},{"damage_healed":22,"gold_gain":0,"player_choice":"Banana","damage_taken":0,"max_hp_gain":0,"max_hp_loss":0,"event_name":"Big Fish","floor":3,"gold_loss":0},{"cards_removed":["Strike_G"],"damage_healed":0,"gold_gain":0,"player_choice":"Card Removal","damage_taken":7,"max_hp_gain":0,"max_hp_loss":0,"event_name":"Golden Wing","floor":11,"gold_loss":0},{"damage_healed":0,"gold_gain":90,"player_choice":"GOLD ","damage_taken":12,"max_hp_gain":0,"max_hp_loss":0,"event_name":"Knowing Skull","floor":19,"potions_obtained":[],"gold_loss":0,"cards_obtained":[]},{"damage_healed":0,"gold_gain":0,"player_choice":"Inject Mutagens","damage_taken":0,"relics_obtained":["MutagenicStrength"],"max_hp_gain":0,"max_hp_loss":0,"event_name":"Drug Dealer","floor":21,"gold_loss":0},{"damage_healed":0,"gold_gain":0,"player_choice":"Shed Blood","damage_taken":23,"max_hp_gain":5,"max_hp_loss":0,"event_name":"Forgotten Altar","floor":28,"gold_loss":0},{"damage_healed":0,"gold_gain":0,"player_choice":"Obtained Relic","damage_taken":0,"relics_obtained":["Juzu Bracelet"],"max_hp_gain":0,"max_hp_loss":0,"event_name":"Addict","floor":30,"gold_loss":85}],"is_beta":false,"boss_relics":[{"not_picked":["Empty Cage","HoveringKite"],"picked":"Ectoplasm"}],"items_purged_floors":[],"is_endless":false,"potions_floor_spawned":[7,13,14,18,20],"killed_by":"Automaton","ascension_level":18}