{"gold_per_floor":[112,112,112,112,287,287,321,336,336,346,365,365,378,403,403,403],"floor_reached":16,"playtime":425,"items_purged":[],"score":132,"play_id":"7f590e95-3303-44fc-a920-838c115fd889","local_time":"20180926224746","is_ascension_mode":true,"campfire_choices":[{"data":"Capacitor","floor":6,"key":"SMITH"},{"floor":12,"key":"REST"},{"floor":15,"key":"REST"}],"neow_cost":"","seed_source_timestamp":1069265273289958,"circlet_count":0,"master_deck":["Strike_B","Strike_B","Strike_B","Defend_B","Defend_B","Defend_B","Defend_B","Zap","Dualcast","Conserve Battery","Electrodynamics","Redo","Capacitor+1","Doubt","Conserve Battery","White Noise","Conserve Battery","Ball Lightning","White Noise","Turbo"],"relics":["Cracked Core","Cables","Shovel","Ice Cream","Prayer Wheel"],"potions_floor_usage":[10,14,14,14],"damage_taken":[{"damage":0,"enemies":"Cultist","floor":1,"turns":3},{"damage":45,"enemies":"Lagavulin","floor":7,"turns":7},{"damage":0,"enemies":"2 Louse","floor":8,"turns":2},{"damage":7,"enemies":"Jaw Worm","floor":10,"turns":2},{"damage":13,"enemies":"Blue Slaver","floor":11,"turns":3},{"damage":0,"enemies":"2 Fungi Beasts","floor":13,"turns":2},{"damage":15,"enemies":"3 Sentries","floor":14,"turns":4},{"damage":39,"enemies":"The Guardian","floor":16,"turns":8}],"seed_played":"-1486328976313570094","potions_obtained":[{"floor":8,"key":"Fire Potion"},{"floor":10,"key":"FearPotion"},{"floor":11,"key":"Ancient Potion"},{"floor":13,"key":"LiquidBronze"}],"is_trial":false,"path_per_floor":["M","?","?","T","?","R","E","M","T","M","M","R","M","E","R"],"character_chosen":"DEFECT","items_purchased":[],"campfire_rested":2,"item_purchase_floors":[],"current_hp_per_floor":[75,75,75,75,75,75,30,30,30,23,10,32,32,17,39,0],"gold":403,"neow_bonus":"","is_prod":false,"is_daily":false,"chose_seed":false,"campfire_upgraded":1,"win_rate":0,"timestamp":1538016466,"path_taken":["M","?","?","?","?","R","E","M","T","?","?","R","M","E","R","BOSS"],"build_version":"2018-09-20","purchased_purges":0,"victory":false,"max_hp_per_floor":[75,75,75,75,75,75,75,75,75,75,75,75,75,75,75,75],"card_choices":[{"not_picked":["Sweeping Beam","Cold Snap"],"picked":"Conserve Battery","floor":1},{"not_picked":["Coolheaded","Leap"],"picked":"Conserve Battery","floor":7},{"not_picked":["Fusion","Streamline"],"picked":"White Noise","floor":8},{"not_picked":["Tempest","Ball Lightning"],"picked":"Conserve Battery","floor":10},{"not_picked":["Redo","Turbo"],"picked":"Ball Lightning","floor":11},{"not_picked":["Gash","Turbo"],"picked":"White Noise","floor":13},{"not_picked":["Heatsinks","Rebound"],"picked":"Turbo","floor":14}],"player_experience":195293,"relics_obtained":[{"floor":4,"key":"Cables"},{"floor":7,"key":"Shovel"},{"floor":9,"key":"Ice Cream"},{"floor":14,"key":"Prayer Wheel"}],"event_choices":[{"event_name":"Match and Keep!","player_choice":"2 cards matched","floor":2,"damage_taken":0},{"event_name":"Transmorgrifier","player_choice":"Transform","floor":3,"damage_taken":0},{"event_name":"Liars Game","player_choice":"agreed","floor":5,"damage_taken":0}],"is_beta":false,"boss_relics":[],"items_purged_floors":[],"is_endless":false,"potions_floor_spawned":[8,10,11,13],"killed_by":"The Guardian","ascension_level":4}