{"gold_per_floor":[115,115,130,130,42,76,95,130,130,230,244,254,254,269,269,341,341,355,41,60,60,80,115,135,135,160,160],"floor_reached":27,"playtime":3218,"items_purged":["Strike_G"],"score":459,"play_id":"9b48bdf0-7b08-4c69-96ee-8e1a7a51b5e0","local_time":"20190615093159","is_ascension_mode":true,"campfire_choices":[{"data":"Prepared","floor":13,"key":"SMITH"},{"data":"Cloak And Dagger","floor":15,"key":"SMITH"},{"floor":25,"key":"REST"}],"neow_cost":"NONE","seed_source_timestamp":226796370927332,"circlet_count":0,"master_deck":["AscendersBane","Defend_G+1","Defend_G+1","Defend_G","Defend_G","Defend_G","Strike_G","Strike_G","Strike_G","Strike_G","Survivor","Neutralize","Blade Dance","Bandage Up","Cloak And Dagger+1","Tactician","Grand Finale","Prepared+1","Tactician","Prepared","After Image","Dagger Throw","Footwork","Backflip","Acrobatics","Acrobatics","Dagger Throw"],"relics":["Ring of the Serpent","NeowsBlessing","War Paint","Pantograph","Letter Opener","Oddly Smooth Stone","Boot","Ancient Tea Set"],"potions_floor_usage":[8,8,16,23,23],"damage_taken":[{"damage":0,"enemies":"2 Louse","floor":1,"turns":1},{"damage":0,"enemies":"Cultist","floor":3,"turns":1},{"damage":0,"enemies":"Gremlin Nob","floor":6,"turns":1},{"damage":0,"enemies":"Small Slimes","floor":7,"turns":4},{"damage":44,"enemies":"Lagavulin","floor":8,"turns":11},{"damage":0,"enemies":"Blue Slaver","floor":11,"turns":4},{"damage":0,"enemies":"2 Fungi Beasts","floor":12,"turns":3},{"damage":6,"enemies":"3 Louse","floor":14,"turns":4},{"damage":22,"enemies":"The Guardian","floor":16,"turns":12},{"damage":0,"enemies":"3 Byrds","floor":18,"turns":6},{"damage":7,"enemies":"Chosen","floor":20,"turns":9},{"damage":17,"enemies":"Snake Plant","floor":22,"turns":9},{"damage":40,"enemies":"Gremlin Leader","floor":23,"turns":12},{"damage":10,"enemies":"Shelled Parasite and Fungi","floor":24,"turns":9},{"damage":39,"enemies":"Book of Stabbing","floor":27,"turns":8}],"seed_played":"-3575462494070474762","potions_obtained":[{"floor":1,"key":"Fire Potion"},{"floor":6,"key":"GhostInAJar"},{"floor":14,"key":"SkillPotion"},{"floor":16,"key":"Explosive Potion"},{"floor":20,"key":"Fire Potion"}],"is_trial":false,"path_per_floor":["M","?","M","?","$","E","M","E","T","?","M","M","R","M","R","B",null,"M","$","M","$","M","E","M","R","T","E"],"character_chosen":"THE_SILENT","items_purchased":["Bandage Up","Footwork","Backflip","Oddly Smooth Stone"],"campfire_rested":1,"item_purchase_floors":[5,19,19,19],"current_hp_per_floor":[59,59,59,64,64,64,68,27,27,27,31,35,35,33,33,40,63,67,67,64,64,51,15,9,30,30,0],"gold":160,"neow_bonus":"THREE_ENEMY_KILL","is_prod":false,"is_daily":false,"chose_seed":false,"campfire_upgraded":2,"win_rate":0,"timestamp":1560562319,"path_taken":["M","?","?","?","$","E","M","E","T","?","M","M","R","M","R","BOSS","M","?","M","$","M","E","M","R","T","E"],"build_version":"2019-01-23","purchased_purges":1,"victory":false,"max_hp_per_floor":[66,66,66,71,71,71,71,71,71,71,71,71,71,71,71,71,71,71,71,71,71,71,71,71,71,71,71],"card_choices":[{"not_picked":["Choke","All Out Attack","Terror"],"picked":"SKIP","floor":1},{"not_picked":["Flying Knee","Predator"],"picked":"Blade Dance","floor":3},{"not_picked":["Dagger Spray","Noxious Fumes"],"picked":"Cloak And Dagger","floor":6},{"not_picked":["Outmaneuver","Setup"],"picked":"Tactician","floor":7},{"not_picked":["Slice","Sucker Punch"],"picked":"Grand Finale","floor":8},{"not_picked":["Distraction","Predator"],"picked":"Prepared","floor":11},{"not_picked":["Blur","Masterful Stab"],"picked":"Tactician","floor":12},{"not_picked":["Outmaneuver","Underhanded Strike"],"picked":"Prepared","floor":14},{"not_picked":["Unload","Glass Knife"],"picked":"After Image","floor":16},{"not_picked":["Leg Sweep","Poisoned Stab"],"picked":"Dagger Throw","floor":18},{"not_picked":["Dodge and Roll","Poisoned Stab","Deflect"],"picked":"SKIP","floor":20},{"not_picked":["Tactician","Blade Dance"],"picked":"Acrobatics","floor":22},{"not_picked":["Phantasmal Killer","Quick Slash"],"picked":"Acrobatics","floor":23},{"not_picked":["Outmaneuver","Bullet Time"],"picked":"Dagger Throw","floor":24}],"player_experience":834783,"relics_obtained":[{"floor":6,"key":"War Paint"},{"floor":8,"key":"Pantograph"},{"floor":9,"key":"Letter Opener"},{"floor":23,"key":"Boot"},{"floor":26,"key":"Ancient Tea Set"}],"event_choices":[{"damage_healed":0,"gold_gain":0,"player_choice":"Bought 0 Potions","damage_taken":0,"max_hp_gain":0,"max_hp_loss":0,"event_name":"The Woman in Blue","floor":2,"gold_loss":0},{"damage_healed":0,"gold_gain":0,"player_choice":"Donut","damage_taken":0,"max_hp_gain":5,"max_hp_loss":0,"event_name":"Big Fish","floor":4,"gold_loss":0},{"damage_healed":0,"gold_gain":100,"player_choice":"Gold","damage_taken":0,"max_hp_gain":0,"max_hp_loss":0,"event_name":"Wheel of Change","floor":10,"gold_loss":0}],"is_beta":false,"boss_relics":[{"not_picked":["Calling Bell","White Beast Statue"],"picked":"Ring of the Serpent"}],"items_purged_floors":[19],"is_endless":false,"potions_floor_spawned":[1,6,7,14,16,20],"killed_by":"Book of Stabbing","ascension_level":14}