{"gold_per_floor":[118,170,140,160,175,238,256,256,256,283,297,308,308,113,113,212,212,223,223,240,108,120,148,148,182,182,207,8,8,28,28,28,28],"floor_reached":33,"playtime":2234,"items_purged":[],"score":442,"play_id":"a15756d5-4415-444f-bbdc-46cd6dae92bb","local_time":"20181226221240","is_ascension_mode":true,"campfire_choices":[{"data":"True Grit","floor":8,"key":"SMITH"},{"data":"Flame Barrier","floor":13,"key":"SMITH"},{"data":"Fiend Fire","floor":15,"key":"SMITH"},{"data":"Flame Barrier","floor":24,"key":"SMITH"},{"floor":29,"key":"REST"},{"floor":32,"key":"REST"}],"neow_cost":"NONE","seed_source_timestamp":378800230185996,"circlet_count":0,"master_deck":["Strike_R","Strike_R","Strike_R","Strike_R","Strike_R","Defend_R","Defend_R","Defend_R","Defend_R","Bash+1","Anger","Flame Barrier+1","Headbutt","True Grit+1","Fiend Fire+1","Pommel Strike","Flame Barrier+1","Immolate","Inflame","Armaments","Clothesline","Shrug It Off","Seeing Red+1","Cleave+1","Flex+1","Fiend Fire+1","Searing Blow+1"],"relics":["Burning Blood","Tiny Chest","Lantern","Gremlin Horn","Red Skull","Snecko Eye","Dream Catcher","Happy Flower","Molten Egg 2","Mummified Hand","Orichalcum","Question Card"],"potions_floor_usage":[6,6,16,16,23,25,27,27,33],"damage_taken":[{"damage":3,"enemies":"Jaw Worm","floor":1,"turns":4},{"damage":4,"enemies":"2 Louse","floor":4,"turns":3},{"damage":1,"enemies":"Cultist","floor":5,"turns":3},{"damage":23,"enemies":"Gremlin Nob","floor":6,"turns":4},{"damage":18,"enemies":"Red Slaver","floor":7,"turns":4},{"damage":21,"enemies":"3 Sentries","floor":10,"turns":10},{"damage":0,"enemies":"2 Fungi Beasts","floor":11,"turns":3},{"damage":17,"enemies":"Exordium Thugs","floor":12,"turns":4},{"damage":20,"enemies":"The Guardian","floor":16,"turns":9},{"damage":11,"enemies":"Spheric Guardian","floor":18,"turns":3},{"damage":1,"enemies":"Colosseum Slavers","floor":19,"turns":2},{"damage":13,"enemies":"Shell Parasite","floor":20,"turns":3},{"damage":8,"enemies":"Shelled Parasite and Fungi","floor":22,"turns":3},{"damage":0,"enemies":"Slavers","floor":23,"turns":3},{"damage":20,"enemies":"Gremlin Leader","floor":25,"turns":5},{"damage":26,"enemies":"Slavers","floor":27,"turns":2},{"damage":24,"enemies":"Snake Plant","floor":30,"turns":4},{"damage":63,"enemies":"Champ","floor":33,"turns":12}],"seed_played":"-893846176969406190","potions_obtained":[{"floor":3,"key":"GamblersBrew"},{"floor":3,"key":"Weak Potion"},{"floor":5,"key":"AttackPotion"},{"floor":7,"key":"Strength Potion"},{"floor":16,"key":"Dexterity Potion"},{"floor":18,"key":"SpeedPotion"},{"floor":20,"key":"Swift Potion"},{"floor":22,"key":"SkillPotion"},{"floor":23,"key":"Explosive Potion"}],"is_trial":false,"path_per_floor":["M","?","?","M","M","E","M","R","T","E","M","M","R","$","R","B",null,"M","?","M","$","M","E","R","E","T","E","$","R","M","T","R","B"],"character_chosen":"IRONCLAD","items_purchased":["Red Skull","PowerPotion","Inflame","Armaments","Orichalcum","Strength Potion"],"campfire_rested":2,"item_purchase_floors":[14,14,21,21,28,28],"current_hp_per_floor":[75,75,75,77,80,63,51,51,51,36,42,31,31,31,31,17,64,59,64,57,57,55,61,61,47,47,27,27,51,33,33,57,0],"gold":28,"neow_bonus":"UPGRADE_CARD","is_prod":false,"is_daily":false,"chose_seed":false,"campfire_upgraded":4,"win_rate":0,"timestamp":1545891160,"path_taken":["M","?","?","M","M","E","M","R","T","E","M","?","R","?","R","BOSS","M","?","M","$","M","E","R","E","T","E","$","R","M","?","R","BOSS"],"build_version":"2018-12-20","purchased_purges":0,"victory":false,"max_hp_per_floor":[80,80,80,80,80,80,80,80,80,80,80,80,80,80,80,80,80,80,80,80,80,80,80,80,80,80,80,80,80,80,80,80,80],"card_choices":[{"not_picked":["Armaments","Entrench"],"picked":"Anger","floor":1},{"not_picked":["Warcry","Wild Strike","Clash"],"picked":"SKIP","floor":4},{"not_picked":["Iron Wave","True Grit"],"picked":"Flame Barrier","floor":5},{"not_picked":["Anger","Intimidate"],"picked":"Headbutt","floor":6},{"not_picked":["Body Slam","Pommel Strike"],"picked":"True Grit","floor":7},{"not_picked":["Heavy Blade","Hemokinesis"],"picked":"Fiend Fire","floor":10},{"not_picked":["Sword Boomerang","Second Wind"],"picked":"Pommel Strike","floor":11},{"not_picked":["Evolve","Armaments"],"picked":"Flame Barrier","floor":12},{"not_picked":["Brutality","Barricade"],"picked":"Immolate","floor":16},{"not_picked":["Headbutt","Thunderclap","Warcry"],"picked":"SKIP","floor":18},{"not_picked":["Clash+1","Headbutt","Sever Soul"],"picked":"SKIP","floor":20},{"not_picked":["Twin Strike","Combust"],"picked":"Clothesline","floor":22},{"not_picked":["Flex","Juggernaut"],"picked":"Shrug It Off","floor":23},{"not_picked":["Burning Pact+1","Armaments"],"picked":"Seeing Red+1","floor":25},{"not_picked":["Entrench","Sever Soul+1"],"picked":"Cleave+1","floor":27},{"not_picked":["Wild Strike+1","Warcry"],"picked":"Flex+1","floor":29},{"not_picked":["True Grit","Headbutt+1"],"picked":"Fiend Fire+1","floor":30},{"not_picked":["Combust+1","Thunderclap+1","Wild Strike+1"],"picked":"Searing Blow+1","floor":32}],"player_experience":136747,"relics_obtained":[{"floor":6,"key":"Tiny Chest"},{"floor":9,"key":"Lantern"},{"floor":10,"key":"Gremlin Horn"},{"floor":23,"key":"Dream Catcher"},{"floor":25,"key":"Happy Flower"},{"floor":26,"key":"Molten Egg 2"},{"floor":27,"key":"Mummified Hand"},{"floor":31,"key":"Question Card"}],"event_choices":[{"damage_healed":0,"gold_gain":52,"player_choice":"Gained Gold","damage_taken":0,"max_hp_gain":0,"max_hp_loss":0,"event_name":"Golden Wing","floor":2,"gold_loss":0},{"damage_healed":0,"gold_gain":0,"player_choice":"Bought 2 Potions","damage_taken":0,"max_hp_gain":0,"max_hp_loss":0,"event_name":"The Woman in Blue","floor":3,"gold_loss":0},{"damage_healed":0,"gold_gain":0,"player_choice":"Fight","damage_taken":0,"max_hp_gain":0,"max_hp_loss":0,"event_name":"Colosseum","floor":19,"gold_loss":0},{"damage_healed":0,"gold_gain":0,"player_choice":"Fled From Nobs","damage_taken":0,"max_hp_gain":0,"max_hp_loss":0,"event_name":"Colosseum","floor":19,"gold_loss":0}],"is_beta":false,"boss_relics":[{"not_picked":["White Beast Statue","Coffee Dripper"],"picked":"Snecko Eye"}],"items_purged_floors":[],"is_endless":false,"potions_floor_spawned":[5,7,16,18,20,22,23],"killed_by":"Champ","ascension_level":6}