{"gold_per_floor":[114,124,124,124,136,166,180,180,180,191,191,224,238,253,253,357,357,370,370],"floor_reached":19,"playtime":1611,"items_purged":[],"score":181,"play_id":"3e3a0c8f-59ee-4581-bcab-42fd13fa6743","local_time":"20190116142555","is_ascension_mode":false,"campfire_choices":[{"floor":8,"key":"REST"},{"floor":15,"key":"REST"}],"neow_cost":"NONE","seed_source_timestamp":642616439471605,"circlet_count":0,"master_deck":["Defend_G+1","Defend_G","Defend_G","Defend_G","Defend_G","Strike_G","Strike_G","Strike_G","Strike_G","Strike_G","Survivor","Neutralize","Cloak And Dagger+1","Quick Slash","Terror+1","Well Laid Plans","Backflip","Blade Dance","Poisoned Stab","PiercingWail","All Out Attack","Glass Knife","Dagger Throw"],"relics":["Ring of the Serpent","Happy Flower","War Paint","Anchor","Bottled Flame"],"potions_floor_usage":[16,19,19,19],"damage_taken":[{"damage":5,"enemies":"2 Louse","floor":1,"turns":3},{"damage":2,"enemies":"Small Slimes","floor":2,"turns":5},{"damage":0,"enemies":"Cultist","floor":5,"turns":3},{"damage":14,"enemies":"Lagavulin","floor":6,"turns":10},{"damage":6,"enemies":"Blue Slaver","floor":7,"turns":3},{"damage":0,"enemies":"Gremlin Gang","floor":10,"turns":6},{"damage":12,"enemies":"3 Sentries","floor":12,"turns":11},{"damage":0,"enemies":"Exordium Wildlife","floor":13,"turns":2},{"damage":0,"enemies":"2 Fungi Beasts","floor":14,"turns":3},{"damage":29,"enemies":"The Guardian","floor":16,"turns":16},{"damage":5,"enemies":"Shell Parasite","floor":18,"turns":5},{"damage":20,"enemies":"Colosseum Slavers","floor":19,"turns":5},{"damage":46,"enemies":"Colosseum Nobs","floor":19,"turns":4}],"seed_played":"-8978105143651849294","potions_obtained":[{"floor":2,"key":"GamblersBrew"},{"floor":6,"key":"Energy Potion"},{"floor":7,"key":"Ancient Potion"},{"floor":13,"key":"Weak Potion"},{"floor":16,"key":"Ancient Potion"}],"is_trial":false,"path_per_floor":["M","M","?","?","M","E","M","R","T","M","?","E","M","M","R","B",null,"M","?"],"character_chosen":"THE_SILENT","items_purchased":[],"campfire_rested":2,"item_purchase_floors":[],"current_hp_per_floor":[65,63,63,63,63,49,43,64,64,64,64,52,52,52,70,41,70,65,0],"gold":370,"neow_bonus":"RANDOM_COMMON_RELIC","is_prod":false,"is_daily":false,"chose_seed":false,"campfire_upgraded":0,"win_rate":0.0,"timestamp":1547666755,"path_taken":["M","M","?","?","M","E","M","R","T","?","?","E","?","M","R","BOSS","M","?"],"build_version":"2019-01-10","purchased_purges":0,"victory":false,"max_hp_per_floor":[70,70,70,70,70,70,70,70,70,70,70,70,70,70,70,70,70,70,70],"card_choices":[{"not_picked":["Flying Knee","Dodge and Roll"],"picked":"Cloak And Dagger","floor":1},{"not_picked":["Slice","Prepared"],"picked":"Quick Slash","floor":2},{"not_picked":["Choke","PiercingWail"],"picked":"Terror","floor":5},{"not_picked":["Setup","Outmaneuver"],"picked":"Well Laid Plans","floor":6},{"not_picked":["Reflex","Acrobatics"],"picked":"Backflip","floor":7},{"not_picked":["Deflect","Quick Slash"],"picked":"Blade Dance","floor":10},{"not_picked":["Concentrate","Catalyst"],"picked":"Poisoned Stab","floor":12},{"not_picked":["All Out Attack","Noxious Fumes"],"picked":"PiercingWail","floor":13},{"not_picked":["Concentrate","Venomology"],"picked":"All Out Attack","floor":14},{"not_picked":["Malaise","Night Terror"],"picked":"Glass Knife","floor":16},{"not_picked":["Prepared","Accuracy"],"picked":"Dagger Throw","floor":18}],"player_experience":48798,"relics_obtained":[{"floor":6,"key":"War Paint"},{"floor":9,"key":"Anchor"},{"floor":12,"key":"Bottled Flame"}],"event_choices":[{"damage_healed":0,"gold_gain":0,"player_choice":"Ignored","damage_taken":0,"max_hp_gain":0,"max_hp_loss":0,"event_name":"Liars Game","floor":3,"gold_loss":0},{"damage_healed":0,"gold_gain":0,"player_choice":"Forge","damage_taken":0,"max_hp_gain":0,"max_hp_loss":0,"event_name":"Accursed Blacksmith","floor":4,"gold_loss":0,"cards_upgraded":["Cloak And Dagger"]},{"damage_healed":0,"gold_gain":0,"player_choice":"Bought 0 Potions","damage_taken":0,"max_hp_gain":0,"max_hp_loss":0,"event_name":"The Woman in Blue","floor":11,"gold_loss":0},{"damage_healed":0,"gold_gain":0,"player_choice":"Fight","damage_taken":0,"max_hp_gain":0,"max_hp_loss":0,"event_name":"Colosseum","floor":19,"gold_loss":0},{"damage_healed":0,"gold_gain":0,"player_choice":"Fought Nobs","damage_taken":0,"max_hp_gain":0,"max_hp_loss":0,"event_name":"Colosseum","floor":19,"gold_loss":0}],"is_beta":false,"boss_relics":[{"not_picked":["Empty Cage","Runic Pyramid"],"picked":"Ring of the Serpent"}],"items_purged_floors":[],"is_endless":false,"potions_floor_spawned":[2,6,7,13,16,19],"killed_by":"Colosseum Nobs","ascension_level":0}