{"gold_per_floor":[118,118,142,163,179,179,203,247,247,247],"floor_reached":10,"playtime":1170,"items_purged":[],"score":133,"play_id":"3b80509f-7412-41f9-bd82-a7e03ce00770","local_time":"20190606123319","is_ascension_mode":true,"campfire_choices":[{"data":"Neutralize","floor":6.0,"key":"SMITH"}],"neow_cost":"NONE","seed_source_timestamp":1932374921633671,"circlet_count":0,"master_deck":["AscendersBane","Defend_G","Defend_G","Defend_G","Defend_G","Defend_G","Strike_G","Strike_G","Strike_G","Strike_G","Strike_G","Survivor","Neutralize+1","Poisoned Stab","Predator","Footwork","Dash","Endless Agony"],"special_seed":0,"relics":["Ring of the Snake","Golden Idol","Mango","Blue Candle"],"potions_floor_usage":[10,10],"damage_taken":[{"damage":9.0,"enemies":"Jaw Worm","floor":1.0,"turns":8.0},{"damage":1.0,"enemies":"Small Slimes","floor":3.0,"turns":4.0},{"damage":2.0,"enemies":"2 Louse","floor":4.0,"turns":5.0},{"damage":9.0,"enemies":"Lots of Slimes","floor":5.0,"turns":7.0},{"damage":33.0,"enemies":"Exordium Thugs","floor":7.0,"turns":8.0},{"damage":22,"enemies":"3 Sentries","floor":8,"turns":12},{"damage":20,"enemies":"Gremlin Nob","floor":10,"turns":4}],"seed_played":"-7032270806660386453","potions_obtained":[{"floor":3.0,"key":"Regen Potion"},{"floor":5.0,"key":"LiquidBronze"},{"floor":7.0,"key":"SpeedPotion"},{"floor":8,"key":"Weak Potion"}],"is_trial":false,"path_per_floor":["M","?","M","M","M","R","M","E","T","E"],"character_chosen":"THE_SILENT","items_purchased":[],"campfire_rested":0,"item_purchase_floors":[],"current_hp_per_floor":[56,56,55,53,59,59,26,18,18,0],"gold":247,"neow_bonus":"TEN_PERCENT_HP_BONUS","is_prod":false,"is_daily":false,"chose_seed":false,"campfire_upgraded":1,"win_rate":0,"timestamp":1559838799,"path_taken":["M","?","M","M","M","R","M","E","T","E"],"build_version":"2019-01-23","purchased_purges":0,"victory":false,"max_hp_per_floor":[72,65,65,65,65,65,65,79,79,79],"card_choices":[{"not_picked":["Dodge and Roll","Cloak And Dagger"],"picked":"Poisoned Stab","floor":1.0},{"not_picked":["Underhanded Strike","Bane","Tactician"],"picked":"SKIP","floor":3.0},{"not_picked":["Distraction","Acrobatics"],"picked":"Predator","floor":4.0},{"not_picked":["Prepared","Noxious Fumes"],"picked":"Footwork","floor":5.0},{"not_picked":["Blade Dance","Tools of the Trade"],"picked":"Dash","floor":7.0},{"not_picked":["Sucker Punch","Eviscerate"],"picked":"Endless Agony","floor":8}],"player_experience":804274,"relics_obtained":[{"floor":8,"key":"Mango"},{"floor":9,"key":"Blue Candle"}],"event_choices":[{"damage_healed":0.0,"max_hp_gain":0.0,"max_hp_loss":7.0,"gold_gain":0.0,"event_name":"Golden Idol","player_choice":"Lose Max HP","floor":2.0,"gold_loss":0.0,"damage_taken":0.0,"relics_obtained":["Golden Idol"]}],"is_beta":false,"boss_relics":[],"items_purged_floors":[],"is_endless":false,"potions_floor_spawned":[3,5,7,8],"killed_by":"Gremlin Nob","ascension_level":18}