{"gold_per_floor":[119,129,146,157,157,157,176,176,176,210,285,32,32,50,50,123,123,140,159,7,27,39,39,53,53,53,53,66,83,83,133,133,208,208,225,239,239,239,250,250,250,137,137,137,154,166,90,90,90,90],"floor_reached":51,"playtime":5549,"items_purged":["Strike_G","Strike_G"],"score":1271,"play_id":"27515bfa-42f2-4b7a-b62d-47d6e7ee217b","local_time":"20190102183007","is_ascension_mode":true,"campfire_choices":[{"data":"Skewer","floor":6,"key":"SMITH"},{"floor":8,"key":"REST"},{"data":"Noxious Fumes","floor":15,"key":"SMITH"},{"floor":23,"key":"REST"},{"floor":25,"key":"REST"},{"data":"Catalyst","floor":30,"key":"SMITH"},{"floor":32,"key":"REST"},{"data":"Footwork","floor":40,"key":"SMITH"},{"data":"Catalyst","floor":44,"key":"SMITH"},{"data":"Calculated Gamble","floor":49,"key":"SMITH"}],"neow_cost":"NONE","seed_source_timestamp":6563095234063,"circlet_count":0,"master_deck":["AscendersBane","Defend_G","Defend_G","Defend_G","Defend_G","Defend_G+1","Survivor","Neutralize","Dash","Skewer+1","Blur","Catalyst+1","Noxious Fumes+1","Bouncing Flask","Escape Plan","Backflip","Footwork+1","Dodge and Roll","Calculated Gamble+1","Tactician","Finisher+1","Escape Plan+1","Flying Knee+1","Dodge and Roll","Acrobatics+1","Footwork","Catalyst+1","Poisoned Stab+1","Reflex","Well Laid Plans"],"relics":["Ring of the Snake","Ornamental Fan","Shuriken","Sozu","Omamori","Astrolabe","Darkstone Periapt"],"potions_floor_usage":[16,19,46],"damage_taken":[{"damage":1,"enemies":"2 Louse","floor":1,"turns":3},{"damage":12,"enemies":"Small Slimes","floor":2,"turns":4},{"damage":0,"enemies":"Jaw Worm","floor":3,"turns":4},{"damage":2,"enemies":"3 Louse","floor":4,"turns":5},{"damage":0,"enemies":"2 Fungi Beasts","floor":7,"turns":4},{"damage":13,"enemies":"3 Sentries","floor":10,"turns":8},{"damage":1,"enemies":"Blue Slaver","floor":14,"turns":3},{"damage":15,"enemies":"The Guardian","floor":16,"turns":10},{"damage":7,"enemies":"2 Thieves","floor":18,"turns":4},{"damage":15,"enemies":"3 Byrds","floor":19,"turns":4},{"damage":16,"enemies":"Snake Plant","floor":21,"turns":5},{"damage":9,"enemies":"Centurion and Healer","floor":22,"turns":7},{"damage":11,"enemies":"Shelled Parasite and Fungi","floor":24,"turns":7},{"damage":6,"enemies":"Snake Plant","floor":28,"turns":5},{"damage":7,"enemies":"Chosen and Byrds","floor":29,"turns":6},{"damage":1,"enemies":"Champ","floor":33,"turns":11},{"damage":9,"enemies":"3 Shapes","floor":35,"turns":6},{"damage":11,"enemies":"3 Darklings","floor":36,"turns":6},{"damage":21,"enemies":"4 Shapes","floor":39,"turns":6},{"damage":0,"enemies":"Transient","floor":45,"turns":6},{"damage":19,"enemies":"Writhing Mass","floor":46,"turns":6},{"damage":48,"enemies":"Time Eater","floor":50,"turns":10}],"seed_played":"9126434083419835796","potions_obtained":[{"floor":1,"key":"Poison Potion"},{"floor":3,"key":"GhostInAJar"},{"floor":16,"key":"Explosive Potion"}],"is_trial":false,"path_per_floor":["M","M","M","M","?","R","M","R","T","E","?","$","?","M","R","B",null,"M","M","$","M","M","R","M","R","T","?","M","M","R","?","R","B",null,"M","M","?","?","M","R","?","$","T","R","M","M","$","?","R","B",null],"character_chosen":"THE_SILENT","items_purchased":["Noxious Fumes","Bouncing Flask","Backflip","Footwork","Catalyst","Well Laid Plans"],"campfire_rested":4,"item_purchase_floors":[12,12,20,42,42,47],"current_hp_per_floor":[64,52,52,50,28,28,28,49,49,36,25,25,25,24,24,9,56,49,34,34,18,9,30,19,40,40,40,34,27,27,27,48,47,66,57,46,60,60,39,39,39,39,39,39,39,20,20,59,59,11],"gold":90,"neow_bonus":"TEN_PERCENT_HP_BONUS","is_prod":false,"is_daily":false,"chose_seed":false,"campfire_upgraded":6,"win_rate":0,"timestamp":1546464607,"path_taken":["M","M","M","M","?","R","M","R","T","E","?","$","?","M","R","BOSS","M","M","$","M","M","R","M","R","T","?","M","M","R","?","R","BOSS","M","M","?","?","?","R","?","$","T","R","M","M","$","?","R","BOSS"],"build_version":"2018-12-20","purchased_purges":2,"victory":true,"max_hp_per_floor":[72,72,72,72,72,72,72,72,72,72,72,72,72,72,72,72,72,72,72,72,72,72,72,72,72,72,72,72,72,72,72,72,72,72,72,72,72,72,72,72,72,72,72,72,72,72,72,59,59,59],"card_choices":[{"not_picked":["Deflect","Prepared"],"picked":"Dash","floor":1},{"not_picked":["Slice","Calculated Gamble"],"picked":"Endless Agony","floor":2},{"not_picked":["Backflip","Blade Dance"],"picked":"Skewer","floor":3},{"not_picked":["Skewer","Glass Knife"],"picked":"Blur","floor":4},{"not_picked":["Riddle With Holes","Poisoned Stab","Deflect"],"picked":"SKIP","floor":7},{"not_picked":["Dagger Throw","Blade Dance"],"picked":"Catalyst","floor":10},{"not_picked":["Tactician","Concentrate","Poisoned Stab"],"picked":"SKIP","floor":14},{"not_picked":["Predator+1","Endless Agony+1","Poisoned Stab"],"picked":"SKIP","floor":18},{"not_picked":["Poisoned Stab","Bane"],"picked":"Escape Plan","floor":19},{"not_picked":["Underhanded Strike","Escape Plan"],"picked":"Footwork","floor":21},{"not_picked":["Setup","Riddle With Holes"],"picked":"Dodge and Roll","floor":22},{"not_picked":["Setup","Accuracy"],"picked":"Calculated Gamble","floor":24},{"not_picked":["Unload","Skewer","Flechettes"],"picked":"SKIP","floor":28},{"not_picked":["Underhanded Strike","Skewer","Bouncing Flask"],"picked":"SKIP","floor":29},{"not_picked":["Endless Agony","Slice"],"picked":"Dodge and Roll","floor":35},{"not_picked":["Underhanded Strike+1","Quick Slash"],"picked":"Acrobatics+1","floor":36},{"not_picked":["Acrobatics+1","Bane+1","Dodge and Roll"],"picked":"SKIP","floor":39},{"not_picked":["Blade Dance","Grand Finale"],"picked":"Poisoned Stab+1","floor":45},{"not_picked":["Flying Knee","Riddle With Holes"],"picked":"Reflex","floor":46}],"player_experience":655608,"relics_obtained":[{"floor":9,"key":"Ornamental Fan"},{"floor":10,"key":"Shuriken"},{"floor":26,"key":"Omamori"},{"floor":43,"key":"Darkstone Periapt"}],"event_choices":[{"damage_healed":0,"gold_gain":0,"player_choice":"Entered Light","damage_taken":22,"max_hp_gain":0,"max_hp_loss":0,"event_name":"Shining Light","floor":5,"gold_loss":0,"cards_upgraded":["Strike_G","Defend_G"]},{"damage_healed":0,"gold_gain":75,"player_choice":"Gather Gold","damage_taken":11,"max_hp_gain":0,"max_hp_loss":0,"event_name":"World of Goop","floor":11,"gold_loss":0},{"damage_healed":0,"gold_gain":0,"player_choice":"Leave","damage_taken":0,"max_hp_gain":0,"max_hp_loss":0,"event_name":"The Cleric","floor":13,"gold_loss":0},{"damage_healed":0,"gold_gain":0,"cards_transformed":["Strike_G","Strike_G"],"player_choice":"Became Test Subject","damage_taken":0,"max_hp_gain":0,"max_hp_loss":0,"event_name":"Drug Dealer","floor":27,"gold_loss":0,"cards_obtained":["Tactician","Tactician"]},{"damage_healed":0,"gold_gain":50,"player_choice":"Stole From Cult","damage_taken":0,"max_hp_gain":0,"max_hp_loss":0,"event_name":"Nest","floor":31,"gold_loss":0},{"damage_healed":14,"gold_gain":0,"player_choice":"Writhe","damage_taken":0,"max_hp_gain":0,"max_hp_loss":0,"event_name":"Winding Halls","floor":37,"gold_loss":0,"cards_obtained":["Writhe"]},{"damage_healed":0,"gold_gain":0,"player_choice":"Cursed","damage_taken":0,"max_hp_gain":0,"max_hp_loss":0,"event_name":"Wheel of Change","floor":38,"gold_loss":0,"cards_obtained":["Decay"]},{"damage_healed":0,"gold_gain":0,"player_choice":"Ignored","damage_taken":0,"max_hp_gain":0,"max_hp_loss":0,"event_name":"Tomb of Lord Red Mask","floor":41,"gold_loss":0},{"damage_healed":59,"gold_gain":0,"player_choice":"Heal","damage_taken":0,"max_hp_gain":0,"max_hp_loss":13,"event_name":"The Moai Head","floor":48,"gold_loss":0}],"is_beta":false,"boss_relics":[{"not_picked":["HoveringKite","WristBlade"],"picked":"Sozu"},{"not_picked":["Eternal Feather","Black Star"],"picked":"Astrolabe"}],"items_purged_floors":[12,20],"is_endless":false,"potions_floor_spawned":[1,3,4,14,16,19,21,24,39,45],"ascension_level":19}