{"gold_per_floor":[113,123,123,140,140,166,215,215,242,269,234,234,3,14,14,118,118,98,98,98,197,210,210,29,29,29,0,13,13,13,28,28,28],"floor_reached":33,"playtime":974,"items_purged":[],"score":361,"play_id":"2d0affd5-8695-432d-a764-2d391f48be95","local_time":"20181127230823","is_ascension_mode":true,"campfire_choices":[{"floor":8,"key":"REST"},{"data":"White Noise","floor":12,"key":"SMITH"},{"data":"Hello World","floor":15,"key":"SMITH"},{"floor":23,"key":"REST"},{"data":"Zap","floor":25,"key":"SMITH"},{"floor":29,"key":"REST"},{"data":"Shame","floor":32,"key":"PURGE"}],"neow_cost":"NONE","seed_source_timestamp":5113931738846358,"circlet_count":0,"master_deck":["Strike_B+1","Strike_B","Strike_B","Strike_B","Defend_B","Defend_B","Defend_B","Defend_B","Zap+1","Dualcast","Self Repair+1","Ball Lightning+1","Leap","Doom and Gloom","Biased Cognition","White Noise+1","Hello World+1","Melter","Machine Learning","Self Repair","Ball Lightning+1","Streamline+1","Mayhem","BootSequence","Conserve Battery"],"relics":["Cracked Core","Oddly Smooth Stone","Boot","Smiling Mask","WingedGreaves","Whetstone","Lizard Tail","Dream Catcher","Peace Pipe","MutagenicStrength"],"potions_floor_usage":[6,16,28,28,28,31],"damage_taken":[{"damage":0,"enemies":"2 Louse","floor":1,"turns":2},{"damage":2,"enemies":"Jaw Worm","floor":2,"turns":2},{"damage":0,"enemies":"Small Slimes","floor":4,"turns":3},{"damage":32,"enemies":"Lagavulin","floor":6,"turns":6},{"damage":38,"enemies":"3 Sentries","floor":10,"turns":5},{"damage":6,"enemies":"Looter","floor":14,"turns":3},{"damage":0,"enemies":"Slime Boss","floor":16,"turns":5},{"damage":46,"enemies":"2 Thieves","floor":18,"turns":4},{"damage":25,"enemies":"3 Byrds","floor":22,"turns":4},{"damage":36,"enemies":"Centurion and Healer","floor":28,"turns":6},{"damage":2,"enemies":"Shelled Parasite and Fungi","floor":31,"turns":5},{"damage":80,"enemies":"Automaton","floor":33,"turns":6}],"seed_played":"4877793886912235339","potions_obtained":[{"floor":1,"key":"SkillPotion"},{"floor":4,"key":"FearPotion"},{"floor":14,"key":"PowerPotion"},{"floor":16,"key":"SpeedPotion"},{"floor":22,"key":"LiquidBronze"},{"floor":28,"key":"SkillPotion"}],"is_trial":false,"path_per_floor":["M","M","?","M","?","E","T","R","T","E","?","R","$","M","R","B",null,"M","?","?","?","M","R","$","R","T","?","M","R","?","M","R","B"],"character_chosen":"DEFECT","items_purchased":["Whetstone","Hello World","Mayhem"],"campfire_rested":3,"item_purchase_floors":[13,13,24],"current_hp_per_floor":[75,73,73,75,75,53,53,75,75,47,65,65,65,69,69,69,75,39,25,25,25,57,80,80,80,80,80,61,80,80,80,80,0],"gold":28,"neow_bonus":"THREE_CARDS","is_prod":false,"is_daily":false,"chose_seed":false,"campfire_upgraded":3,"win_rate":0,"timestamp":1543378103,"path_taken":["M","M","?","M","?","E","?","R","T","E","?","R","?","M","R","BOSS","M","?","?","?","M","R","?","R","T","?","?","R","?","M","R","BOSS"],"build_version":"2018-11-15","purchased_purges":0,"victory":false,"max_hp_per_floor":[75,75,75,75,75,75,75,75,75,75,75,75,75,75,75,75,75,75,80,80,80,80,80,80,80,80,80,80,80,80,80,80,80],"card_choices":[{"not_picked":["Go for the Eyes","Redo"],"picked":"Self Repair","floor":0},{"not_picked":["Loop","Barrage"],"picked":"Ball Lightning","floor":1},{"not_picked":["Redo","Beam Cell"],"picked":"Leap","floor":2},{"not_picked":["Steam Power","Barrage"],"picked":"Doom and Gloom","floor":4},{"not_picked":["Skim","Coolheaded"],"picked":"Biased Cognition","floor":6},{"not_picked":["Chaos","Double Energy"],"picked":"White Noise","floor":10},{"not_picked":["Tempest","Heatsinks"],"picked":"Melter","floor":14},{"not_picked":["Multi-Cast","Echo Form"],"picked":"Machine Learning","floor":16},{"not_picked":["Chaos+1","Beam Cell"],"picked":"Self Repair","floor":18},{"not_picked":["Hologram","Defragment"],"picked":"Ball Lightning+1","floor":22},{"not_picked":["Reprogram","Doom and Gloom"],"picked":"Streamline+1","floor":23},{"not_picked":["Compile Driver","Doom and Gloom"],"picked":"BootSequence","floor":28},{"not_picked":["Barrage","Chill+1"],"picked":"Conserve Battery","floor":29},{"not_picked":["Beam Cell","Coolheaded","Steam"],"picked":"SKIP","floor":31}],"player_experience":220219,"relics_obtained":[{"floor":6,"key":"Oddly Smooth Stone"},{"floor":7,"key":"Boot"},{"floor":9,"key":"Smiling Mask"},{"floor":10,"key":"WingedGreaves"},{"floor":26,"key":"Peace Pipe"}],"event_choices":[{"damage_healed":0,"gold_gain":0,"player_choice":"Ignored","damage_taken":0,"max_hp_gain":0,"max_hp_loss":0,"event_name":"Golden Wing","floor":3,"gold_loss":0},{"damage_healed":0,"gold_gain":0,"player_choice":"Grow","damage_taken":0,"max_hp_gain":0,"max_hp_loss":0,"event_name":"Living Wall","floor":5,"gold_loss":0,"cards_upgraded":["Self Repair"]},{"damage_healed":18,"gold_gain":0,"player_choice":"Healed","damage_taken":0,"max_hp_gain":0,"max_hp_loss":0,"event_name":"The Cleric","floor":11,"gold_loss":35},{"damage_healed":0,"gold_gain":0,"player_choice":"Shed Blood","damage_taken":19,"max_hp_gain":5,"max_hp_loss":0,"event_name":"Forgotten Altar","floor":19,"gold_loss":0},{"damage_healed":0,"gold_gain":0,"player_choice":"Stole Relic","damage_taken":0,"relics_obtained":["Dream Catcher"],"max_hp_gain":0,"max_hp_loss":0,"event_name":"Addict","floor":20,"gold_loss":0,"cards_obtained":["Shame"]},{"damage_healed":0,"gold_gain":99,"player_choice":"Stole From Cult","damage_taken":0,"max_hp_gain":0,"max_hp_loss":0,"event_name":"Nest","floor":21,"gold_loss":0},{"damage_healed":0,"gold_gain":0,"player_choice":"Paid Fearfully","damage_taken":0,"max_hp_gain":0,"max_hp_loss":0,"event_name":"Masked Bandits","floor":27,"gold_loss":29},{"damage_healed":0,"gold_gain":0,"player_choice":"Inject Mutagens","damage_taken":0,"relics_obtained":["MutagenicStrength"],"max_hp_gain":0,"max_hp_loss":0,"event_name":"Drug Dealer","floor":30,"gold_loss":0}],"is_beta":false,"boss_relics":[{"not_picked":["Fusion Hammer","Snecko Eye"],"picked":"Lizard Tail"}],"items_purged_floors":[],"is_endless":false,"potions_floor_spawned":[1,4,14,16,22,28],"killed_by":"Automaton","ascension_level":4}