{"gold_per_floor":[114,128,128,144,319,319,347,347,374,404,404,420,420,214,214,311,311,331,331,342,354,145,145,156,156,156,172,192,205,224,237,237,340,340,359,372,386,213,268,295,306,306,329,329,87,87,113,125,125,125],"floor_reached":51,"playtime":3662,"items_purged":["Doubt","Parasite","Normality"],"score":885,"play_id":"6743a4fd-683b-4cda-9b6d-5ebcd70938e6","local_time":"20181031203406","is_ascension_mode":true,"campfire_choices":[{"data":"After Image","floor":6,"key":"SMITH"},{"data":"Cloak And Dagger","floor":8,"key":"SMITH"},{"data":"Cloak And Dagger","floor":13,"key":"SMITH"},{"floor":15,"key":"REST"},{"data":"Accuracy","floor":23,"key":"SMITH"},{"floor":25,"key":"REST"},{"data":"Blade Dance","floor":32,"key":"SMITH"},{"data":"A Thousand Cuts","floor":42,"key":"SMITH"},{"floor":46,"key":"REST"},{"data":"Survivor","floor":49,"key":"PURGE"}],"neow_cost":"NONE","seed_source_timestamp":10016257994308,"circlet_count":0,"master_deck":["Defend_G+1","Defend_G+1","Defend_G+1","Defend_G+1","Defend_G+1","Strike_G+1","Strike_G+1","Strike_G+1","Strike_G+1","Neutralize+1","Purity","Well Laid Plans","Poisoned Stab","After Image+1","Cloak And Dagger+1","Backflip","Cloak And Dagger+1","Accuracy+1","Deflect","A Thousand Cuts+1","Endless Agony+1","Blade Dance+1","After Image+1","Blur","Prepared+1","Infinite Blades+1","Dodge and Roll+1","Tools of the Trade+1","Blade Dance+1","Backflip","Cloak And Dagger+1","Infinite Blades+1","Cloak And Dagger+1","Accuracy+1","Mayhem+1"],"relics":["Ring of the Snake","Lantern","Bag of Preparation","Potion Belt","WristBlade","DollysMirror","Frozen Egg 2","Cursed Key","Du-Vu Doll","Smiling Mask","Pen Nib","Peace Pipe"],"potions_floor_usage":[7,10,28,33,39,39,50,50],"damage_taken":[{"damage":5,"enemies":"Small Slimes","floor":1,"turns":5},{"damage":2,"enemies":"Jaw Worm","floor":2,"turns":5},{"damage":0,"enemies":"2 Louse","floor":4,"turns":3},{"damage":24,"enemies":"Gremlin Nob","floor":7,"turns":6},{"damage":9,"enemies":"3 Sentries","floor":10,"turns":7},{"damage":0,"enemies":"Looter","floor":12,"turns":4},{"damage":40,"enemies":"Slime Boss","floor":16,"turns":18},{"damage":13,"enemies":"Chosen","floor":18,"turns":6},{"damage":3,"enemies":"Spheric Guardian","floor":20,"turns":4},{"damage":6,"enemies":"Centurion and Healer","floor":21,"turns":6},{"damage":0,"enemies":"Shelled Parasite and Fungi","floor":24,"turns":5},{"damage":6,"enemies":"Snecko","floor":27,"turns":5},{"damage":1,"enemies":"Chosen and Byrds","floor":28,"turns":4},{"damage":0,"enemies":"3 Cultists","floor":29,"turns":5},{"damage":6,"enemies":"Snecko","floor":30,"turns":5},{"damage":0,"enemies":"Shelled Parasite and Fungi","floor":31,"turns":5},{"damage":15,"enemies":"Collector","floor":33,"turns":9},{"damage":0,"enemies":"Orb Walker","floor":35,"turns":4},{"damage":0,"enemies":"3 Darklings","floor":36,"turns":5},{"damage":5,"enemies":"Writhing Mass","floor":37,"turns":7},{"damage":5,"enemies":"2 Orb Walkers","floor":39,"turns":5},{"damage":7,"enemies":"Nemesis","floor":40,"turns":7},{"damage":0,"enemies":"Sphere and 2 Shapes","floor":41,"turns":4},{"damage":0,"enemies":"Giant Head","floor":47,"turns":5},{"damage":0,"enemies":"Transient","floor":48,"turns":5},{"damage":28,"enemies":"Time Eater","floor":50,"turns":9}],"seed_played":"-1416676760603743887","potions_obtained":[{"floor":4,"key":"Block Potion"},{"floor":7,"key":"PowerPotion"},{"floor":16,"key":"PowerPotion"},{"floor":18,"key":"SneckoOil"},{"floor":20,"key":"Poison Potion"},{"floor":27,"key":"PowerPotion"},{"floor":33,"key":"EssenceOfSteel"},{"floor":36,"key":"SkillPotion"},{"floor":39,"key":"SteroidPotion"},{"floor":41,"key":"Fire Potion"},{"floor":47,"key":"Weak Potion"}],"is_trial":false,"path_per_floor":["M","M","?","M","?","R","E","R","T","E","?","M","R","$","R","B",null,"M","?","M","M","$","R","M","R","T","M","M","M","M","M","R","B",null,"M","M","M","$","?","E","M","R","T","?","$","R","E","M","R","B"],"character_chosen":"THE_SILENT","items_purchased":["Accuracy","Deflect","DollysMirror","Infinite Blades+1","Mayhem+1"],"campfire_rested":3,"item_purchase_floors":[14,14,22,38,45],"current_hp_per_floor":[65,63,63,63,63,63,39,39,39,30,30,30,30,30,51,11,70,57,57,54,48,48,48,48,69,69,63,62,62,56,56,56,41,70,70,70,65,65,60,53,53,53,53,53,53,67,67,67,67,39],"gold":125,"neow_bonus":"RANDOM_COLORLESS","is_prod":false,"is_daily":false,"chose_seed":false,"campfire_upgraded":6,"win_rate":0,"timestamp":1541028846,"path_taken":["M","M","?","M","?","R","E","R","T","E","?","M","R","$","R","BOSS","M","?","M","M","$","R","M","R","T","M","M","M","M","?","R","BOSS","M","M","M","$","?","E","M","R","T","?","$","R","E","M","R","BOSS"],"build_version":"2018-10-25v2","purchased_purges":3,"victory":true,"max_hp_per_floor":[70,70,70,70,70,70,70,70,70,70,70,70,70,70,70,70,70,70,70,70,70,70,70,70,70,70,70,70,70,70,70,70,70,70,70,70,70,67,67,67,67,67,67,67,67,67,67,67,67,67],"card_choices":[{"not_picked":["PiercingWail","Acrobatics"],"picked":"Well Laid Plans","floor":1},{"not_picked":["Deflect","Sucker Punch"],"picked":"Poisoned Stab","floor":2},{"not_picked":["Well Laid Plans","Poisoned Stab"],"picked":"After Image","floor":4},{"not_picked":["Flying Knee","Distraction"],"picked":"Cloak And Dagger","floor":7},{"not_picked":["Doppelganger","Underhanded Strike"],"picked":"Backflip","floor":10},{"not_picked":["Backflip","Escape Plan"],"picked":"Cloak And Dagger","floor":12},{"not_picked":["Night Terror","Malaise"],"picked":"A Thousand Cuts","floor":16},{"not_picked":["Bouncing Flask","Skewer","Noxious Fumes+1"],"picked":"SKIP","floor":18},{"not_picked":["Acrobatics","Dagger Throw+1"],"picked":"Endless Agony+1","floor":20},{"not_picked":["Deflect","Deadly Poison"],"picked":"Blade Dance","floor":21},{"not_picked":["Expertise+1","Predator"],"picked":"Blur","floor":24},{"not_picked":["Dagger Throw","Sucker Punch"],"picked":"Prepared+1","floor":27},{"not_picked":["Expertise","Deadly Poison","Heel Hook"],"picked":"SKIP","floor":28},{"not_picked":["Dagger Spray","Doppelganger"],"picked":"Infinite Blades+1","floor":29},{"not_picked":["Outmaneuver+1","Choke+1","Predator"],"picked":"SKIP","floor":30},{"not_picked":["Prepared","Bane+1"],"picked":"Dodge and Roll+1","floor":31},{"not_picked":["Adrenaline","Unload"],"picked":"Tools of the Trade+1","floor":33},{"not_picked":["Outmaneuver+1","Acrobatics"],"picked":"Blade Dance+1","floor":35},{"not_picked":["PiercingWail","Underhanded Strike+1"],"picked":"Backflip","floor":36},{"not_picked":["Blade Dance+1","Terror"],"picked":"Cloak And Dagger+1","floor":37},{"not_picked":["Prepared","Poisoned Stab+1"],"picked":"Cloak And Dagger+1","floor":39},{"not_picked":["Bouncing Flask+1","Well Laid Plans+1"],"picked":"Accuracy+1","floor":40},{"not_picked":["Flechettes","Blade Dance","Envenom+1"],"picked":"SKIP","floor":41},{"not_picked":["Dagger Spray+1","Backstab+1","Underhanded Strike+1"],"picked":"SKIP","floor":47},{"not_picked":["Acrobatics","Quick Slash","Finisher+1"],"picked":"SKIP","floor":48}],"player_experience":203956,"relics_obtained":[{"floor":7,"key":"Lantern"},{"floor":9,"key":"Bag of Preparation"},{"floor":10,"key":"Potion Belt"},{"floor":26,"key":"Frozen Egg 2"},{"floor":39,"key":"Du-Vu Doll"},{"floor":40,"key":"Smiling Mask"},{"floor":43,"key":"Pen Nib"},{"floor":47,"key":"Peace Pipe"}],"event_choices":[{"damage_healed":0,"gold_gain":0,"player_choice":"Grow","damage_taken":0,"max_hp_gain":0,"max_hp_loss":0,"event_name":"Living Wall","floor":3,"gold_loss":0,"cards_upgraded":["Neutralize"]},{"damage_healed":0,"gold_gain":175,"player_choice":"AGREE","damage_taken":0,"max_hp_gain":0,"max_hp_loss":0,"event_name":"Liars Game","floor":5,"gold_loss":0,"cards_obtained":["Doubt"]},{"damage_healed":0,"gold_gain":0,"player_choice":"Ignored","damage_taken":0,"max_hp_gain":0,"max_hp_loss":0,"event_name":"Golden Idol","floor":11,"gold_loss":0},{"damage_healed":0,"gold_gain":0,"player_choice":"Simplicity","damage_taken":0,"max_hp_gain":0,"max_hp_loss":0,"event_name":"Back to Basics","floor":19,"gold_loss":0,"cards_upgraded":["Defend_G","Defend_G","Defend_G","Defend_G","Defend_G","Strike_G","Strike_G","Strike_G","Strike_G","Strike_G"]},{"damage_healed":0,"gold_gain":0,"player_choice":"Fight","damage_taken":0,"max_hp_gain":0,"max_hp_loss":0,"event_name":"Mysterious Sphere","floor":39,"gold_loss":0},{"cards_removed":["Strike_G"],"damage_healed":0,"gold_gain":0,"player_choice":"Removed Attack","damage_taken":0,"max_hp_gain":0,"max_hp_loss":0,"event_name":"Falling","floor":44,"gold_loss":0}],"is_beta":false,"boss_relics":[{"not_picked":["Runic Dome","Lizard Tail"],"picked":"WristBlade"},{"not_picked":["Calling Bell","HoveringKite"],"picked":"Cursed Key"}],"items_purged_floors":[14,38,45],"is_endless":false,"potions_floor_spawned":[4,7,16,18,20,27,33,36,39,41,47],"ascension_level":4}