{"gold_per_floor":[114,114,129,49,64,94,20,50,50,110,110,140,140,140,140,240,240,255,255,270,370,385,415,415,415,415,445,445,475,475,505,505,605,605,620,635,436,451,451,481,331,331,331,361,376,406,406,421,421,421],"floor_reached":51,"playtime":2804,"items_purged":[],"score":1087,"play_id":"0ec8a06c-79e5-4310-adb3-0179b1551279","local_time":"20190207191241","daily_mods":["Chimera","Hoarder","Elite Swarm"],"is_ascension_mode":false,"campfire_choices":[{"floor":13,"key":"REST"},{"data":"Infernal Blade","floor":15,"key":"SMITH"},{"floor":25,"key":"REST"},{"data":"Armaments","floor":28,"key":"SMITH"},{"floor":30,"key":"REST"},{"data":"Infernal Blade","floor":32,"key":"SMITH"},{"data":"Barricade","floor":42,"key":"SMITH"},{"data":"Barricade","floor":47,"key":"SMITH"},{"data":"Barricade","floor":49,"key":"SMITH"}],"neow_cost":"","seed_source_timestamp":0,"circlet_count":0,"master_deck":["Survivor","Strike_R","Strike_G","Strike_B","Defend_R","Defend_G+1","Defend_B","Anger","Anger","Anger","Armaments","Armaments","Armaments+1","Ghostly Armor","Ghostly Armor","Ghostly Armor","Inflame","Inflame","Inflame","Limit Break","Limit Break+1","Limit Break","Infernal Blade","Infernal Blade+1","Infernal Blade+1","Demon Form","Demon Form","Demon Form","Feed+1","Feed","Feed+1","Regret","Regret","Regret","Immolate","Immolate","Immolate","Heavy Blade+1","Heavy Blade+1","Heavy Blade+1","Sword Boomerang+1","Sword Boomerang+1","Sword Boomerang+1","Anger+1","Anger+1","Anger+1","Flex","Flex","Flex","Barricade+1","Barricade+1","Barricade+1","Metallicize+1","Metallicize+1","Metallicize+1"],"special_seed":17934,"relics":["Burning Blood","Gremlin Horn","Self Forming Clay","Red Skull","Tiny Chest","Lantern","Pen Nib","Black Star","FaceOfCleric","FossilizedHelix","Singing Bowl","War Paint","Bottled Lightning","Art of War","Bottled Flame","Dream Catcher","Letter Opener","Vajra","Centennial Puzzle","Strawberry","Bottled Tornado","Sozu","Whetstone","Boot","Happy Flower","Bag of Preparation","Mercury Hourglass","Mummified Hand","Bag of Marbles","Toxic Egg 2","Sundial"],"potions_floor_usage":[6,18,20,21,23,27,31,33,44],"damage_taken":[{"damage":0,"enemies":"Small Slimes","floor":1,"turns":4},{"damage":0,"enemies":"Cultist","floor":3,"turns":4},{"damage":0,"enemies":"2 Louse","floor":5,"turns":3},{"damage":31,"enemies":"Gremlin Nob","floor":6,"turns":5},{"damage":11,"enemies":"3 Sentries","floor":8,"turns":6},{"damage":24,"enemies":"Gremlin Nob","floor":10,"turns":4},{"damage":13,"enemies":"Lagavulin","floor":12,"turns":5},{"damage":20,"enemies":"Slime Boss","floor":16,"turns":6},{"damage":21,"enemies":"Spheric Guardian","floor":18,"turns":4},{"damage":8,"enemies":"3 Byrds","floor":20,"turns":5},{"damage":33,"enemies":"Colosseum Slavers","floor":21,"turns":4},{"damage":24,"enemies":"Colosseum Nobs","floor":21,"turns":3},{"damage":9,"enemies":"Cultist and Chosen","floor":22,"turns":4},{"damage":23,"enemies":"Slavers","floor":23,"turns":3},{"damage":14,"enemies":"Book of Stabbing","floor":27,"turns":5},{"damage":0,"enemies":"Slavers","floor":29,"turns":2},{"damage":11,"enemies":"Book of Stabbing","floor":31,"turns":4},{"damage":11,"enemies":"Collector","floor":33,"turns":6},{"damage":0,"enemies":"3 Darklings","floor":35,"turns":2},{"damage":0,"enemies":"Orb Walker","floor":36,"turns":2},{"damage":0,"enemies":"Jaw Worm Horde","floor":38,"turns":1},{"damage":30,"enemies":"Giant Head","floor":40,"turns":6},{"damage":0,"enemies":"Nemesis","floor":44,"turns":6},{"damage":0,"enemies":"Maw","floor":45,"turns":6},{"damage":0,"enemies":"Giant Head","floor":46,"turns":4},{"damage":11,"enemies":"Spire Growth","floor":48,"turns":2},{"damage":29,"enemies":"Awakened One","floor":50,"turns":4}],"seed_played":"-7067944116089753152","potions_obtained":[{"floor":5,"key":"Swift Potion"},{"floor":6,"key":"Weak Potion"},{"floor":8,"key":"SpeedPotion"},{"floor":12,"key":"Weak Potion"},{"floor":20,"key":"PowerPotion"},{"floor":22,"key":"SteroidPotion"},{"floor":23,"key":"PowerPotion"},{"floor":27,"key":"FearPotion"},{"floor":31,"key":"LiquidBronze"},{"floor":33,"key":"PowerPotion"}],"is_trial":false,"path_per_floor":["M","?","M","$","M","E","$","E","T","E","?","E","R","?","R","B",null,"M","?","M","?","M","E","?","R","T","E","R","E","R","E","R","B",null,"M","M","$","M","?","E","$","R","T","E","M","E","R","M","R","B",null],"character_chosen":"IRONCLAD","items_purchased":["Inflame","Infernal Blade","Whetstone","Flex","Bag of Preparation"],"campfire_rested":3,"item_purchase_floors":[4,7,37,37,41],"current_hp_per_floor":[80,80,80,80,80,55,55,50,50,32,25,18,42,42,42,34,86,71,71,70,29,29,15,15,44,44,42,42,51,82,87,87,85,119,122,123,123,130,130,109,109,109,109,118,131,140,140,136,136,114],"gold":421,"neow_bonus":"","is_prod":false,"is_daily":true,"chose_seed":false,"campfire_upgraded":6,"win_rate":0,"timestamp":1549584761,"path_taken":["M","?","?","$","M","E","?","E","T","E","?","E","R","?","R","BOSS","M","?","?","?","M","E","?","R","T","E","R","E","R","E","R","BOSS","M","M","$","M","?","E","$","R","T","E","?","E","R","M","R","BOSS"],"build_version":"2019-01-23","purchased_purges":0,"victory":true,"max_hp_per_floor":[80,80,80,80,80,80,80,80,80,80,80,80,80,80,80,86,86,86,86,87,91,94,97,97,97,97,103,103,106,106,116,116,119,119,122,123,123,130,130,133,133,133,133,136,143,146,146,147,147,148],"card_choices":[{"not_picked":["Headbutt","Cleave"],"picked":"Anger","floor":1},{"not_picked":["Clothesline","Entrench"],"picked":"Ghostly Armor","floor":3},{"not_picked":["Second Wind","Metallicize","Hemokinesis"],"picked":"SKIP","floor":5},{"not_picked":["Exhume","Barricade"],"picked":"Limit Break","floor":6},{"not_picked":["Impervious","Brutality"],"picked":"Demon Form","floor":8},{"not_picked":["Double Tap","Brutality"],"picked":"Feed","floor":10},{"not_picked":["Limit Break","Barricade","Berserk"],"picked":"SKIP","floor":12},{"not_picked":["Offering","Exhume"],"picked":"Immolate","floor":16},{"not_picked":["Rampage","Armaments","Havoc"],"picked":"SKIP","floor":18},{"not_picked":["Body Slam","Shrug It Off"],"picked":"Heavy Blade+1","floor":20},{"not_picked":["Anger","Clash","Wild Strike"],"picked":"Singing Bowl","floor":21},{"not_picked":["Twin Strike","Searing Blow","Headbutt"],"picked":"Singing Bowl","floor":22},{"not_picked":["Immolate","Offering","Brutality"],"picked":"Singing Bowl","floor":23},{"not_picked":["Immolate","Exhume","Feed"],"picked":"Singing Bowl","floor":27},{"not_picked":["Dark Embrace","Barricade","Berserk"],"picked":"Singing Bowl","floor":29},{"not_picked":["Reckless Charge","Twin Strike+1"],"picked":"Sword Boomerang+1","floor":30},{"not_picked":["Juggernaut","Limit Break","Offering"],"picked":"Singing Bowl","floor":31},{"not_picked":["Double Tap","Immolate","Feed"],"picked":"Singing Bowl","floor":33},{"not_picked":["Inflame","Body Slam+1","Clothesline"],"picked":"Singing Bowl","floor":35},{"not_picked":["Dropkick+1","Uppercut+1"],"picked":"Anger+1","floor":36},{"not_picked":["Havoc","Corruption+1","Feed"],"picked":"Singing Bowl","floor":38},{"not_picked":["Feed","Impervious","Limit Break"],"picked":"Singing Bowl","floor":40},{"not_picked":["Barricade","Limit Break","Reaper"],"picked":"Singing Bowl","floor":44},{"not_picked":["Thunderclap+1","Flex","Fire Breathing"],"picked":"Singing Bowl","floor":45},{"not_picked":["Berserk","Limit Break","Brutality"],"picked":"Singing Bowl","floor":46},{"not_picked":["Clothesline+1","Blood for Blood"],"picked":"Metallicize+1","floor":48}],"player_experience":364604,"relics_obtained":[{"floor":6,"key":"Gremlin Horn"},{"floor":8,"key":"Self Forming Clay"},{"floor":9,"key":"Red Skull"},{"floor":10,"key":"Tiny Chest"},{"floor":12,"key":"Lantern"},{"floor":21,"key":"FossilizedHelix"},{"floor":21,"key":"Singing Bowl"},{"floor":23,"key":"War Paint"},{"floor":23,"key":"Bottled Lightning"},{"floor":26,"key":"Bottled Flame"},{"floor":27,"key":"Dream Catcher"},{"floor":27,"key":"Letter Opener"},{"floor":29,"key":"Vajra"},{"floor":29,"key":"Centennial Puzzle"},{"floor":31,"key":"Strawberry"},{"floor":31,"key":"Bottled Tornado"},{"floor":40,"key":"Boot"},{"floor":40,"key":"Happy Flower"},{"floor":43,"key":"Mercury Hourglass"},{"floor":44,"key":"Mummified Hand"},{"floor":44,"key":"Bag of Marbles"},{"floor":46,"key":"Toxic Egg 2"},{"floor":46,"key":"Sundial"}],"event_choices":[{"damage_healed":0,"gold_gain":0,"player_choice":"1 cards matched","damage_taken":0,"max_hp_gain":0,"max_hp_loss":0,"event_name":"Match and Keep!","floor":2,"gold_loss":0,"cards_obtained":["Armaments"]},{"cards_removed":["Bash"],"damage_healed":0,"gold_gain":0,"player_choice":"Card Removal","damage_taken":7,"max_hp_gain":0,"max_hp_loss":0,"event_name":"Golden Wing","floor":11,"gold_loss":0},{"damage_healed":0,"gold_gain":0,"player_choice":"Box","damage_taken":0,"relics_obtained":["Pen Nib"],"max_hp_gain":0,"max_hp_loss":0,"event_name":"Big Fish","floor":14,"gold_loss":0,"cards_obtained":["Regret"]},{"damage_healed":0,"gold_gain":0,"player_choice":"Trade","damage_taken":0,"relics_obtained":["FaceOfCleric"],"max_hp_gain":0,"max_hp_loss":0,"event_name":"FaceTrader","floor":19,"gold_loss":0},{"damage_healed":0,"gold_gain":0,"player_choice":"Fight","damage_taken":0,"max_hp_gain":0,"max_hp_loss":0,"event_name":"Colosseum","floor":21,"gold_loss":0},{"damage_healed":0,"gold_gain":0,"player_choice":"Fought Nobs","damage_taken":0,"max_hp_gain":0,"max_hp_loss":0,"event_name":"Colosseum","floor":21,"gold_loss":0},{"damage_healed":0,"gold_gain":0,"player_choice":"Opened","damage_taken":0,"relics_obtained":["Art of War"],"max_hp_gain":0,"max_hp_loss":0,"event_name":"The Mausoleum","floor":24,"gold_loss":0},{"damage_healed":0,"gold_gain":0,"cards_transformed":["Zap"],"player_choice":"Transformed","damage_taken":0,"max_hp_gain":0,"max_hp_loss":0,"event_name":"Transmorgrifier","floor":39,"gold_loss":0,"cards_obtained":["Barricade"]}],"is_beta":false,"boss_relics":[{"not_picked":["Lizard Tail","Snecko Eye"],"picked":"Black Star"},{"not_picked":["Astrolabe","White Beast Statue"],"picked":"Sozu"}],"items_purged_floors":[],"is_endless":false,"potions_floor_spawned":[5,6,8,12,20,22,23,27,31,33,36,38,40,46,48],"ascension_level":0}