{"gold_per_floor":[211,38,38,51,66,66,80,80,80,80,98,112,128,145,145,220,220,234,19,29,29,29,57,57,332,332,349,26,26,26,45,45,45],"floor_reached":33,"playtime":2039,"items_purged":["Decay","Regret"],"score":466,"play_id":"8aaa5b7a-b7df-41a3-ba89-90ce7220c0d5","local_time":"20181212213659","is_ascension_mode":true,"campfire_choices":[{"data":"Perfected Strike","floor":6,"key":"SMITH"},{"data":"Spot Weakness","floor":8,"key":"SMITH"},{"data":"Bash","floor":10,"key":"SMITH"},{"data":"Pommel Strike","floor":15,"key":"SMITH"},{"floor":24,"key":"REST"},{"floor":30,"key":"REST"},{"data":"Heavy Blade","floor":32,"key":"SMITH"}],"neow_cost":"NONE","seed_source_timestamp":22480883934769,"circlet_count":0,"master_deck":["AscendersBane","Strike_R","Strike_R","Strike_R","Strike_R","Strike_R","Defend_R","Defend_R","Defend_R","Defend_R","Bash+1","Perfected Strike+1","Wild Strike","Spot Weakness+1","Shrug It Off","Combust","Pommel Strike+1","Limit Break+1","Shrug It Off+1","Impervious+1","Sword Boomerang+1","Shrug It Off+1","Inflame","Clothesline","Flame Barrier+1","Flex+1","Heavy Blade+1","Warcry+1","Cleave"],"relics":["Burning Blood","Happy Flower","Toxic Egg 2","Velvet Choker","Bottled Tornado","Bronze Scales"],"potions_floor_usage":[16,16,23,33],"damage_taken":[{"damage":7,"enemies":"Jaw Worm","floor":1,"turns":3},{"damage":3,"enemies":"Cultist","floor":4,"turns":3},{"damage":10,"enemies":"2 Louse","floor":5,"turns":3},{"damage":13,"enemies":"2 Fungi Beasts","floor":7,"turns":4},{"damage":0,"enemies":"3 Louse","floor":11,"turns":4},{"damage":10,"enemies":"Red Slaver","floor":12,"turns":2},{"damage":9,"enemies":"Exordium Wildlife","floor":13,"turns":3},{"damage":18,"enemies":"Large Slime","floor":14,"turns":4},{"damage":31,"enemies":"The Guardian","floor":16,"turns":10},{"damage":13,"enemies":"Chosen","floor":18,"turns":5},{"damage":3,"enemies":"Shell Parasite","floor":20,"turns":4},{"damage":44,"enemies":"Gremlin Leader","floor":23,"turns":7},{"damage":7,"enemies":"Snake Plant","floor":27,"turns":5},{"damage":13,"enemies":"Centurion and Healer","floor":31,"turns":6},{"damage":77,"enemies":"Automaton","floor":33,"turns":6}],"seed_played":"579909637653256870","potions_obtained":[{"floor":1,"key":"Ancient Potion"},{"floor":13,"key":"Explosive Potion"},{"floor":14,"key":"FearPotion"},{"floor":20,"key":"Energy Potion"},{"floor":23,"key":"PowerPotion"}],"is_trial":false,"path_per_floor":["M","$","?","M","M","R","M","R","T","R","M","M","M","M","R","B",null,"M","$","M","?","?","E","R","?","T","M","$","?","R","M","R","B"],"character_chosen":"IRONCLAD","items_purchased":["Happy Flower","Shrug It Off+1","Inflame","Warcry+1","Bronze Scales"],"campfire_rested":2,"item_purchase_floors":[2,19,19,28,28],"current_hp_per_floor":[67,67,67,70,66,66,59,59,59,59,65,61,58,46,46,21,62,55,55,58,58,58,20,42,42,42,41,41,41,63,56,56,0],"gold":45,"neow_bonus":"HUNDRED_GOLD","is_prod":false,"is_daily":false,"chose_seed":false,"campfire_upgraded":5,"win_rate":0,"timestamp":1544661419,"path_taken":["M","$","?","M","M","R","M","R","T","R","M","?","M","?","R","BOSS","M","$","M","?","?","E","R","?","T","?","$","?","R","M","R","BOSS"],"build_version":"2018-12-06","purchased_purges":2,"victory":false,"max_hp_per_floor":[75,75,75,75,75,75,75,75,75,75,75,75,75,75,75,75,75,75,75,75,75,75,75,75,75,75,75,75,75,75,75,75,75],"card_choices":[{"not_picked":["Seeing Red","Flex"],"picked":"Perfected Strike","floor":1},{"not_picked":["Metallicize","Blood for Blood"],"picked":"Wild Strike","floor":4},{"not_picked":["Shrug It Off","Flex"],"picked":"Spot Weakness","floor":5},{"not_picked":["Perfected Strike","Twin Strike"],"picked":"Shrug It Off","floor":7},{"not_picked":["Armaments+1","Body Slam"],"picked":"Combust","floor":11},{"not_picked":["Feel No Pain","Thunderclap"],"picked":"Pommel Strike","floor":12},{"not_picked":["Iron Wave","Cleave"],"picked":"Limit Break+1","floor":13},{"not_picked":["Infernal Blade+1","Fire Breathing"],"picked":"Shrug It Off+1","floor":14},{"not_picked":["Juggernaut","Barricade"],"picked":"Impervious+1","floor":16},{"not_picked":["Flex+1","Anger"],"picked":"Sword Boomerang+1","floor":18},{"not_picked":["Warcry+1","Sword Boomerang+1"],"picked":"Clothesline","floor":20},{"not_picked":["Uppercut","Power Through+1"],"picked":"Flex+1","floor":23},{"not_picked":["Brutality","Rupture+1"],"picked":"Heavy Blade","floor":27},{"not_picked":["Iron Wave","Cleave","Blood for Blood"],"picked":"SKIP","floor":31},{"not_picked":["Iron Wave","Cleave","Blood for Blood"],"picked":"SKIP","floor":31},{"not_picked":["Iron Wave","Blood for Blood"],"picked":"Cleave","floor":31}],"player_experience":535760,"relics_obtained":[{"floor":9,"key":"Toxic Egg 2"},{"floor":26,"key":"Bottled Tornado"}],"event_choices":[{"damage_healed":0,"gold_gain":0,"player_choice":"Cursed","damage_taken":0,"max_hp_gain":0,"max_hp_loss":0,"event_name":"Wheel of Change","floor":3,"gold_loss":0,"cards_obtained":["Decay"]},{"damage_healed":0,"gold_gain":0,"player_choice":"Read","damage_taken":0,"max_hp_gain":0,"max_hp_loss":0,"event_name":"The Library","floor":21,"gold_loss":0,"cards_obtained":["Flame Barrier"]},{"damage_healed":0,"gold_gain":0,"player_choice":"Ignored","damage_taken":0,"max_hp_gain":0,"max_hp_loss":0,"event_name":"Vampires","floor":22,"gold_loss":0},{"damage_healed":0,"gold_gain":275,"player_choice":"Desecrate","damage_taken":0,"max_hp_gain":0,"max_hp_loss":0,"event_name":"Golden Shrine","floor":25,"gold_loss":0,"cards_obtained":["Regret"]},{"damage_healed":0,"gold_gain":0,"player_choice":"Ignored","damage_taken":0,"max_hp_gain":0,"max_hp_loss":0,"event_name":"Ghosts","floor":29,"gold_loss":0}],"is_beta":false,"boss_relics":[{"not_picked":["Pandora\u0027s Box","Lizard Tail"],"picked":"Velvet Choker"}],"items_purged_floors":[19,28],"is_endless":false,"potions_floor_spawned":[1,13,14,20,23],"killed_by":"Automaton","ascension_level":16}