{"gold_per_floor":[216,291,16,16,32,42,42,61,61,86,86,86,38,57,57,177,177,177,177,177,177,177,177,177,177,177,177,177,177,177,26,26,26],"floor_reached":33,"playtime":1190,"items_purged":["Strike_R"],"score":424,"play_id":"905bf9e3-af27-4c88-b8f7-965b0874be76","local_time":"20181127020434","is_ascension_mode":true,"campfire_choices":[{"data":"Flex","floor":7,"key":"SMITH"},{"data":"Flex","floor":15,"key":"SMITH"},{"floor":24,"key":"REST"},{"data":"Limit Break","floor":28,"key":"SMITH"},{"floor":30,"key":"REST"},{"data":"Uppercut","floor":32,"key":"SMITH"}],"neow_cost":"NONE","seed_source_timestamp":40721123054939,"circlet_count":0,"master_deck":["AscendersBane","Strike_R","Strike_R","Strike_R","Strike_R","Defend_R","Defend_R","Defend_R","Defend_R","Bash","Flex+1","Uppercut+1","Flex+1","Cleave","Impervious","Clothesline+1","Disarm","Limit Break+1","Sword Boomerang+1","Heavy Blade+1","Ghostly Armor","Shrug It Off","Flame Barrier"],"relics":["Burning Blood","Anchor","Pear","Molten Egg 2","Golden Idol","Ectoplasm","Self Forming Clay","Regal Pillow","Singing Bowl"],"potions_floor_usage":[10,18,21,23,33],"damage_taken":[{"damage":2,"enemies":"Small Slimes","floor":1,"turns":5},{"damage":1,"enemies":"Cultist","floor":5,"turns":3},{"damage":11,"enemies":"Jaw Worm","floor":6,"turns":4},{"damage":2,"enemies":"Exordium Wildlife","floor":8,"turns":2},{"damage":10,"enemies":"Gremlin Nob","floor":10,"turns":3},{"damage":0,"enemies":"3 Louse","floor":14,"turns":1},{"damage":44,"enemies":"The Guardian","floor":16,"turns":13},{"damage":0,"enemies":"Chosen","floor":18,"turns":4},{"damage":20,"enemies":"Spheric Guardian","floor":20,"turns":4},{"damage":18,"enemies":"Snecko","floor":21,"turns":6},{"damage":37,"enemies":"Slavers","floor":23,"turns":8},{"damage":9,"enemies":"Centurion and Healer","floor":25,"turns":6},{"damage":38,"enemies":"Sentry and Sphere","floor":29,"turns":6},{"damage":95,"enemies":"Collector","floor":33,"turns":10}],"seed_played":"3080927902715834147","potions_obtained":[{"floor":4,"key":"FearPotion"},{"floor":4,"key":"SneckoOil"},{"floor":10,"key":"Swift Potion"},{"floor":16,"key":"SkillPotion"},{"floor":18,"key":"EssenceOfSteel"},{"floor":21,"key":"Dexterity Potion"},{"floor":29,"key":"Dexterity Potion"}],"is_trial":false,"path_per_floor":["M","?","$","?","M","M","R","M","T","E","?","$","$","M","R","B",null,"M","?","M","M","?","E","R","M","T","T","R","M","R","$","R","B"],"character_chosen":"IRONCLAD","items_purchased":["Uppercut","Anchor","Flex","Clothesline+1","Flame Barrier"],"campfire_rested":2,"item_purchase_floors":[3,3,3,13,31],"current_hp_per_floor":[76,65,65,65,70,65,65,69,79,75,75,75,75,81,81,43,73,79,79,65,53,53,22,61,58,58,58,58,28,68,68,68,0],"gold":26,"neow_bonus":"HUNDRED_GOLD","is_prod":false,"is_daily":false,"chose_seed":false,"campfire_upgraded":4,"win_rate":0,"timestamp":1543295074,"path_taken":["M","?","$","?","?","M","R","M","T","E","?","?","$","M","R","BOSS","M","?","?","M","?","E","R","M","T","?","R","M","R","?","R","BOSS"],"build_version":"2018-11-15","purchased_purges":1,"victory":false,"max_hp_per_floor":[80,80,80,80,80,80,80,80,90,90,83,83,83,83,83,83,83,83,83,83,83,83,83,83,83,83,83,83,85,85,85,85,85],"card_choices":[{"not_picked":["Havoc","True Grit"],"picked":"Flex","floor":1},{"not_picked":["Reckless Charge","Anger","Clash"],"picked":"SKIP","floor":5},{"not_picked":["Sever Soul","Wild Strike"],"picked":"Cleave","floor":6},{"not_picked":["Flex","Dropkick","Burning Pact"],"picked":"SKIP","floor":8},{"not_picked":["Fire Breathing","Whirlwind"],"picked":"Impervious","floor":10},{"not_picked":["Rage","Blood for Blood+1"],"picked":"Disarm","floor":14},{"not_picked":["Exhume","Immolate+1"],"picked":"Limit Break","floor":16},{"not_picked":["Armaments","Clothesline+1"],"picked":"Sword Boomerang+1","floor":18},{"not_picked":["Sever Soul+1","Fire Breathing","Havoc"],"picked":"SKIP","floor":20},{"not_picked":["Anger+1","Clothesline+1"],"picked":"Heavy Blade+1","floor":21},{"not_picked":["Flex","Combust"],"picked":"Shrug It Off","floor":23},{"not_picked":["Cleave+1","Sword Boomerang+1","Havoc"],"picked":"SKIP","floor":25},{"not_picked":["Armaments","Headbutt+1","Offering"],"picked":"Singing Bowl","floor":29}],"player_experience":430043,"relics_obtained":[{"floor":9,"key":"Pear"},{"floor":10,"key":"Molten Egg 2"},{"floor":23,"key":"Regal Pillow"},{"floor":27,"key":"Singing Bowl"}],"event_choices":[{"damage_healed":0,"gold_gain":75,"player_choice":"Gather Gold","damage_taken":11,"max_hp_gain":0,"max_hp_loss":0,"event_name":"World of Goop","floor":2,"gold_loss":0},{"damage_healed":0,"gold_gain":0,"player_choice":"Got Potions","damage_taken":0,"max_hp_gain":0,"max_hp_loss":0,"event_name":"Lab","floor":4,"gold_loss":0},{"damage_healed":0,"gold_gain":0,"player_choice":"Lose Max HP","damage_taken":0,"relics_obtained":["Golden Idol"],"max_hp_gain":0,"max_hp_loss":7,"event_name":"Golden Idol","floor":11,"gold_loss":0},{"damage_healed":0,"gold_gain":0,"player_choice":"Gave Potion","damage_taken":0,"relics_obtained":["Self Forming Clay"],"max_hp_gain":0,"max_hp_loss":0,"event_name":"WeMeetAgain","floor":19,"gold_loss":0},{"damage_healed":0,"gold_gain":0,"player_choice":"Read","damage_taken":0,"max_hp_gain":0,"max_hp_loss":0,"event_name":"The Library","floor":22,"gold_loss":0,"cards_obtained":["Ghostly Armor"]}],"is_beta":false,"boss_relics":[{"not_picked":["Orrery","Black Star"],"picked":"Ectoplasm"}],"items_purged_floors":[31],"is_endless":false,"potions_floor_spawned":[5,10,16,18,21,29],"killed_by":"Collector","ascension_level":12}