{"gold_per_floor":[119,38,38,51,51,51,83,83,83,99,110,110,129,149,149,244,244,262,280,292,47,58,58,68,96,96,96,111,131,142,153,153,153],"floor_reached":33,"playtime":1933,"items_purged":["Strike_G"],"score":300,"play_id":"00d2f1f4-377f-4b81-a259-3f083d5fb701","local_time":"20181223010606","is_ascension_mode":false,"campfire_choices":[{"data":"Finisher","floor":6,"key":"SMITH"},{"data":"Footwork","floor":12,"key":"SMITH"},{"data":"Leg Sweep","floor":15,"key":"SMITH"},{"data":"Cloak And Dagger","floor":23,"key":"SMITH"},{"data":"Footwork","floor":27,"key":"SMITH"},{"floor":32,"key":"REST"}],"neow_cost":"NONE","seed_source_timestamp":13438808714781,"circlet_count":0,"master_deck":["Defend_G","Defend_G","Defend_G","Defend_G","Defend_G","Strike_G","Strike_G","Strike_G","Strike_G","Survivor","Neutralize","Finisher+1","Footwork+1","Poisoned Stab","Dagger Spray","Leg Sweep+1","Dagger Throw","Leg Sweep","Backflip","A Thousand Cuts","Escape Plan+1","Cloak And Dagger","Cloak And Dagger+1","Infinite Blades","Backflip","Footwork+1","Endless Agony","Slice+1"],"relics":["Ring of the Snake","NeowsBlessing","Bronze Scales","CultistMask","Blue Candle","WristBlade","Du-Vu Doll"],"potions_floor_usage":[18,25,25,25,30,30],"damage_taken":[{"damage":0,"enemies":"Jaw Worm","floor":1,"turns":1},{"damage":0,"enemies":"2 Louse","floor":4,"turns":1},{"damage":0,"enemies":"Gremlin Nob","floor":7,"turns":1},{"damage":0,"enemies":"Cultist","floor":10,"turns":3},{"damage":1,"enemies":"2 Fungi Beasts","floor":11,"turns":3},{"damage":4,"enemies":"Blue Slaver","floor":13,"turns":4},{"damage":1,"enemies":"Red Slaver","floor":14,"turns":4},{"damage":1,"enemies":"The Guardian","floor":16,"turns":15},{"damage":9,"enemies":"Chosen","floor":18,"turns":8},{"damage":3,"enemies":"Shell Parasite","floor":19,"turns":8},{"damage":0,"enemies":"Snecko","floor":20,"turns":6},{"damage":15,"enemies":"Centurion and Healer","floor":22,"turns":9},{"damage":7,"enemies":"3 Cultists","floor":24,"turns":5},{"damage":9,"enemies":"Gremlin Leader","floor":25,"turns":8},{"damage":15,"enemies":"Snake Plant","floor":28,"turns":6},{"damage":10,"enemies":"Snecko","floor":29,"turns":10},{"damage":0,"enemies":"3 Cultists","floor":30,"turns":5},{"damage":0,"enemies":"Centurion and Healer","floor":31,"turns":7},{"damage":32,"enemies":"Champ","floor":33,"turns":11}],"seed_played":"2386545989249311013","potions_obtained":[{"floor":1,"key":"EssenceOfSteel"},{"floor":11,"key":"Explosive Potion"},{"floor":13,"key":"Poison Potion"},{"floor":14,"key":"AttackPotion"},{"floor":16,"key":"Dexterity Potion"},{"floor":18,"key":"Explosive Potion"},{"floor":25,"key":"Poison Potion"},{"floor":28,"key":"Ancient Potion"},{"floor":29,"key":"SkillPotion"}],"is_trial":false,"path_per_floor":["M","$","?","M","?","R","E","?","T","M","M","R","M","M","R","B",null,"M","M","M","$","M","R","M","E","T","R","M","M","M","M","R","B"],"character_chosen":"THE_SILENT","items_purchased":["Footwork","Infinite Blades","Backflip","FearPotion"],"campfire_rested":1,"item_purchase_floors":[2,21,21,21],"current_hp_per_floor":[70,70,75,75,75,75,75,75,75,75,74,74,70,69,69,68,75,66,63,63,63,48,48,41,32,32,32,17,7,7,7,29,0],"gold":153,"neow_bonus":"THREE_ENEMY_KILL","is_prod":false,"is_daily":false,"chose_seed":false,"campfire_upgraded":5,"win_rate":0,"timestamp":1545537966,"path_taken":["M","$","?","M","?","R","E","?","T","M","M","R","M","M","R","BOSS","M","M","M","$","M","R","M","E","T","R","M","M","?","M","R","BOSS"],"build_version":"2018-12-20","purchased_purges":1,"victory":false,"max_hp_per_floor":[70,70,75,75,75,75,75,75,75,75,75,75,75,75,75,75,75,75,75,75,75,75,75,75,75,75,75,75,75,75,75,75,75],"card_choices":[{"not_picked":["Expertise","Backflip"],"picked":"Finisher","floor":1},{"not_picked":["Acrobatics","Heel Hook"],"picked":"Poisoned Stab","floor":4},{"not_picked":["All Out Attack","Underhanded Strike"],"picked":"Dagger Spray","floor":7},{"not_picked":["Distraction","Dagger Spray"],"picked":"Leg Sweep","floor":10},{"not_picked":["Bane","Outmaneuver"],"picked":"Dagger Throw","floor":11},{"not_picked":["Grand Finale","Flying Knee"],"picked":"Leg Sweep","floor":13},{"not_picked":["Accuracy","Dagger Spray"],"picked":"Backflip","floor":14},{"not_picked":["Venomology","Die Die Die"],"picked":"A Thousand Cuts","floor":16},{"not_picked":["PiercingWail","Poisoned Stab"],"picked":"Escape Plan+1","floor":18},{"not_picked":["Bane+1","Flying Knee"],"picked":"Cloak And Dagger","floor":19},{"not_picked":["Deflect","Prepared"],"picked":"Cloak And Dagger","floor":20},{"not_picked":["Tactician","Backflip","Quick Slash"],"picked":"SKIP","floor":22},{"not_picked":["Deadly Poison","Dash"],"picked":"Footwork","floor":24},{"not_picked":["Tactician+1","Bouncing Flask","Outmaneuver"],"picked":"SKIP","floor":25},{"not_picked":["Dagger Spray","Dagger Throw","Outmaneuver"],"picked":"SKIP","floor":28},{"not_picked":["Malaise","Choke+1","Predator"],"picked":"SKIP","floor":29},{"not_picked":["Finisher","Dodge and Roll"],"picked":"Endless Agony","floor":30},{"not_picked":["Bouncing Flask+1","Leg Sweep"],"picked":"Slice+1","floor":31}],"player_experience":610350,"relics_obtained":[{"floor":7,"key":"Bronze Scales"},{"floor":9,"key":"Blue Candle"},{"floor":25,"key":"Du-Vu Doll"}],"event_choices":[{"damage_healed":0,"gold_gain":0,"player_choice":"Donut","damage_taken":0,"max_hp_gain":5,"max_hp_loss":0,"event_name":"Big Fish","floor":3,"gold_loss":0},{"damage_healed":0,"gold_gain":0,"player_choice":"Ignored","damage_taken":0,"max_hp_gain":0,"max_hp_loss":0,"event_name":"Liars Game","floor":5,"gold_loss":0},{"damage_healed":0,"gold_gain":0,"player_choice":"Trade","damage_taken":0,"relics_obtained":["CultistMask"],"max_hp_gain":0,"max_hp_loss":0,"event_name":"FaceTrader","floor":8,"gold_loss":0}],"is_beta":false,"boss_relics":[{"not_picked":["Fusion Hammer","Pandora\u0027s Box"],"picked":"WristBlade"}],"items_purged_floors":[21],"is_endless":false,"potions_floor_spawned":[1,11,13,14,16,18,25,28,29],"killed_by":"Champ","ascension_level":0}