{"path_per_floor":["M","?","M","?","?","E","M","M","T","M","M","$","?","M","R"],"character_chosen":"IRONCLAD","items_purchased":["Toxic Egg 2"],"gold_per_floor":[114,114,126,106,166,195,206,216,295,312,332,87,262,274,274],"floor_reached":16,"campfire_rested":1,"playtime":603,"current_hp_per_floor":[86,86,81,81,81,82,91,85,85,60,62,62,62,61,92],"items_purged":[],"gold":274,"score":129,"play_id":"da704ab6-cf66-4f0a-9e8f-f6121c3046f4","is_prod":false,"is_daily":false,"is_ascension_mode":false,"campfire_upgraded":0,"path_taken":["M","?","M","?","?","E","M","M","T","M","?","$","?","M","R","BOSS"],"build_version":"2018-02-12-PROD1","purchased_purges":0,"victory":false,"master_deck":["Strike_R","Strike_R","Strike_R","Strike_R","Strike_R","Defend_R","Defend_R","Defend_R","Defend_R","Bash","Heavy Blade","Feed","Shockwave","Flex","Armaments","Battle Trance","Perfected Strike","Doubt","Sentinel+1"],"max_hp_per_floor":[88,88,88,88,88,91,94,97,97,100,103,103,103,106,106],"relics":["Burning Blood","Anchor","Matryoshka","Toxic Egg 2"],"card_choices":[{"not_picked":["Shrug It Off","Spot Weakness"],"picked":"Heavy Blade"},{"not_picked":["Spot Weakness","Iron Wave"],"picked":"Feed"},{"not_picked":["Bloodletting","Fire Breathing"],"picked":"Shockwave"},{"not_picked":["Rampage","Burning Pact"],"picked":"Flex"},{"not_picked":["Second Wind","Flame Barrier"],"picked":"Armaments"},{"not_picked":["Spot Weakness","Combust"],"picked":"Battle Trance"},{"not_picked":["Clothesline","Havoc"],"picked":"Perfected Strike"},{"not_picked":["Havoc","Shrug It Off"],"picked":"Sentinel"}],"player_experience":84111,"potions_floor_usage":[6,6,16,16,16],"damage_taken":[{"damage":8,"enemies":"Small Slimes","floor":1,"turns":5},{"damage":11,"enemies":"Jaw Worm","floor":3,"turns":2},{"damage":8,"enemies":"Gremlin Nob","floor":6,"turns":4},{"damage":0,"enemies":"2 Louse","floor":7,"turns":4},{"damage":15,"enemies":"Lots of Slimes","floor":8,"turns":6},{"damage":34,"enemies":"Exordium Thugs","floor":10,"turns":7},{"damage":7,"enemies":"3 Louse","floor":11,"turns":4},{"damage":10,"enemies":"Looter","floor":14,"turns":3},{"damage":96,"enemies":"Hexaghost","floor":16,"turns":14}],"event_choices":[{"event_name":"The Cleric","player_choice":"Leave","floor":2,"damage_taken":0},{"event_name":"The Woman in Blue","player_choice":"Bought 1 Potion","floor":4,"damage_taken":0},{"event_name":"Golden Wing","player_choice":"Gained Gold","floor":5,"damage_taken":0},{"event_name":"Liars Game","player_choice":"agreed","floor":13,"damage_taken":0}],"boss_relics":[],"potions_floor_spawned":[3,7,10,14],"seed_played":"-2735055083158383666","killed_by":"Hexaghost","ascension_level":0,"is_trial":false}