{"gold_per_floor":[114,130,100,116,132,132,164,181,181,181,200,213,213,228,228,299,299,299,4,4,4,4,4,4,4,4,4,4,4,4,4,4,4,4,4,4,4,4,4,4,4,4,4,4,4,4,4,4,4,4],"floor_reached":51,"playtime":2190,"items_purged":[],"score":1256,"play_id":"b0b89299-3c21-48e3-839d-ed83f6ded7ff","local_time":"20190507223718","is_ascension_mode":true,"campfire_choices":[{"data":"Venomology","floor":6,"key":"SMITH"},{"floor":13,"key":"REST"},{"data":"Dash","floor":15,"key":"SMITH"},{"floor":24,"key":"REST"},{"floor":32,"key":"REST"},{"data":"Malaise","floor":40,"key":"SMITH"},{"floor":42,"key":"REST"},{"floor":45,"key":"REST"},{"floor":49,"key":"REST"}],"neow_cost":"NONE","seed_source_timestamp":533731548798976,"circlet_count":0,"master_deck":["AscendersBane","Defend_G+1","Defend_G+1","Defend_G+1","Defend_G+1","Defend_G+1","Strike_G+1","Strike_G+1","Strike_G+1","Strike_G+1","Strike_G+1","Survivor","Neutralize+1","Venomology+1","Dagger Spray","Backstab","Backstab","Flechettes","Dagger Spray","Noxious Fumes","PiercingWail","Dash+1","Die Die Die","Cloak And Dagger","Dagger Throw","Acrobatics+1","Finisher","Malaise+1","All Out Attack","Shame","Cloak And Dagger+1","Blur+1","Bullet Time+1","PiercingWail+1","Prepared+1","Blade Dance+1","Blade Dance+1","Writhe","Finisher+1","Terror+1","Panache"],"relics":["Ring of the Serpent","Pantograph","Bottled Lightning","Ectoplasm","Shuriken","Vajra","Du-Vu Doll","Pear","Singing Bowl","Toxic Egg 2","Question Card","Girya","Bottled Flame"],"potions_floor_usage":[4,7,8,11,16,20,22,23,25,25,25,27,29,33,33,38,38,41,41,46,50,50],"damage_taken":[{"damage":0,"enemies":"2 Louse","floor":1,"turns":5},{"damage":6,"enemies":"Small Slimes","floor":2,"turns":6},{"damage":12,"enemies":"Jaw Worm","floor":4,"turns":5},{"damage":0,"enemies":"2 Fungi Beasts","floor":5,"turns":2},{"damage":17,"enemies":"3 Sentries","floor":7,"turns":5},{"damage":1,"enemies":"Large Slime","floor":8,"turns":5},{"damage":1,"enemies":"Exordium Thugs","floor":11,"turns":3},{"damage":4,"enemies":"Red Slaver","floor":12,"turns":2},{"damage":1,"enemies":"2 Fungi Beasts","floor":14,"turns":3},{"damage":38,"enemies":"Hexaghost","floor":16,"turns":11},{"damage":12,"enemies":"Shell Parasite","floor":18,"turns":6},{"damage":0,"enemies":"Spheric Guardian","floor":20,"turns":3},{"damage":2,"enemies":"3 Cultists","floor":22,"turns":4},{"damage":20,"enemies":"Book of Stabbing","floor":23,"turns":5},{"damage":0,"enemies":"Slavers","floor":25,"turns":4},{"damage":30,"enemies":"Gremlin Leader","floor":27,"turns":5},{"damage":8,"enemies":"Shelled Parasite and Fungi","floor":29,"turns":3},{"damage":8,"enemies":"Snake Plant","floor":31,"turns":3},{"damage":49,"enemies":"Collector","floor":33,"turns":8},{"damage":5,"enemies":"3 Shapes","floor":35,"turns":5},{"damage":10,"enemies":"Orb Walker","floor":36,"turns":2},{"damage":12,"enemies":"4 Shapes","floor":37,"turns":8},{"damage":2,"enemies":"3 Darklings","floor":38,"turns":3},{"damage":62,"enemies":"Giant Head","floor":41,"turns":7},{"damage":48,"enemies":"Sphere and 2 Shapes","floor":46,"turns":3},{"damage":61,"enemies":"Awakened One","floor":50,"turns":9}],"seed_played":"2660189237377058956","potions_obtained":[{"floor":2,"key":"AttackPotion"},{"floor":22,"key":"AttackPotion"},{"floor":27,"key":"PowerPotion"},{"floor":38,"key":"SkillPotion"},{"floor":41,"key":"EssenceOfSteel"},{"floor":48,"key":"FairyPotion"},{"floor":48,"key":"Regen Potion"}],"is_trial":false,"path_per_floor":["M","M","?","M","M","R","E","M","T","?","M","M","R","M","R","B",null,"M","$","M","?","M","E","R","E","T","E","?","M","T","M","R","B",null,"M","M","M","M","?","R","E","R","T","?","R","M","?","?","R","B",null],"character_chosen":"THE_SILENT","items_purchased":["Shuriken","Cloak And Dagger"],"campfire_rested":6,"item_purchase_floors":[19,19],"current_hp_per_floor":[63,57,57,45,45,45,28,27,27,27,26,22,43,42,42,29,60,48,48,48,48,46,26,47,47,57,27,27,19,19,11,35,11,63,58,48,36,34,54,54,1,25,25,25,49,1,1,1,25,4],"gold":4,"neow_bonus":"ONE_RANDOM_RARE_CARD","is_prod":false,"is_daily":false,"chose_seed":false,"campfire_upgraded":3,"win_rate":0,"timestamp":1557283038,"path_taken":["M","M","?","M","M","R","E","M","T","?","M","M","R","M","R","BOSS","M","$","M","?","M","E","R","E","T","E","?","M","?","M","R","BOSS","M","M","M","M","?","R","E","R","T","?","R","?","?","?","R","BOSS"],"build_version":"2019-01-23","purchased_purges":0,"victory":true,"max_hp_per_floor":[70,70,70,70,70,70,70,70,70,70,70,70,70,70,70,70,70,70,70,70,70,70,70,70,70,80,80,80,80,80,80,80,80,80,80,80,80,80,80,80,80,80,80,80,80,80,80,80,80,80],"card_choices":[{"not_picked":["Heel Hook","Deflect","Flying Knee"],"picked":"SKIP","floor":1},{"not_picked":["Quick Slash","Underhanded Strike"],"picked":"Dagger Spray","floor":2},{"not_picked":["Deadly Poison","Sucker Punch"],"picked":"Backstab","floor":4},{"not_picked":["Underhanded Strike","Sucker Punch"],"picked":"Backstab","floor":5},{"not_picked":["Blade Dance","Choke"],"picked":"Flechettes","floor":7},{"not_picked":["Slice","PiercingWail"],"picked":"Dagger Spray","floor":8},{"not_picked":["Heel Hook","Acrobatics"],"picked":"Noxious Fumes","floor":11},{"not_picked":["Quick Slash","Flechettes"],"picked":"PiercingWail","floor":12},{"not_picked":["Sucker Punch","Distraction"],"picked":"Dash","floor":14},{"not_picked":["Storm of Steel","Wraith Form v2"],"picked":"Die Die Die","floor":16},{"not_picked":["Choke","Prepared","Flying Knee"],"picked":"SKIP","floor":18},{"not_picked":["Prepared","Acrobatics"],"picked":"Dagger Throw","floor":20},{"not_picked":["Sucker Punch","Deflect"],"picked":"Acrobatics+1","floor":22},{"not_picked":["Distraction","Underhanded Strike"],"picked":"Finisher","floor":23},{"not_picked":["Quick Slash","Bane+1"],"picked":"Malaise","floor":25},{"not_picked":["Blur","Slice"],"picked":"All Out Attack","floor":27},{"not_picked":["Prepared+1","Reflex+1"],"picked":"Cloak And Dagger+1","floor":29},{"not_picked":["Endless Agony","Concentrate+1","Poisoned Stab"],"picked":"Blur+1","floor":31},{"not_picked":["Burst+1","Grand Finale","Adrenaline+1"],"picked":"Bullet Time+1","floor":33},{"not_picked":["Backflip+1","Poisoned Stab","Sucker Punch"],"picked":"PiercingWail+1","floor":35},{"not_picked":["Dagger Throw","Bane+1","Slice"],"picked":"Prepared+1","floor":36},{"not_picked":["Dagger Spray","Noxious Fumes","Deflect+1"],"picked":"Blade Dance+1","floor":37},{"not_picked":["Venomology+1","Prepared+1","Flechettes"],"picked":"Blade Dance+1","floor":38},{"not_picked":["Flying Knee","Prepared+1","Storm of Steel+1"],"picked":"Finisher","floor":41},{"not_picked":["Dagger Throw+1","Dodge and Roll+1","Sucker Punch"],"picked":"Terror+1","floor":46},{"not_picked":["Discovery+1","PanicButton+1","Master of Strategy+1"],"picked":"Panache","floor":47}],"player_experience":497669,"relics_obtained":[{"floor":7,"key":"Pantograph"},{"floor":9,"key":"Bottled Lightning"},{"floor":23,"key":"Vajra"},{"floor":25,"key":"Du-Vu Doll"},{"floor":26,"key":"Pear"},{"floor":27,"key":"Singing Bowl"},{"floor":30,"key":"Question Card"},{"floor":41,"key":"Girya"},{"floor":43,"key":"Bottled Flame"}],"event_choices":[{"damage_healed":0,"gold_gain":0,"player_choice":"Left Gold","damage_taken":0,"max_hp_gain":0,"max_hp_loss":0,"event_name":"World of Goop","floor":3,"gold_loss":30},{"damage_healed":0,"gold_gain":0,"player_choice":"Grow","damage_taken":0,"max_hp_gain":0,"max_hp_loss":0,"event_name":"Living Wall","floor":10,"gold_loss":0,"cards_upgraded":["Neutralize"]},{"damage_healed":0,"gold_gain":0,"player_choice":"Simplicity","damage_taken":0,"max_hp_gain":0,"max_hp_loss":0,"event_name":"Back to Basics","floor":21,"gold_loss":0,"cards_upgraded":["Defend_G","Defend_G","Defend_G","Defend_G","Defend_G","Strike_G","Strike_G","Strike_G","Strike_G","Strike_G"]},{"damage_healed":0,"gold_gain":0,"player_choice":"Stole Relic","damage_taken":0,"relics_obtained":["Toxic Egg 2"],"max_hp_gain":0,"max_hp_loss":0,"event_name":"Addict","floor":28,"gold_loss":0,"cards_obtained":["Shame"]},{"damage_healed":20,"gold_gain":0,"player_choice":"Writhe","damage_taken":0,"max_hp_gain":0,"max_hp_loss":0,"event_name":"Winding Halls","floor":39,"gold_loss":0,"cards_obtained":["Writhe"]},{"damage_healed":0,"gold_gain":0,"player_choice":"Forge","damage_taken":0,"max_hp_gain":0,"max_hp_loss":0,"event_name":"Accursed Blacksmith","floor":44,"gold_loss":0,"cards_upgraded":["Finisher"]},{"damage_healed":0,"gold_gain":0,"player_choice":"Memory 1","damage_taken":0,"max_hp_gain":0,"max_hp_loss":0,"event_name":"SensoryStone","floor":47,"gold_loss":0},{"damage_healed":0,"gold_gain":0,"player_choice":"Got Potions","damage_taken":0,"max_hp_gain":0,"max_hp_loss":0,"event_name":"Lab","floor":48,"gold_loss":0}],"is_beta":false,"boss_relics":[{"not_picked":["Velvet Choker","WristBlade"],"picked":"Ectoplasm"},{"not_picked":["White Beast Statue","HoveringKite"],"picked":"Ring of the Serpent"}],"items_purged_floors":[],"is_endless":false,"potions_floor_spawned":[2,4,7,8,16,22,23,27,35,37,38,41],"ascension_level":13}