{"gold_per_floor":[115,115,125,37,57,84,103,118,118,147,147,147,163,175,175,275,275,287,91,105,105,122,156,172,172,198,198,217,217,242,242,242,347,347,365,375,375,22,22],"floor_reached":39,"playtime":2283,"items_purged":[],"score":438,"play_id":"9b777e94-18aa-44a5-861e-304a120aca77","local_time":"20190112221156","is_ascension_mode":false,"campfire_choices":[{"floor":11,"key":"REST"},{"floor":15,"key":"REST"},{"floor":27,"key":"REST"},{"floor":29,"key":"REST"},{"data":"Discovery","floor":32,"key":"SMITH"}],"neow_cost":"NONE","seed_source_timestamp":639117848950206,"circlet_count":0,"master_deck":["Strike_B","Strike_B","Strike_B","Strike_B","Defend_B","Defend_B","Defend_B","Defend_B","Zap","Dualcast","Loop","Rebound","Discovery+1","Conserve Battery","Lockon","Cold Snap","Barrage","Turbo","Self Repair","Go for the Eyes","Creative AI","Doom and Gloom+1","Dramatic Entrance","Darkness","Heatsinks","FTL+1","Shame","Ball Lightning","Chill+1","Barrage+1","Heatsinks","Thunder Strike","Sunder","Reinforced Body","Chrysalis","Finesse","Discovery"],"relics":["Cracked Core","NeowsBlessing","Cables","Turnip","Mummified Hand","Ginger","Lizard Tail","Bird Faced Urn","Meat on the Bone","MutagenicStrength","PreservedInsect","Regal Pillow","Busted Crown","DataDisk","Runic Capacitor"],"potions_floor_usage":[16,16,20,23,23,24,39,39],"damage_taken":[{"damage":0,"enemies":"Cultist","floor":1,"turns":1},{"damage":0,"enemies":"2 Louse","floor":3,"turns":1},{"damage":0,"enemies":"Jaw Worm","floor":5,"turns":1},{"damage":31,"enemies":"3 Sentries","floor":6,"turns":9},{"damage":10,"enemies":"2 Fungi Beasts","floor":7,"turns":4},{"damage":0,"enemies":"Blue Slaver","floor":8,"turns":3},{"damage":13,"enemies":"Lagavulin","floor":10,"turns":7},{"damage":0,"enemies":"Looter","floor":13,"turns":3},{"damage":9,"enemies":"2 Fungi Beasts","floor":14,"turns":3},{"damage":19,"enemies":"The Guardian","floor":16,"turns":10},{"damage":13,"enemies":"3 Byrds","floor":18,"turns":5},{"damage":5,"enemies":"Chosen","floor":20,"turns":4},{"damage":28,"enemies":"Centurion and Healer","floor":22,"turns":6},{"damage":66,"enemies":"Slavers","floor":23,"turns":5},{"damage":34,"enemies":"Snake Plant","floor":24,"turns":5},{"damage":7,"enemies":"Snecko","floor":28,"turns":5},{"damage":97,"enemies":"Collector","floor":33,"turns":13},{"damage":18,"enemies":"3 Shapes","floor":35,"turns":2},{"damage":22,"enemies":"Orb Walker","floor":36,"turns":3},{"damage":43,"enemies":"Writhing Mass","floor":39,"turns":4}],"seed_played":"-7449925891752602946","potions_obtained":[{"floor":5,"key":"LiquidBronze"},{"floor":7,"key":"Strength Potion"},{"floor":8,"key":"GamblersBrew"},{"floor":16,"key":"PowerPotion"},{"floor":18,"key":"EssenceOfSteel"},{"floor":23,"key":"Regen Potion"},{"floor":33,"key":"Weak Potion"},{"floor":35,"key":"Fire Potion"},{"floor":36,"key":"FearPotion"}],"is_trial":false,"path_per_floor":["M","?","M","$","M","E","M","M","T","E","R","?","M","M","R","B",null,"M","$","M","?","M","E","M","?","T","R","M","R","T","?","R","B",null,"M","M","?","$","M"],"character_chosen":"DEFECT","items_purchased":["Discovery","Dramatic Entrance","Darkness","Heatsinks","DataDisk","Runic Capacitor"],"campfire_rested":4,"item_purchase_floors":[4,19,19,19,38,38],"current_hp_per_floor":[75,75,75,75,75,44,34,34,34,21,43,25,25,23,45,33,75,69,69,71,71,66,17,15,15,15,37,53,75,75,61,61,37,80,62,42,32,32,0],"gold":22,"neow_bonus":"THREE_ENEMY_KILL","is_prod":false,"is_daily":false,"chose_seed":false,"campfire_upgraded":1,"win_rate":0,"timestamp":1547349116,"path_taken":["M","?","M","$","M","E","M","?","T","E","R","?","M","M","R","BOSS","M","$","M","?","M","E","M","?","T","R","M","R","?","?","R","BOSS","M","M","?","$","M"],"build_version":"2019-01-10","purchased_purges":0,"victory":false,"max_hp_per_floor":[75,75,75,75,75,75,75,75,75,75,75,75,75,75,75,75,75,75,75,75,75,75,75,75,75,75,75,75,75,75,80,80,80,80,80,80,80,80,80],"card_choices":[{"not_picked":["Redo","Cold Snap"],"picked":"Loop","floor":1},{"not_picked":["Go for the Eyes","Chill"],"picked":"Rebound","floor":3},{"not_picked":["BootSequence","Hologram"],"picked":"Conserve Battery","floor":5},{"not_picked":["Reboot","Rebound"],"picked":"Lockon","floor":6},{"not_picked":["Tempest","Compile Driver"],"picked":"Cold Snap","floor":7},{"not_picked":["Coolheaded","Conserve Battery"],"picked":"Barrage","floor":8},{"not_picked":["Stack","Leap"],"picked":"Turbo","floor":10},{"not_picked":["Coolheaded","Tempest"],"picked":"Self Repair","floor":13},{"not_picked":["Consume","Rebound"],"picked":"Go for the Eyes","floor":14},{"not_picked":["Fission","Core Surge"],"picked":"Creative AI","floor":16},{"not_picked":["Rebound+1","Turbo"],"picked":"Doom and Gloom+1","floor":18},{"not_picked":["Ball Lightning","Chaos"],"picked":"FTL+1","floor":20},{"not_picked":["Compile Driver","Stack"],"picked":"Ball Lightning","floor":22},{"not_picked":["Rebound","Redo"],"picked":"Chill+1","floor":23},{"not_picked":["Sweeping Beam","Chaos"],"picked":"Barrage+1","floor":24},{"not_picked":["Doom and Gloom","Aggregate"],"picked":"Heatsinks","floor":28},{"not_picked":["Fission","Machine Learning"],"picked":"Thunder Strike","floor":33},{"not_picked":[],"picked":"Sunder","floor":35},{"not_picked":[],"picked":"Reinforced Body","floor":36},{"not_picked":[],"picked":"Chrysalis","floor":37},{"not_picked":[],"picked":"Finesse","floor":37},{"not_picked":[],"picked":"Discovery","floor":37}],"player_experience":292770,"relics_obtained":[{"floor":6,"key":"Cables"},{"floor":9,"key":"Turnip"},{"floor":10,"key":"Mummified Hand"},{"floor":23,"key":"Meat on the Bone"},{"floor":26,"key":"PreservedInsect"},{"floor":30,"key":"Regal Pillow"}],"event_choices":[{"damage_healed":0,"gold_gain":0,"player_choice":"Ignored","damage_taken":0,"max_hp_gain":0,"max_hp_loss":0,"event_name":"Purifier","floor":2,"gold_loss":0},{"damage_healed":0,"gold_gain":0,"player_choice":"Success","damage_taken":18,"relics_obtained":["Ginger"],"max_hp_gain":0,"max_hp_loss":0,"event_name":"Scrap Ooze","floor":12,"gold_loss":0},{"damage_healed":0,"gold_gain":0,"player_choice":"Stole Relic","damage_taken":0,"relics_obtained":["Bird Faced Urn"],"max_hp_gain":0,"max_hp_loss":0,"event_name":"Addict","floor":21,"gold_loss":0,"cards_obtained":["Shame"]},{"damage_healed":0,"gold_gain":0,"player_choice":"Inject Mutagens","damage_taken":0,"relics_obtained":["MutagenicStrength"],"max_hp_gain":0,"max_hp_loss":0,"event_name":"Drug Dealer","floor":25,"gold_loss":0},{"damage_healed":0,"gold_gain":0,"player_choice":"Shed Blood","damage_taken":19,"max_hp_gain":5,"max_hp_loss":0,"event_name":"Forgotten Altar","floor":31,"gold_loss":0},{"damage_healed":0,"gold_gain":0,"player_choice":"Memory 3","damage_taken":10,"max_hp_gain":0,"max_hp_loss":0,"event_name":"SensoryStone","floor":37,"gold_loss":0}],"is_beta":false,"boss_relics":[{"not_picked":["Eternal Feather","Empty Cage"],"picked":"Lizard Tail"},{"not_picked":["Runic Dome","Philosopher\u0027s Stone"],"picked":"Busted Crown"}],"items_purged_floors":[],"is_endless":false,"potions_floor_spawned":[5,7,8,10,16,18,23,33,35,36],"killed_by":"Writhing Mass","ascension_level":0}