{"gold_per_floor":[113,113,38,38,38,69,84,114,114,155,186,216,228],"floor_reached":13,"playtime":432,"items_purged":["Shame"],"score":206,"play_id":"e4e75ddb-94b9-4273-97ad-074b1164af24","local_time":"20190125015606","is_ascension_mode":true,"campfire_choices":[],"neow_cost":"CURSE","seed_source_timestamp":27460449998688,"circlet_count":0,"master_deck":["AscendersBane","Strike_R","Strike_R+1","Strike_R","Strike_R+1","Strike_R+1","Defend_R","Defend_R","Defend_R","Defend_R","Bash+1","Reaper+1","Thunderclap","Sword Boomerang","Hemokinesis","Flame Barrier","True Grit","Shrug It Off"],"relics":["Burning Blood","Paper Frog","PreservedInsect","MawBank","Whetstone"],"potions_floor_usage":[8,13],"damage_taken":[{"damage":2,"enemies":"2 Louse","floor":1,"turns":4},{"damage":32,"enemies":"Gremlin Nob","floor":6,"turns":4},{"damage":4,"enemies":"Jaw Worm","floor":7,"turns":4},{"damage":41,"enemies":"Lagavulin","floor":8,"turns":5},{"damage":11,"enemies":"Gremlin Nob","floor":10,"turns":3},{"damage":3,"enemies":"Cultist","floor":11,"turns":2},{"damage":15,"enemies":"2 Fungi Beasts","floor":12,"turns":3},{"damage":57,"enemies":"Gremlin Gang","floor":13,"turns":3}],"seed_played":"-2353228999125836859","potions_obtained":[{"floor":6,"key":"Weak Potion"},{"floor":7,"key":"SneckoOil"},{"floor":8,"key":"GamblersBrew"},{"floor":12,"key":"PowerPotion"}],"is_trial":false,"path_per_floor":["M","?","$","?","?","E","M","E","T","E","M","M","M"],"character_chosen":"IRONCLAD","items_purchased":[],"campfire_rested":0,"item_purchase_floors":[],"current_hp_per_floor":[75,80,80,56,56,37,47,20,20,23,26,27,0],"gold":228,"neow_bonus":"THREE_RARE_CARDS","is_prod":false,"is_daily":false,"chose_seed":false,"campfire_upgraded":0,"win_rate":0,"timestamp":1548392166,"path_taken":["M","?","$","?","?","E","M","E","T","E","?","M","M"],"build_version":"2019-01-23","purchased_purges":1,"victory":false,"max_hp_per_floor":[75,80,80,80,80,80,80,80,80,80,80,80,80],"card_choices":[{"not_picked":["Juggernaut","Bludgeon"],"picked":"Reaper","floor":0},{"not_picked":["Seeing Red","Shrug It Off"],"picked":"Thunderclap","floor":1},{"not_picked":["Dual Wield","Brutality"],"picked":"Sword Boomerang","floor":6},{"not_picked":["Sword Boomerang","Reckless Charge"],"picked":"Hemokinesis","floor":7},{"not_picked":["Pummel","Battle Trance"],"picked":"Flame Barrier","floor":8},{"not_picked":["Sword Boomerang","Berserk"],"picked":"True Grit","floor":10},{"not_picked":["Pummel","Armaments"],"picked":"Shrug It Off","floor":11},{"not_picked":["Shrug It Off","Rage","True Grit"],"picked":"SKIP","floor":12}],"player_experience":773489,"relics_obtained":[{"floor":6,"key":"Paper Frog"},{"floor":8,"key":"PreservedInsect"},{"floor":9,"key":"MawBank"},{"floor":10,"key":"Whetstone"}],"event_choices":[{"damage_healed":0,"gold_gain":0,"player_choice":"Donut","damage_taken":0,"max_hp_gain":5,"max_hp_loss":0,"event_name":"Big Fish","floor":2,"gold_loss":0},{"damage_healed":0,"gold_gain":0,"player_choice":"Entered Light","damage_taken":24,"max_hp_gain":0,"max_hp_loss":0,"event_name":"Shining Light","floor":4,"gold_loss":0,"cards_upgraded":["Bash","Strike_R"]},{"damage_healed":0,"gold_gain":0,"player_choice":"Grow","damage_taken":0,"max_hp_gain":0,"max_hp_loss":0,"event_name":"Living Wall","floor":5,"gold_loss":0,"cards_upgraded":["Reaper"]}],"is_beta":false,"boss_relics":[],"items_purged_floors":[3],"is_endless":false,"potions_floor_spawned":[6,7,8,12],"killed_by":"Gremlin Gang","ascension_level":20}