{"gold_per_floor":[116,66,83,8,21,46,46,101,127,141,167,183,196,174,174,277,277,296,329,127,127,137,137,153,179,179,104,104,104,118,148,148,253,253,272,288,26,36,56,89,108,108,108,134,134,148,181,403,403,403],"floor_reached":51,"playtime":2036,"items_purged":[],"score":892,"play_id":"21a2140e-5404-48be-ba55-3dba30a55355","local_time":"20190330225426","is_ascension_mode":false,"campfire_choices":[{"floor":7,"key":"REST"},{"floor":15,"key":"REST"},{"floor":23,"key":"REST"},{"data":"Reaper","floor":29,"key":"SMITH"},{"floor":32,"key":"REST"},{"data":"Inflame","floor":42,"key":"SMITH"},{"floor":49,"key":"REST"}],"neow_cost":"NONE","seed_source_timestamp":1488397304904138,"circlet_count":0,"master_deck":["Strike_R+1","Strike_R+1","Strike_R+1","Strike_R+1","Defend_R+1","Defend_R+1","Defend_R+1","Defend_R+1","Bash","Heavy Blade","Infernal Blade","Battle Trance","Corruption","Clothesline","Infernal Blade","Pommel Strike","Inflame","Reaper+1","Pommel Strike+1","Necronomicurse","Barricade","Offering","Double Tap","Spot Weakness+1","Inflame+1","Shrug It Off","Parasite","Spot Weakness+1","Flex+1","Flex+1","Injury","Sword Boomerang+1","Decay","Heavy Blade","Whirlwind"],"relics":["Burning Blood","Whetstone","Mango","Happy Flower","Blood Vial","Philosopher\u0027s Stone","Red Mask","HandDrill","Ancient Tea Set","Torii","Necronomicon","Vajra","Cursed Key","Pen Nib","Anchor","Shuriken","Mercury Hourglass","Regal Pillow"],"potions_floor_usage":[11,13,16,16,19,33,40,47,50],"damage_taken":[{"damage":11,"enemies":"Jaw Worm","floor":1,"turns":5},{"damage":9,"enemies":"2 Louse","floor":3,"turns":3},{"damage":0,"enemies":"Small Slimes","floor":5,"turns":2},{"damage":48,"enemies":"Gremlin Nob","floor":6,"turns":6},{"damage":44,"enemies":"Lagavulin Event","floor":8,"turns":6},{"damage":16,"enemies":"Blue Slaver","floor":10,"turns":3},{"damage":21,"enemies":"3 Sentries","floor":11,"turns":7},{"damage":14,"enemies":"3 Louse","floor":12,"turns":3},{"damage":10,"enemies":"Exordium Wildlife","floor":13,"turns":5},{"damage":7,"enemies":"The Guardian","floor":16,"turns":11},{"damage":22,"enemies":"Shell Parasite","floor":18,"turns":4},{"damage":43,"enemies":"Masked Bandits","floor":19,"turns":5},{"damage":3,"enemies":"Spheric Guardian","floor":22,"turns":3},{"damage":15,"enemies":"Chosen and Byrds","floor":24,"turns":6},{"damage":7,"enemies":"Snake Plant","floor":30,"turns":2},{"damage":32,"enemies":"Gremlin Leader","floor":31,"turns":4},{"damage":77,"enemies":"Champ","floor":33,"turns":8},{"damage":18,"enemies":"3 Shapes","floor":35,"turns":2},{"damage":8,"enemies":"Orb Walker","floor":36,"turns":2},{"damage":12,"enemies":"Writhing Mass","floor":38,"turns":4},{"damage":32,"enemies":"Jaw Worm Horde","floor":39,"turns":3},{"damage":6,"enemies":"Reptomancer","floor":40,"turns":2},{"damage":1,"enemies":"Spire Growth","floor":41,"turns":2},{"damage":54,"enemies":"Nemesis","floor":44,"turns":5},{"damage":7,"enemies":"3 Darklings","floor":46,"turns":3},{"damage":0,"enemies":"Reptomancer","floor":47,"turns":2},{"damage":29,"enemies":"Donu and Deca","floor":50,"turns":4}],"seed_played":"-819671493560790490","potions_obtained":[{"floor":5,"key":"Explosive Potion"},{"floor":6,"key":"EssenceOfSteel"},{"floor":11,"key":"EssenceOfSteel"},{"floor":12,"key":"Block Potion"},{"floor":16,"key":"LiquidBronze"},{"floor":22,"key":"Ancient Potion"},{"floor":31,"key":"AttackPotion"},{"floor":39,"key":"Strength Potion"},{"floor":41,"key":"SteroidPotion"},{"floor":46,"key":"Swift Potion"},{"floor":47,"key":"Energy Potion"}],"is_trial":false,"path_per_floor":["M","?","M","$","M","E","R","?","T","M","E","M","M","?","R","B",null,"M","?","$","?","M","R","M","T","T","?","?","R","M","E","R","B",null,"M","M","$","M","M","E","M","R","T","E","?","M","E","?","R","B",null],"character_chosen":"IRONCLAD","items_purchased":["Battle Trance","HandDrill","Pen Nib","Inflame","Shrug It Off"],"campfire_rested":5,"item_purchase_floors":[4,20,37,37,37],"current_hp_per_floor":[83,83,80,80,86,44,70,46,46,36,21,15,13,13,43,44,102,86,55,55,55,60,90,89,89,89,89,73,73,74,77,102,43,102,90,90,90,86,62,64,71,71,71,73,73,74,82,82,102,79],"gold":403,"neow_bonus":"TEN_PERCENT_HP_BONUS","is_prod":false,"is_daily":false,"chose_seed":false,"campfire_upgraded":2,"win_rate":0,"timestamp":1554000866,"path_taken":["M","?","M","$","M","E","R","?","T","M","E","M","M","?","R","BOSS","M","?","$","?","M","R","M","?","T","?","?","R","?","E","R","BOSS","M","M","$","M","M","E","M","R","T","E","?","?","E","?","R","BOSS"],"build_version":"2019-01-23","purchased_purges":0,"victory":true,"max_hp_per_floor":[88,88,88,88,88,88,88,102,102,102,102,102,102,102,102,102,102,102,102,102,102,102,102,102,102,102,102,102,102,102,102,102,102,102,102,102,102,102,102,102,102,102,102,102,102,102,102,102,102,102],"card_choices":[{"not_picked":["Twin Strike","Cleave"],"picked":"Heavy Blade","floor":1},{"not_picked":["Ghostly Armor","Pummel"],"picked":"Infernal Blade","floor":3},{"not_picked":["Cleave","Sword Boomerang"],"picked":"Corruption","floor":5},{"not_picked":["Sword Boomerang","Corruption"],"picked":"Clothesline","floor":6},{"not_picked":["Brutality","Shrug It Off"],"picked":"Infernal Blade","floor":10},{"not_picked":["Warcry","Fire Breathing"],"picked":"Armaments","floor":11},{"not_picked":["Rage","Evolve"],"picked":"Pommel Strike","floor":12},{"not_picked":["Clash","Power Through"],"picked":"Inflame","floor":13},{"not_picked":["Bludgeon","Immolate"],"picked":"Reaper","floor":16},{"not_picked":["Clash","Power Through","Iron Wave"],"picked":"SKIP","floor":18},{"not_picked":["Intimidate","Clothesline"],"picked":"Pommel Strike+1","floor":19},{"not_picked":["Body Slam","Headbutt","Warcry"],"picked":"SKIP","floor":22},{"not_picked":["Intimidate+1","Iron Wave","Headbutt+1"],"picked":"SKIP","floor":24},{"not_picked":["Searing Blow","Heavy Blade+1"],"picked":"Barricade","floor":30},{"not_picked":["Clash","Ghostly Armor"],"picked":"Offering","floor":31},{"not_picked":["Feed","Barricade"],"picked":"Double Tap","floor":33},{"not_picked":["Body Slam","Rage","Carnage+1"],"picked":"SKIP","floor":35},{"not_picked":["Twin Strike","Perfected Strike+1"],"picked":"Spot Weakness+1","floor":36},{"not_picked":["Clothesline","Wild Strike+1","Pummel"],"picked":"SKIP","floor":38},{"not_picked":["Feel No Pain","Battle Trance"],"picked":"Spot Weakness+1","floor":39},{"not_picked":["Flame Barrier+1","Body Slam"],"picked":"Flex+1","floor":40},{"not_picked":["Cleave+1","Wild Strike+1"],"picked":"Flex+1","floor":41},{"not_picked":["Ghostly Armor","Metallicize"],"picked":"Sword Boomerang+1","floor":44},{"not_picked":["Clash+1","Thunderclap+1"],"picked":"Heavy Blade","floor":46},{"not_picked":["Dual Wield","Twin Strike"],"picked":"Whirlwind","floor":47}],"player_experience":443310,"relics_obtained":[{"floor":6,"key":"Whetstone"},{"floor":8,"key":"Mango"},{"floor":9,"key":"Happy Flower"},{"floor":11,"key":"Blood Vial"},{"floor":19,"key":"Red Mask"},{"floor":25,"key":"Ancient Tea Set"},{"floor":26,"key":"Torii"},{"floor":28,"key":"Necronomicon"},{"floor":31,"key":"Vajra"},{"floor":40,"key":"Anchor"},{"floor":43,"key":"Shuriken"},{"floor":44,"key":"Mercury Hourglass"},{"floor":47,"key":"Regal Pillow"}],"event_choices":[{"cards_removed":["Strike_R"],"damage_healed":0,"gold_gain":0,"player_choice":"Card Removal","damage_taken":0,"max_hp_gain":0,"max_hp_loss":0,"event_name":"The Cleric","floor":2,"gold_loss":50},{"damage_healed":0,"gold_gain":30,"player_choice":"Searched \u00273\u0027 times","damage_taken":0,"max_hp_gain":0,"max_hp_loss":0,"event_name":"Dead Adventurer","floor":8,"gold_loss":0},{"damage_healed":0,"gold_gain":0,"player_choice":"Left Gold","damage_taken":0,"max_hp_gain":0,"max_hp_loss":0,"event_name":"World of Goop","floor":14,"gold_loss":22},{"damage_healed":0,"gold_gain":0,"player_choice":"Fought Bandits","damage_taken":0,"max_hp_gain":0,"max_hp_loss":0,"event_name":"Masked Bandits","floor":19,"gold_loss":0},{"damage_healed":0,"gold_gain":0,"player_choice":"Simplicity","damage_taken":0,"max_hp_gain":0,"max_hp_loss":0,"event_name":"Back to Basics","floor":21,"gold_loss":0,"cards_upgraded":["Strike_R","Strike_R","Defend_R","Defend_R","Defend_R","Defend_R"]},{"cards_removed":["Armaments"],"damage_healed":0,"gold_gain":0,"player_choice":"Gave Gold","damage_taken":0,"max_hp_gain":0,"max_hp_loss":0,"event_name":"Beggar","floor":27,"gold_loss":75},{"damage_healed":0,"gold_gain":0,"player_choice":"Obtained Book","damage_taken":16,"max_hp_gain":0,"max_hp_loss":0,"event_name":"Cursed Tome","floor":28,"gold_loss":0},{"damage_healed":0,"gold_gain":0,"player_choice":"Cursed","damage_taken":0,"max_hp_gain":0,"max_hp_loss":0,"event_name":"Wheel of Change","floor":45,"gold_loss":0,"cards_obtained":["Decay"]},{"damage_healed":0,"gold_gain":222,"player_choice":"Wore Mask","damage_taken":0,"max_hp_gain":0,"max_hp_loss":0,"event_name":"Tomb of Lord Red Mask","floor":48,"gold_loss":0}],"is_beta":false,"boss_relics":[{"not_picked":["Empty Cage","Runic Pyramid"],"picked":"Philosopher\u0027s Stone"},{"not_picked":["Snecko Eye","White Beast Statue"],"picked":"Cursed Key"}],"items_purged_floors":[],"is_endless":false,"potions_floor_spawned":[5,6,11,12,16,22,31,39,41,46,47],"ascension_level":0}