{"gold_per_floor":[116,126,136,136,136,174,174,212,212,212],"floor_reached":10,"playtime":665,"items_purged":[],"score":91,"play_id":"cc0b0401-fcea-4ff0-8d7b-28aa398ecaa7","local_time":"20190623232446","is_ascension_mode":true,"campfire_choices":[],"neow_cost":"NONE","seed_source_timestamp":85310246868200,"circlet_count":0,"master_deck":["Strike_R","Strike_R","Strike_R","Strike_R","Strike_R","Defend_R","Defend_R","Defend_R","Defend_R","Bash","Ghostly Armor","Clothesline","Injury","Disarm","Whirlwind","Spot Weakness"],"relics":["Burning Blood","Golden Idol","Dodecahedron","Anchor","Happy Flower","Question Card"],"potions_floor_usage":[],"damage_taken":[{"damage":10,"enemies":"Cultist","floor":1,"turns":5},{"damage":6,"enemies":"Small Slimes","floor":2,"turns":5},{"damage":7,"enemies":"2 Louse","floor":3,"turns":3},{"damage":35,"enemies":"Gremlin Nob","floor":6,"turns":5},{"damage":43,"enemies":"3 Sentries","floor":8,"turns":11},{"damage":20,"enemies":"Gremlin Gang","floor":10,"turns":2}],"seed_played":"-4042719420002788478","potions_obtained":[{"floor":3,"key":"EssenceOfSteel"}],"is_trial":false,"path_per_floor":["M","M","M","?","?","E","?","E","T","M"],"character_chosen":"IRONCLAD","items_purchased":[],"campfire_rested":0,"item_purchase_floors":[],"current_hp_per_floor":[84,84,83,83,83,54,54,17,17,0],"gold":212,"neow_bonus":"TEN_PERCENT_HP_BONUS","is_prod":false,"is_daily":false,"chose_seed":false,"campfire_upgraded":0,"win_rate":0,"timestamp":1561296286,"path_taken":["M","M","M","?","?","E","?","E","T","?"],"build_version":"2019-01-23","purchased_purges":0,"victory":false,"max_hp_per_floor":[88,88,88,88,88,88,88,88,88,88],"card_choices":[{"not_picked":["Warcry","Combust"],"picked":"Ghostly Armor","floor":1},{"not_picked":["Clash","Wild Strike"],"picked":"Clothesline","floor":2},{"not_picked":["Entrench","Sentinel"],"picked":"Pummel","floor":3},{"not_picked":["Bludgeon","Clash"],"picked":"Whirlwind","floor":6},{"not_picked":["Feel No Pain","Pommel Strike"],"picked":"Spot Weakness","floor":8}],"player_experience":144887,"relics_obtained":[{"floor":6,"key":"Dodecahedron"},{"floor":8,"key":"Happy Flower"},{"floor":9,"key":"Question Card"}],"event_choices":[{"damage_healed":0,"gold_gain":0,"player_choice":"Take Wound","damage_taken":0,"relics_obtained":["Golden Idol"],"max_hp_gain":0,"max_hp_loss":0,"event_name":"Golden Idol","floor":4,"gold_loss":0,"cards_obtained":["Injury"]},{"damage_healed":0,"gold_gain":0,"cards_transformed":["Pummel"],"player_choice":"Change","damage_taken":0,"max_hp_gain":0,"max_hp_loss":0,"event_name":"Living Wall","floor":5,"gold_loss":0,"cards_obtained":["Disarm"]},{"damage_healed":0,"gold_gain":0,"player_choice":"Gave Potion","damage_taken":0,"relics_obtained":["Anchor"],"max_hp_gain":0,"max_hp_loss":0,"event_name":"WeMeetAgain","floor":7,"gold_loss":0}],"is_beta":false,"boss_relics":[],"items_purged_floors":[],"is_endless":false,"potions_floor_spawned":[3],"killed_by":"Gremlin Gang","ascension_level":4}