{"gold_per_floor":[115,115,129,129,140,140,90,100,174,188,59,59,59,23,23,120,120,135,135,146,25,39,58,58,69,93,128,140,160,160,170,170,265,265,282,282,282],"floor_reached":37,"playtime":1664,"items_purged":["Strike_R"],"score":613,"play_id":"fbb3ebec-9164-4f34-9fe8-aa6ad222d792","local_time":"20181127014422","is_ascension_mode":true,"campfire_choices":[{"data":"Inflame","floor":6,"key":"SMITH"},{"data":"Limit Break","floor":12,"key":"SMITH"},{"data":"Pummel","floor":15,"key":"SMITH"},{"data":"Spot Weakness","floor":24,"key":"SMITH"},{"floor":30,"key":"REST"},{"floor":32,"key":"REST"}],"neow_cost":"NONE","seed_source_timestamp":39031250465924,"circlet_count":0,"master_deck":["AscendersBane","Strike_R+1","Defend_R","Defend_R","Defend_R+1","Defend_R","Bash","Pummel+1","Shrug It Off","Disarm","Inflame+1","Clothesline","Limit Break+1","Pommel Strike","Spot Weakness+1","Impervious","Sword Boomerang+1","Thunderclap","Iron Wave+1","Disarm"],"relics":["Burning Blood","Velvet Choker","Boot","Bronze Scales","Busted Crown"],"potions_floor_usage":[16,27,27,29,37],"damage_taken":[{"damage":8,"enemies":"Small Slimes","floor":1,"turns":4},{"damage":3,"enemies":"2 Louse","floor":3,"turns":3},{"damage":7,"enemies":"Jaw Worm","floor":5,"turns":3},{"damage":1,"enemies":"Looter","floor":8,"turns":3},{"damage":9,"enemies":"Exordium Thugs","floor":10,"turns":7},{"damage":40,"enemies":"Slime Boss","floor":16,"turns":9},{"damage":11,"enemies":"2 Thieves","floor":18,"turns":4},{"damage":0,"enemies":"Spheric Guardian","floor":20,"turns":5},{"damage":9,"enemies":"Centurion and Healer","floor":22,"turns":4},{"damage":11,"enemies":"Snake Plant","floor":23,"turns":2},{"damage":12,"enemies":"Shelled Parasite and Fungi","floor":25,"turns":2},{"damage":17,"enemies":"Slavers","floor":27,"turns":5},{"damage":27,"enemies":"Snecko","floor":28,"turns":5},{"damage":10,"enemies":"Centurion and Healer","floor":29,"turns":5},{"damage":4,"enemies":"Snake Plant","floor":31,"turns":4},{"damage":62,"enemies":"Collector","floor":33,"turns":8},{"damage":34,"enemies":"3 Shapes","floor":35,"turns":9},{"damage":40,"enemies":"3 Darklings","floor":37,"turns":2}],"seed_played":"-8306099742306257558","potions_obtained":[{"floor":5,"key":"Regen Potion"},{"floor":8,"key":"PowerPotion"},{"floor":10,"key":"BloodPotion"},{"floor":18,"key":"AttackPotion"},{"floor":27,"key":"SkillPotion"},{"floor":33,"key":"SkillPotion"},{"floor":35,"key":"FearPotion"}],"is_trial":false,"path_per_floor":["M","?","M","?","M","R","?","M","T","M","$","R","?","$","R","B",null,"M","?","M","$","M","M","R","M","T","E","M","M","R","M","R","B",null,"M","$","M"],"character_chosen":"IRONCLAD","items_purchased":["Limit Break","Pommel Strike","Spot Weakness","Thunderclap"],"campfire_rested":2,"item_purchase_floors":[11,11,14,21],"current_hp_per_floor":[70,54,57,50,49,49,49,54,54,51,51,51,51,51,51,32,68,63,55,61,61,58,53,53,47,47,44,23,19,43,45,69,13,63,35,35,0],"gold":282,"neow_bonus":"THREE_CARDS","is_prod":false,"is_daily":false,"chose_seed":false,"campfire_upgraded":4,"win_rate":0,"timestamp":1543293862,"path_taken":["M","?","M","?","M","R","?","M","T","?","$","R","?","?","R","BOSS","M","?","M","$","M","M","R","?","T","E","M","M","R","M","R","BOSS","M","?","M"],"build_version":"2018-11-15","purchased_purges":1,"victory":false,"max_hp_per_floor":[80,80,80,80,80,80,80,80,80,80,80,80,80,80,80,80,80,80,80,80,80,80,80,80,80,80,80,80,80,80,80,80,80,80,80,80,80],"card_choices":[{"not_picked":["Intimidate","Body Slam"],"picked":"Pummel","floor":0},{"not_picked":["Body Slam","Dual Wield"],"picked":"Shrug It Off","floor":1},{"not_picked":["Iron Wave","Clothesline"],"picked":"Disarm","floor":3},{"not_picked":["Searing Blow","Reckless Charge"],"picked":"Inflame","floor":5},{"not_picked":["Sever Soul","Dark Embrace"],"picked":"Clothesline","floor":8},{"not_picked":["Havoc","Entrench","Sever Soul"],"picked":"SKIP","floor":10},{"not_picked":["Offering","Dark Embrace"],"picked":"Impervious","floor":16},{"not_picked":["Bloodletting","Havoc"],"picked":"Sword Boomerang+1","floor":18},{"not_picked":["Sentinel","Twin Strike","Rage"],"picked":"SKIP","floor":20},{"not_picked":["Seeing Red","Reckless Charge","Rupture"],"picked":"SKIP","floor":22},{"not_picked":["Metallicize","Second Wind","Flex"],"picked":"SKIP","floor":23},{"not_picked":["Perfected Strike","Wild Strike"],"picked":"Iron Wave+1","floor":25},{"not_picked":["Rampage","Second Wind","Armaments"],"picked":"SKIP","floor":27},{"not_picked":["Dual Wield","Cleave"],"picked":"Disarm","floor":28},{"not_picked":["Metallicize","Demon Form","Havoc"],"picked":"SKIP","floor":29},{"not_picked":["Fire Breathing","Armaments+1","Corruption"],"picked":"SKIP","floor":31},{"not_picked":["Shrug It Off"],"picked":"SKIP","floor":35}],"player_experience":428379,"relics_obtained":[{"floor":26,"key":"Boot"},{"floor":27,"key":"Bronze Scales"}],"event_choices":[{"damage_healed":0,"gold_gain":0,"player_choice":"Entered Light","damage_taken":16,"max_hp_gain":0,"max_hp_loss":0,"event_name":"Shining Light","floor":2,"gold_loss":0,"cards_upgraded":["Strike_R","Defend_R"]},{"cards_removed":["Strike_R"],"damage_healed":0,"gold_gain":0,"player_choice":"Card Removal","damage_taken":7,"max_hp_gain":0,"max_hp_loss":0,"event_name":"Golden Wing","floor":4,"gold_loss":0},{"cards_removed":["Strike_R"],"damage_healed":0,"gold_gain":0,"player_choice":"Card Removal","damage_taken":0,"max_hp_gain":0,"max_hp_loss":0,"event_name":"The Cleric","floor":7,"gold_loss":50},{"cards_removed":["Strike_R"],"damage_healed":0,"gold_gain":0,"player_choice":"Offered Basic","damage_taken":0,"max_hp_gain":0,"max_hp_loss":0,"event_name":"Bonfire Elementals","floor":13,"gold_loss":0},{"damage_healed":0,"gold_gain":0,"player_choice":"","damage_taken":8,"max_hp_gain":0,"max_hp_loss":0,"event_name":"Knowing Skull","floor":19,"potions_obtained":[],"gold_loss":0,"cards_obtained":[]}],"is_beta":false,"boss_relics":[{"not_picked":["Lizard Tail","Coffee Dripper"],"picked":"Velvet Choker"},{"not_picked":["Astrolabe","Mark of Pain"],"picked":"Busted Crown"}],"items_purged_floors":[21],"is_endless":false,"potions_floor_spawned":[5,8,10,18,25,27,33,35],"killed_by":"3 Darklings","ascension_level":12}