{"gold_per_floor":[414,414,489,318,318,344,344,360,360,377,377,409,424,434,434,532,532,552,569,569,580,281,281,296,329,329,208,208,123,137,155,155,155],"floor_reached":33,"playtime":1807,"items_purged":["Normality"],"score":402,"play_id":"d419d297-5a1d-431a-98b6-8cf2778552a4","local_time":"20190321120950","is_ascension_mode":true,"campfire_choices":[{"floor":7,"key":"REST"},{"data":"Cloak And Dagger","floor":11,"key":"SMITH"},{"floor":15,"key":"REST"},{"data":"A Thousand Cuts","floor":23,"key":"SMITH"},{"floor":32,"key":"REST"}],"neow_cost":"CURSE","seed_source_timestamp":672366434259604,"circlet_count":0,"master_deck":["Defend_G","Defend_G","Defend_G","Defend_G","Defend_G","Strike_G","Strike_G","Strike_G","Strike_G","Survivor","Neutralize+1","Caltrops","Deadly Poison","Noxious Fumes","Escape Plan","Backstab","Cloak And Dagger+1","Burst","Deflect","Caltrops","A Thousand Cuts+1","Backflip+1","PiercingWail","Backflip","Deadly Poison"],"relics":["Ring of the Snake","Old Coin","Bird Faced Urn","Meat on the Bone","Bronze Scales","Busted Crown","Ice Cream","Ornamental Fan","Matryoshka","Tiny Chest","Omamori","Smiling Mask"],"potions_floor_usage":[16,16],"damage_taken":[{"damage":0,"enemies":"Cultist","floor":1,"turns":5},{"damage":43,"enemies":"Lagavulin","floor":6,"turns":8},{"damage":0,"enemies":"Jaw Worm","floor":8,"turns":4},{"damage":0,"enemies":"2 Louse","floor":10,"turns":2},{"damage":19,"enemies":"3 Sentries","floor":12,"turns":7},{"damage":19,"enemies":"Exordium Thugs","floor":13,"turns":4},{"damage":8,"enemies":"Large Slime","floor":14,"turns":7},{"damage":34,"enemies":"Slime Boss","floor":16,"turns":11},{"damage":21,"enemies":"Spheric Guardian","floor":18,"turns":5},{"damage":14,"enemies":"2 Thieves","floor":19,"turns":4},{"damage":18,"enemies":"Snake Plant","floor":21,"turns":4},{"damage":7,"enemies":"Centurion and Healer","floor":24,"turns":7},{"damage":36,"enemies":"Slavers","floor":25,"turns":5},{"damage":25,"enemies":"Shelled Parasite and Fungi","floor":30,"turns":4},{"damage":32,"enemies":"Sentry and Sphere","floor":31,"turns":6},{"damage":44,"enemies":"Champ","floor":33,"turns":9}],"seed_played":"-5865178187649781637","potions_obtained":[{"floor":1,"key":"Ancient Potion"},{"floor":8,"key":"SneckoOil"},{"floor":12,"key":"Fire Potion"},{"floor":19,"key":"FairyPotion"},{"floor":21,"key":"FearPotion"}],"is_trial":false,"path_per_floor":["M","?","?","$","?","E","R","M","T","M","R","E","M","M","R","B",null,"M","M","?","M","$","R","M","E","T","$","?","?","M","M","R","B"],"character_chosen":"THE_SILENT","items_purchased":["Deadly Poison","Noxious Fumes","Ice Cream","Tiny Chest"],"campfire_rested":3,"item_purchase_floors":[4,4,22,27],"current_hp_per_floor":[63,63,52,52,52,9,30,34,34,46,46,43,40,36,57,41,63,50,42,65,55,55,55,56,40,40,40,40,40,35,23,44,8],"gold":155,"neow_bonus":"ONE_RARE_RELIC","is_prod":false,"is_daily":false,"chose_seed":false,"campfire_upgraded":2,"win_rate":0,"timestamp":1553184590,"path_taken":["M","?","?","$","?","E","R","M","T","M","R","E","?","M","R","BOSS","M","M","?","M","$","R","M","E","T","$","?","?","M","M","R","BOSS"],"build_version":"2019-01-23","purchased_purges":1,"victory":false,"max_hp_per_floor":[70,70,70,70,70,70,70,70,70,70,70,70,70,70,70,70,70,70,70,70,70,70,70,70,70,70,70,70,70,70,70,70,70],"card_choices":[{"not_picked":["Cloak And Dagger","Quick Slash"],"picked":"Caltrops","floor":1},{"not_picked":["Prepared","Poisoned Stab"],"picked":"Escape Plan","floor":6},{"not_picked":["Prepared","Predator"],"picked":"Backstab","floor":8},{"not_picked":["Prepared","Poisoned Stab"],"picked":"Cloak And Dagger","floor":10},{"not_picked":["Dagger Throw","Deflect"],"picked":"Burst","floor":12},{"not_picked":["Acrobatics","Finisher"],"picked":"Deflect","floor":13},{"not_picked":["Eviscerate","Outmaneuver"],"picked":"Caltrops","floor":14},{"not_picked":["Doppelganger","Unload"],"picked":"A Thousand Cuts","floor":16},{"not_picked":[],"picked":"Backflip+1","floor":18},{"not_picked":["Expertise+1"],"picked":"SKIP","floor":19},{"not_picked":["Dodge and Roll"],"picked":"SKIP","floor":21},{"not_picked":[],"picked":"PiercingWail","floor":24},{"not_picked":["Underhanded Strike"],"picked":"SKIP","floor":25},{"not_picked":[],"picked":"Backflip","floor":30},{"not_picked":[],"picked":"Deadly Poison","floor":31}],"player_experience":211819,"relics_obtained":[{"floor":6,"key":"Bird Faced Urn"},{"floor":9,"key":"Meat on the Bone"},{"floor":12,"key":"Bronze Scales"},{"floor":25,"key":"Ornamental Fan"},{"floor":26,"key":"Matryoshka"}],"event_choices":[{"damage_healed":0,"gold_gain":0,"player_choice":"Grow","damage_taken":0,"max_hp_gain":0,"max_hp_loss":0,"event_name":"Living Wall","floor":2,"gold_loss":0,"cards_upgraded":["Neutralize"]},{"damage_healed":0,"gold_gain":75,"player_choice":"Gather Gold","damage_taken":11,"max_hp_gain":0,"max_hp_loss":0,"event_name":"World of Goop","floor":3,"gold_loss":0},{"cards_removed":["Strike_G"],"damage_healed":0,"gold_gain":0,"player_choice":"Purged","damage_taken":0,"max_hp_gain":0,"max_hp_loss":0,"event_name":"Purifier","floor":5,"gold_loss":0},{"damage_healed":23,"gold_gain":0,"player_choice":"Heal","damage_taken":0,"max_hp_gain":0,"max_hp_loss":0,"event_name":"The Library","floor":20,"gold_loss":0},{"damage_healed":0,"gold_gain":0,"player_choice":"Opened","damage_taken":0,"relics_obtained":["Omamori"],"max_hp_gain":0,"max_hp_loss":0,"event_name":"The Mausoleum","floor":28,"gold_loss":0},{"damage_healed":0,"gold_gain":0,"player_choice":"Obtained Relic","damage_taken":0,"relics_obtained":["Smiling Mask"],"max_hp_gain":0,"max_hp_loss":0,"event_name":"Addict","floor":29,"gold_loss":85}],"is_beta":false,"boss_relics":[{"not_picked":["Orrery","Coffee Dripper"],"picked":"Busted Crown"}],"items_purged_floors":[4],"is_endless":false,"potions_floor_spawned":[1,8,12,19,21],"killed_by":"Champ","ascension_level":9}