{"gold_per_floor":[114,129,129,144,16,16,46,61,91,121,136,151,151,181,181,281,281,296,296,410,410],"floor_reached":21,"playtime":1824,"items_purged":[],"score":226,"play_id":"6fd92f34-6e8f-4b8e-9427-0b70338c8cca","local_time":"20190614220301","daily_mods":["Specialized","Uncertain Future","Elite Swarm"],"is_ascension_mode":false,"campfire_choices":[{"floor":13,"key":"REST"},{"data":"StarDustReverie","floor":15,"key":"SMITH"}],"neow_cost":"","seed_source_timestamp":0,"circlet_count":0,"master_deck":["Strike_MRS","Strike_MRS","Strike_MRS","Strike_MRS","Defend_MRS","Defend_MRS","Defend_MRS","Defend_MRS","UpSweep","StarDustReverie","StarDustReverie","StarDustReverie","StarDustReverie+1","StarDustReverie+1","EarthLightRay","ShootingEcho","Clumsy","ManaConvection","ManaConvection+1","Jack Of All Trades","UltimateShortwave","DeepEcoloBomb","EarthLightRay","MillisecondPulsars","MasterSpark","DeepEcoloBomb","StarBarrage","TreasureHunter","SuperNova","AlicesGift+1","AsteroidBelt"],"special_seed":18062,"relics":["MiniHakkero","strawberrySpire:Sunfruit","infinitespire:ShieldingShard","vexMod:BarristanHead","StuffTheSpire:Mouthbags","Omamori","construct:ClawGrip"],"potions_floor_usage":[7,14,14,16,20],"damage_taken":[{"damage":13,"enemies":"infinitespire:Voidling","floor":1,"turns":3},{"damage":5,"enemies":"2 Louse","floor":2,"turns":3},{"damage":3,"enemies":"Small Slimes","floor":4,"turns":3},{"damage":14,"enemies":"3 Sentries","floor":7,"turns":5},{"damage":11,"enemies":"2 Fungi Beasts","floor":8,"turns":3},{"damage":1,"enemies":"Exordium Thugs","floor":9,"turns":6},{"damage":23,"enemies":"vexMod:Combatant","floor":10,"turns":6},{"damage":17,"enemies":"Exordium Thugs","floor":11,"turns":4},{"damage":17,"enemies":"Looter","floor":12,"turns":3},{"damage":22,"enemies":"strawberrySpire:EnergyPylons","floor":14,"turns":3},{"damage":40,"enemies":"Slime Boss","floor":16,"turns":9},{"damage":24,"enemies":"theJungle:MUSHROOMGANG","floor":18,"turns":5},{"damage":33,"enemies":"theJungle:Flameango_and_Byrd","floor":20,"turns":4},{"damage":43,"enemies":"theJungle:2_Flameangoes","floor":21,"turns":5}],"seed_played":"9183149745965414246","potions_obtained":[{"floor":4,"key":"AttackPotion"},{"floor":10,"key":"vexMod:BlazePotion"},{"floor":12,"key":"Cursed Concoction"},{"floor":14,"key":"Poison Potion"},{"floor":16,"key":"Energy Potion"},{"floor":18,"key":"Doom Potion"}],"is_trial":false,"path_per_floor":["M","M","?","M","$","R","E","M","MIM","E","M","M","R","E","R","B",null,"M","?","M","M"],"character_chosen":"MARISA","items_purchased":["ManaConvection+1","Jack Of All Trades"],"campfire_rested":1,"item_purchase_floors":[5,5],"current_hp_per_floor":[62,61,61,58,58,58,51,47,57,45,39,33,58,47,50,21,75,51,54,28,0],"gold":410,"neow_bonus":"","is_prod":false,"is_daily":true,"chose_seed":false,"campfire_upgraded":1,"win_rate":0.0,"timestamp":1560564181,"path_taken":["M","?","?","M","$","R","E","M","MIM","E","?","M","R","E","R","BOSS","M","?","M","?"],"build_version":"2019-01-23","purchased_purges":0,"victory":false,"max_hp_per_floor":[75,75,75,75,75,75,75,75,75,75,75,75,75,75,75,75,75,75,75,75,75],"card_choices":[{"not_picked":["WitchOfGreed","FairyDestructionRay"],"picked":"EarthLightRay","floor":1},{"not_picked":["6A","DoubleSpark"],"picked":"ShootingEcho","floor":2},{"not_picked":["GalacticHalo","6A"],"picked":"ManaConvection","floor":4},{"not_picked":["MaximisePower","ManaRampage"],"picked":"UltimateShortwave","floor":7},{"not_picked":["UnstableBomb","RefractionSpark"],"picked":"DeepEcoloBomb","floor":8},{"not_picked":["SporeBomb","MeteoricShower"],"picked":"EarthLightRay","floor":9},{"not_picked":["AbsoluteMagnitude","SuperNova"],"picked":"MillisecondPulsars","floor":10},{"not_picked":["MilkyWay","WitchLeyline"],"picked":"DeepEcoloBomb","floor":11},{"not_picked":["PowerUp","Orbital"],"picked":"StarBarrage","floor":12},{"not_picked":["ManaRampage","EscapeVelocity"],"picked":"TreasureHunter","floor":14},{"not_picked":["EscapeVelocity","CollectingQuirk"],"picked":"SuperNova","floor":16},{"not_picked":["GrandCross","BlazeAway"],"picked":"AlicesGift+1","floor":18},{"not_picked":["MeteoricShower","PowerUp"],"picked":"AsteroidBelt","floor":20}],"player_experience":421226,"relics_obtained":[{"floor":6,"key":"strawberrySpire:Sunfruit"},{"floor":7,"key":"infinitespire:ShieldingShard"},{"floor":9,"key":"vexMod:BarristanHead"},{"floor":10,"key":"StuffTheSpire:Mouthbags"},{"floor":14,"key":"Omamori"}],"event_choices":[{"damage_healed":0,"gold_gain":0,"player_choice":"Upgraded","damage_taken":0,"max_hp_gain":0,"max_hp_loss":0,"event_name":"Upgrade Shrine","floor":19,"gold_loss":0,"cards_upgraded":["StarDustReverie"]}],"is_beta":false,"boss_relics":[{"not_picked":["Ring of Chaos","ReplayTheSpireMod:DimensionalGlitch"],"picked":"construct:ClawGrip"}],"items_purged_floors":[],"is_endless":false,"potions_floor_spawned":[4,10,12,14,16,18],"killed_by":"theJungle:2_Flameangoes","ascension_level":0}