{"gold_per_floor":[114,114,129,144,159,189,189,204,204,204,204,234,249,264,264,364,364,379,379,79,354,369,399,399,414,414,429,444,459,76,91,91,191,191,206,206,32,32,47,47,62,77,77,77,92,107,107,122,122,122],"floor_reached":51,"playtime":2812,"items_purged":[],"score":912,"play_id":"9b4d43c2-1c38-4183-ba6e-86200d0ab9d4","local_time":"20190121131146","daily_mods":["Shiny","Hoarder","Binary"],"is_ascension_mode":false,"campfire_choices":[{"floor":7,"key":"DIG"},{"floor":11,"key":"DIG"},{"floor":15,"key":"DIG"},{"floor":24,"key":"DIG"},{"floor":32,"key":"REST"},{"floor":40,"key":"DIG"},{"floor":44,"key":"REST"},{"floor":47,"key":"DIG"},{"floor":49,"key":"REST"}],"neow_cost":"","seed_source_timestamp":0,"circlet_count":0,"master_deck":["Double Tap","Demon Form","Bludgeon","Feed","Limit Break+1","Barricade","Fiend Fire","Dark Embrace","Berserk","Impervious","Juggernaut","Brutality","Reaper","Exhume+1","Offering","Immolate","Sword Boomerang","Sword Boomerang","Sword Boomerang","Cleave","Cleave","Cleave","Anger","Anger","Anger","Bludgeon","Bludgeon","Bludgeon","Thunderclap","Thunderclap","Thunderclap","Perfected Strike","Perfected Strike","Perfected Strike","Reaper","Reaper","Reaper","Shrug It Off+1","Shrug It Off+1","Shrug It Off+1","Regret","Regret","Regret","Immolate","Immolate","Immolate","Pummel","Pummel","Pummel","Spot Weakness+1","Spot Weakness+1","Spot Weakness+1","Headbutt+1","Headbutt+1","Headbutt+1","Fire Breathing+1","Fire Breathing+1","Fire Breathing+1","Finesse+1","Finesse+1","Finesse+1","Flame Barrier+1","Flame Barrier+1","Flame Barrier+1","Double Tap+1","Double Tap+1","Double Tap+1","Havoc+1","Havoc+1","Havoc+1","Chrysalis+1","Chrysalis+1","Chrysalis+1","Discovery+1","Discovery+1","Discovery+1","Madness+1","Madness+1","Madness+1","Armaments+1","Armaments+1","Armaments+1","True Grit+1","True Grit+1","True Grit+1","Searing Blow+1","Searing Blow+1","Searing Blow+1","Shrug It Off+1","Shrug It Off+1","Shrug It Off+1","Rupture+1","Rupture+1","Rupture+1"],"special_seed":17917,"relics":["Burning Blood","Shovel","Kunai","Toxic Egg 2","Turnip","Sundial","Potion Belt","Fusion Hammer","MutagenicStrength","War Paint","Regal Pillow","Frozen Egg 2","Bronze Scales","Mango","Bottled Tornado","White Beast Statue","Pen Nib","Calipers","Torii","Red Skull"],"potions_floor_usage":[6,12,29,29,29,31,33,33,33,41,41,42,45,46,48,50,50,50,50],"damage_taken":[{"damage":7,"enemies":"Small Slimes","floor":1,"turns":3},{"damage":12,"enemies":"Cultist","floor":3,"turns":2},{"damage":6,"enemies":"2 Louse","floor":4,"turns":1},{"damage":0,"enemies":"Gremlin Gang","floor":5,"turns":2},{"damage":42,"enemies":"3 Sentries","floor":6,"turns":4},{"damage":10,"enemies":"Looter","floor":8,"turns":2},{"damage":0,"enemies":"Gremlin Nob","floor":12,"turns":2},{"damage":0,"enemies":"3 Louse","floor":13,"turns":2},{"damage":13,"enemies":"Red Slaver","floor":14,"turns":2},{"damage":12,"enemies":"Slime Boss","floor":16,"turns":6},{"damage":44,"enemies":"3 Byrds","floor":18,"turns":5},{"damage":16,"enemies":"Chosen","floor":22,"turns":3},{"damage":15,"enemies":"Gremlin Leader","floor":23,"turns":5},{"damage":28,"enemies":"Centurion and Healer","floor":25,"turns":6},{"damage":23,"enemies":"Snake Plant","floor":27,"turns":3},{"damage":17,"enemies":"Cultist and Chosen","floor":28,"turns":4},{"damage":38,"enemies":"Shelled Parasite and Fungi","floor":29,"turns":4},{"damage":6,"enemies":"Snecko","floor":31,"turns":5},{"damage":60,"enemies":"Champ","floor":33,"turns":7},{"damage":12,"enemies":"Orb Walker","floor":35,"turns":2},{"damage":39,"enemies":"3 Shapes","floor":39,"turns":2},{"damage":42,"enemies":"Transient","floor":41,"turns":5},{"damage":14,"enemies":"Sphere and 2 Shapes","floor":42,"turns":5},{"damage":29,"enemies":"Jaw Worm Horde","floor":45,"turns":3},{"damage":0,"enemies":"Transient","floor":46,"turns":5},{"damage":27,"enemies":"3 Darklings","floor":48,"turns":3},{"damage":105,"enemies":"Time Eater","floor":50,"turns":8}],"seed_played":"8847064133434649062","potions_obtained":[{"floor":4,"key":"SneckoOil"},{"floor":6,"key":"Dexterity Potion"},{"floor":8,"key":"Fire Potion"},{"floor":12,"key":"Ancient Potion"},{"floor":13,"key":"Dexterity Potion"},{"floor":25,"key":"Fire Potion"},{"floor":28,"key":"Swift Potion"},{"floor":29,"key":"SkillPotion"},{"floor":31,"key":"Poison Potion"},{"floor":33,"key":"LiquidBronze"},{"floor":35,"key":"GamblersBrew"},{"floor":38,"key":"Energy Potion"},{"floor":38,"key":"Energy Potion"},{"floor":38,"key":"SkillPotion"},{"floor":39,"key":"LiquidBronze"},{"floor":41,"key":"Swift Potion"},{"floor":42,"key":"Ancient Potion"},{"floor":45,"key":"Regen Potion"},{"floor":46,"key":"SkillPotion"},{"floor":48,"key":"Poison Potion"}],"is_trial":false,"path_per_floor":["M","?","M","M","M","E","R","M","T","?","R","E","M","M","R","B",null,"M","?","$","?","M","E","R","M","T","M","M","M","$","M","R","B",null,"M","?","$","?","M","R","M","M","T","R","M","M","R","M","R","B",null],"character_chosen":"IRONCLAD","items_purchased":["War Paint","Regal Pillow","Bottled Tornado","Fire Breathing+1","Finesse+1","Armaments+1","Pen Nib"],"campfire_rested":3,"item_purchase_floors":[20,20,30,30,30,37,37],"current_hp_per_floor":[82,82,76,82,91,67,67,63,63,63,63,69,75,68,68,62,92,70,70,70,70,60,51,51,54,68,55,64,46,46,62,109,105,109,109,99,99,99,66,66,34,34,34,81,59,80,80,59,106,30],"gold":122,"neow_bonus":"","is_prod":false,"is_daily":true,"chose_seed":false,"campfire_upgraded":0,"win_rate":0,"timestamp":1548094306,"path_taken":["M","?","M","?","M","E","R","M","T","?","R","E","M","?","R","BOSS","M","?","$","?","M","E","R","M","T","?","M","M","$","M","R","BOSS","M","?","$","?","M","R","?","M","T","R","M","M","R","M","R","BOSS"],"build_version":"2019-01-17v2","purchased_purges":0,"victory":true,"max_hp_per_floor":[83,83,83,89,92,92,92,92,92,92,92,92,92,92,92,92,92,92,92,92,92,92,92,92,95,109,109,109,109,109,109,109,109,109,109,109,109,109,109,109,109,109,109,109,109,109,109,109,109,109],"card_choices":[{"not_picked":["Armaments"],"picked":"Sword Boomerang","floor":1},{"not_picked":["True Grit"],"picked":"Cleave","floor":3},{"not_picked":["Sword Boomerang","Rupture"],"picked":"SKIP","floor":4},{"not_picked":["Havoc"],"picked":"Anger","floor":5},{"not_picked":["Clothesline"],"picked":"Bludgeon","floor":6},{"not_picked":["Twin Strike","Cleave"],"picked":"SKIP","floor":8},{"not_picked":["Evolve"],"picked":"Thunderclap","floor":12},{"not_picked":["Hemokinesis","Sword Boomerang"],"picked":"SKIP","floor":13},{"not_picked":["Rupture"],"picked":"Perfected Strike","floor":14},{"not_picked":["Demon Form"],"picked":"Reaper","floor":16},{"not_picked":["Whirlwind"],"picked":"Shrug It Off+1","floor":18},{"not_picked":["Whirlwind","Body Slam"],"picked":"SKIP","floor":22},{"not_picked":["Heavy Blade"],"picked":"Immolate","floor":23},{"not_picked":["Headbutt","Entrench+1"],"picked":"SKIP","floor":25},{"not_picked":["Flame Barrier+1"],"picked":"Pummel","floor":27},{"not_picked":["Wild Strike"],"picked":"Spot Weakness+1","floor":28},{"not_picked":["Corruption+1"],"picked":"Headbutt+1","floor":29},{"not_picked":["Cleave"],"picked":"Flame Barrier+1","floor":31},{"not_picked":["Offering+1"],"picked":"Double Tap+1","floor":33},{"not_picked":["Carnage"],"picked":"Havoc+1","floor":35},{"not_picked":["Secret Technique+1"],"picked":"Chrysalis+1","floor":36},{"not_picked":["Dark Shackles+1"],"picked":"Discovery+1","floor":36},{"not_picked":["Trip+1"],"picked":"Madness+1","floor":36},{"not_picked":["Heavy Blade"],"picked":"True Grit+1","floor":39},{"not_picked":["Clash","Uppercut+1"],"picked":"SKIP","floor":41},{"not_picked":["Bloodletting+1"],"picked":"Searing Blow+1","floor":42},{"not_picked":["Second Wind+1"],"picked":"Shrug It Off+1","floor":45},{"not_picked":["Uppercut"],"picked":"Rupture+1","floor":46},{"not_picked":["Immolate","Twin Strike"],"picked":"SKIP","floor":48}],"player_experience":323299,"relics_obtained":[{"floor":6,"key":"Shovel"},{"floor":7,"key":"Kunai"},{"floor":9,"key":"Toxic Egg 2"},{"floor":11,"key":"Turnip"},{"floor":12,"key":"Sundial"},{"floor":15,"key":"Potion Belt"},{"floor":23,"key":"Frozen Egg 2"},{"floor":24,"key":"Bronze Scales"},{"floor":26,"key":"Mango"},{"floor":40,"key":"Calipers"},{"floor":43,"key":"Torii"},{"floor":47,"key":"Red Skull"}],"event_choices":[{"damage_healed":0,"gold_gain":0,"player_choice":"Bought 0 Potions","damage_taken":0,"max_hp_gain":0,"max_hp_loss":0,"event_name":"The Woman in Blue","floor":2,"gold_loss":0},{"damage_healed":0,"gold_gain":0,"player_choice":"Ignored","damage_taken":0,"max_hp_gain":0,"max_hp_loss":0,"event_name":"Purifier","floor":10,"gold_loss":0},{"damage_healed":0,"gold_gain":0,"player_choice":"Inject Mutagens","damage_taken":0,"relics_obtained":["MutagenicStrength"],"max_hp_gain":0,"max_hp_loss":0,"event_name":"Drug Dealer","floor":19,"gold_loss":0},{"damage_healed":0,"gold_gain":275,"player_choice":"Desecrate","damage_taken":0,"max_hp_gain":0,"max_hp_loss":0,"event_name":"Golden Shrine","floor":21,"gold_loss":0,"cards_obtained":["Regret"]},{"damage_healed":0,"gold_gain":0,"player_choice":"Memory 3","damage_taken":10,"max_hp_gain":0,"max_hp_loss":0,"event_name":"SensoryStone","floor":36,"gold_loss":0},{"damage_healed":0,"gold_gain":0,"player_choice":"Got Potions","damage_taken":0,"max_hp_gain":0,"max_hp_loss":0,"event_name":"Lab","floor":38,"gold_loss":0}],"is_beta":false,"boss_relics":[{"not_picked":["Cursed Key","Sozu"],"picked":"Fusion Hammer"},{"not_picked":["Runic Dome","Black Blood"],"picked":"White Beast Statue"}],"items_purged_floors":[],"is_endless":false,"potions_floor_spawned":[4,6,8,12,13,25,28,29,31,33,35,39,41,42,45,46,48],"ascension_level":0}