{"path_per_floor":["M","?","?","M","M","R","M","$","T","E","M","M","$","E","R","B",null,"M","?","$","M","?"],"character_chosen":"IRONCLAD","items_purchased":["Happy Flower","Juzu Bracelet"],"gold_per_floor":[141,141,141,157,176,176,196,77,77,104,119,129,7,38,38,140,140,151,66,66,77,77],"floor_reached":23,"campfire_rested":1,"playtime":923,"current_hp_per_floor":[77,77,70,75,79,79,80,80,80,55,60,62,62,43,67,15,80,50,57,57,19,19],"items_purged":[],"gold":77,"score":201,"play_id":"cffa3a50-453e-4725-a8b3-ceadb423dafa","is_prod":false,"is_daily":false,"is_ascension_mode":false,"campfire_upgraded":1,"path_taken":["M","?","?","?","M","R","?","$","T","E","M","M","$","E","R","BOSS","M","?","$","M","?","E"],"build_version":"2018-02-12-PROD1","purchased_purges":0,"victory":false,"master_deck":["Strike_R","Strike_R","Strike_R","Strike_R","Strike_R","Defend_R","Defend_R","Defend_R","Defend_R","Headbutt","Thunderclap+1","Iron Wave","Infernal Blade","Seeing Red","Iron Wave","Cleave","Reaper","Barricade","Flame Barrier+1","Havoc+1","Armaments"],"max_hp_per_floor":[80,80,80,80,80,80,80,80,80,80,80,80,80,80,80,80,80,80,87,87,87,87],"relics":["Burning Blood","Tiny Chest","The Courier","Happy Flower","Prayer Wheel","Ornamental Fan","Juzu Bracelet","Darkstone Periapt","Black Star","Strawberry"],"card_choices":[{"not_picked":["True Grit","Clothesline"],"picked":"Headbutt"},{"not_picked":["Pommel Strike","True Grit"],"picked":"Thunderclap"},{"not_picked":["Burning Pact","Feel No Pain"],"picked":"Iron Wave"},{"not_picked":["Iron Wave","Headbutt"],"picked":"Infernal Blade"},{"not_picked":["Headbutt","Thunderclap"],"picked":"Seeing Red"},{"not_picked":["Anger","Dual Wield"],"picked":"Iron Wave"},{"not_picked":["Dropkick","Uppercut"],"picked":"Cleave"},{"not_picked":["Warcry","Whirlwind"],"picked":"Reaper"},{"not_picked":["Offering","Impervious"],"picked":"Barricade"},{"not_picked":["Wild Strike","Burning Pact"],"picked":"Flame Barrier"},{"not_picked":["Clash","Armaments"],"picked":"Havoc"}],"player_experience":68710,"potions_floor_usage":[16,16,16,18],"damage_taken":[{"damage":9,"enemies":"Cultist","floor":1,"turns":4},{"damage":1,"enemies":"Jaw Worm","floor":4,"turns":4},{"damage":2,"enemies":"2 Louse","floor":5,"turns":3},{"damage":0,"enemies":"Exordium Wildlife","floor":7,"turns":3},{"damage":31,"enemies":"3 Sentries","floor":10,"turns":8},{"damage":1,"enemies":"Exordium Thugs","floor":11,"turns":4},{"damage":4,"enemies":"Gremlin Gang","floor":12,"turns":4},{"damage":25,"enemies":"Gremlin Nob","floor":14,"turns":5},{"damage":62,"enemies":"The Guardian","floor":16,"turns":16},{"damage":36,"enemies":"Shell Parasite","floor":18,"turns":11},{"damage":48,"enemies":"Chosen","floor":21,"turns":10},{"damage":37,"enemies":"Slavers","floor":23,"turns":2}],"event_choices":[{"event_name":"The Cleric","player_choice":"Leave","floor":2,"damage_taken":0},{"event_name":"Scrap Ooze","player_choice":"success","floor":3,"damage_taken":7},{"event_name":"Addict","player_choice":"Obtained Relic","floor":19,"damage_taken":0},{"event_name":"Transmorgrifier","player_choice":"Transform","floor":22,"damage_taken":0}],"boss_relics":[{"not_picked":["Philosopher\u0027s Stone","Sozu"],"picked":"Black Star"}],"potions_floor_spawned":[1,7,12,16],"seed_played":"-171617445405110445","killed_by":"Slavers","ascension_level":0,"is_trial":false}