{"gold_per_floor":[113,132,149,2,2,2,35,50,50,50,50,68,68,84,84,84],"floor_reached":16,"playtime":743,"items_purged":[],"score":128,"play_id":"6344757c-10ea-4715-ba38-0e98432ba726","local_time":"20181101164653","is_ascension_mode":true,"campfire_choices":[{"data":"Body Slam","floor":6,"key":"SMITH"},{"data":"Body Slam","floor":15,"key":"SMITH"}],"neow_cost":"NONE","seed_source_timestamp":8700395716608,"circlet_count":0,"master_deck":["Strike_R","Strike_R","Strike_R","Strike_R","Defend_R","Defend_R","Defend_R","Defend_R","Bash","Forethought","Iron Wave","Shrug It Off","Body Slam+1","Shrug It Off+1","Shrug It Off+1","Ghostly Armor+1","Body Slam+1"],"relics":["Burning Blood","Oddly Smooth Stone","Toxic Egg 2","Sundial","Darkstone Periapt"],"potions_floor_usage":[16],"damage_taken":[{"damage":4,"enemies":"Jaw Worm","floor":1,"turns":4},{"damage":0,"enemies":"Small Slimes","floor":2,"turns":3},{"damage":0,"enemies":"Cultist","floor":3,"turns":4},{"damage":34,"enemies":"3 Sentries","floor":7,"turns":12},{"damage":3,"enemies":"Blue Slaver","floor":8,"turns":4},{"damage":3,"enemies":"Gremlin Gang","floor":12,"turns":5},{"damage":4,"enemies":"Exordium Wildlife","floor":14,"turns":5},{"damage":57,"enemies":"Slime Boss","floor":16,"turns":13}],"seed_played":"1028011398861360790","potions_obtained":[{"floor":1,"key":"FearPotion"},{"floor":7,"key":"GamblersBrew"},{"floor":8,"key":"Poison Potion"},{"floor":14,"key":"FearPotion"}],"is_trial":false,"path_per_floor":["M","M","M","$","?","R","E","M","T","?","?","M","$","M","R"],"character_chosen":"IRONCLAD","items_purchased":["Oddly Smooth Stone"],"campfire_rested":0,"item_purchase_floors":[4],"current_hp_per_floor":[80,80,80,80,80,80,52,55,55,48,48,51,51,53,53,0],"gold":84,"neow_bonus":"RANDOM_COLORLESS","is_prod":false,"is_daily":false,"chose_seed":false,"campfire_upgraded":2,"win_rate":0,"timestamp":1541101613,"path_taken":["M","M","M","$","?","R","E","M","T","?","?","M","?","M","R","BOSS"],"build_version":"2018-10-25v2","purchased_purges":0,"victory":false,"max_hp_per_floor":[80,80,80,80,80,80,80,80,80,80,80,80,80,80,80,80],"card_choices":[{"not_picked":["Seeing Red","Sword Boomerang"],"picked":"Iron Wave","floor":1},{"not_picked":["Rupture","Armaments"],"picked":"Shrug It Off","floor":2},{"not_picked":["Flame Barrier","Rampage"],"picked":"Body Slam","floor":3},{"not_picked":["Thunderclap","Headbutt"],"picked":"Shrug It Off+1","floor":7},{"not_picked":["Sever Soul","Power Through+1"],"picked":"Shrug It Off+1","floor":8},{"not_picked":["Evolve","True Grit+1"],"picked":"Ghostly Armor+1","floor":12},{"not_picked":["Armaments+1","True Grit+1"],"picked":"Body Slam","floor":14}],"player_experience":230498,"relics_obtained":[{"floor":7,"key":"Sundial"},{"floor":9,"key":"Darkstone Periapt"}],"event_choices":[{"damage_healed":0,"gold_gain":0,"player_choice":"Box","damage_taken":0,"relics_obtained":["Toxic Egg 2"],"max_hp_gain":0,"max_hp_loss":0,"event_name":"Big Fish","floor":5,"gold_loss":0,"cards_obtained":["Regret"]},{"cards_removed":["Regret"],"damage_healed":0,"gold_gain":0,"player_choice":"Card Removal","damage_taken":7,"max_hp_gain":0,"max_hp_loss":0,"event_name":"Golden Wing","floor":10,"gold_loss":0},{"cards_removed":["Strike_R"],"damage_healed":0,"gold_gain":0,"player_choice":"Offered Basic","damage_taken":0,"max_hp_gain":0,"max_hp_loss":0,"event_name":"Bonfire Elementals","floor":11,"gold_loss":0}],"is_beta":false,"boss_relics":[],"items_purged_floors":[],"is_endless":false,"potions_floor_spawned":[1,7,8,14],"killed_by":"Slime Boss","ascension_level":5}