{"gold_per_floor":[117,292,50,69,86,113,113,131,154,189,207,232,247,15,15,112,112,129,23,23,41,55,83,100,100,100,116,116,141,141,17,17,114,114,127,127,127,145,145,145,175,187,213,225],"floor_reached":44,"playtime":2067,"items_purged":[],"score":627,"play_id":"fa5d714d-2fdf-49d5-9f1a-8500bc456e5c","local_time":"20180917184545","is_ascension_mode":true,"campfire_choices":[{"floor":7,"key":"REST"},{"floor":15,"key":"REST"},{"floor":25,"key":"REST"},{"floor":28,"key":"REST"},{"floor":32,"key":"REST"},{"floor":40,"key":"REST"}],"neow_cost":"NONE","seed_source_timestamp":275507246000004,"circlet_count":0,"master_deck":["Strike_B","Strike_B","Strike_B","Strike_B","Defend_B","Defend_B","Defend_B","Defend_B","Zap","Dualcast","FTL","Doubt","Heatsinks","Flash of Steel+1","Rip and Tear","Storm+1","Static Discharge","FTL+1","Self Repair","Buffer","Recycle+1","Hello World","Turbo+1","Electrodynamics","Go for the Eyes","Barrage","Self Repair","Doubt","Defragment+1","Glacier+1","Redo+1","Fusion+1","Shame","Genetic Algorithm+1","Fission+1","Amplify+1","FTL+1","Madness+1","Madness+1","Conserve Battery+1","Force Field+1","Redo+1","Writhe"],"relics":["Cracked Core","Tiny Chest","Orichalcum","Bronze Scales","Whetstone","Toxic Egg 2","Toolbox","Cursed Key","Strawberry","Centennial Puzzle","Dodecahedron","Incense Burner","The Courier","Regal Pillow","Fusion Hammer","Bag of Marbles","MawBank"],"potions_floor_usage":[1,8,10,12,16,18,22,33,38,44,44],"damage_taken":[{"damage":1,"enemies":"Jaw Worm","floor":1,"turns":3},{"damage":2,"enemies":"2 Louse","floor":4,"turns":3},{"damage":0,"enemies":"Cultist","floor":5,"turns":3},{"damage":39,"enemies":"3 Sentries","floor":6,"turns":7},{"damage":2,"enemies":"Exordium Thugs","floor":8,"turns":4},{"damage":21,"enemies":"Lagavulin","floor":10,"turns":6},{"damage":10,"enemies":"Lots of Slimes","floor":11,"turns":2},{"damage":15,"enemies":"3 Sentries","floor":12,"turns":5},{"damage":0,"enemies":"Exordium Wildlife","floor":13,"turns":2},{"damage":19,"enemies":"Hexaghost","floor":16,"turns":6},{"damage":2,"enemies":"2 Thieves","floor":18,"turns":4},{"damage":18,"enemies":"3 Byrds","floor":21,"turns":3},{"damage":20,"enemies":"Centurion and Healer","floor":22,"turns":3},{"damage":21,"enemies":"Book of Stabbing","floor":23,"turns":4},{"damage":25,"enemies":"Snake Plant","floor":24,"turns":3},{"damage":43,"enemies":"3 Cultists","floor":27,"turns":5},{"damage":0,"enemies":"Slavers","floor":29,"turns":2},{"damage":13,"enemies":"Collector","floor":33,"turns":8},{"damage":16,"enemies":"3 Shapes","floor":35,"turns":3},{"damage":28,"enemies":"3 Darklings","floor":38,"turns":4},{"damage":89,"enemies":"Giant Head","floor":41,"turns":9},{"damage":11,"enemies":"4 Shapes","floor":42,"turns":2},{"damage":21,"enemies":"Reptomancer","floor":44,"turns":2}],"seed_played":"-1307236423064042819","potions_obtained":[{"floor":0,"key":"SteroidPotion"},{"floor":0,"key":"Fire Potion"},{"floor":0,"key":"Strength Potion"},{"floor":4,"key":"SpeedPotion"},{"floor":8,"key":"FairyPotion"},{"floor":11,"key":"Swift Potion"},{"floor":13,"key":"Poison Potion"},{"floor":16,"key":"Weak Potion"},{"floor":21,"key":"AttackPotion"},{"floor":27,"key":"PowerPotion"},{"floor":33,"key":"LiquidBronze"},{"floor":41,"key":"SpeedPotion"},{"floor":42,"key":"AttackPotion"}],"is_trial":false,"path_per_floor":["M","?","$","M","M","E","R","M","T","E","M","E","M","$","R","B",null,"M","$","T","M","M","E","M","R","T","M","R","E","T","$","R","B",null,"M","?","?","M","?","R","E","M","T"],"character_chosen":"DEFECT","items_purchased":["Tiny Chest","Heatsinks","Flash of Steel","Toolbox","Turbo+1","Barrage","Self Repair","Regal Pillow"],"campfire_rested":6,"item_purchase_floors":[3,3,3,14,14,19,19,31],"current_hp_per_floor":[74,74,74,72,72,33,55,53,53,32,22,14,21,21,43,31,75,73,73,80,76,63,49,31,55,55,26,50,64,64,64,82,82,82,66,56,56,42,42,81,22,15,15,0],"gold":225,"neow_bonus":"THREE_SMALL_POTIONS","is_prod":false,"is_daily":false,"chose_seed":false,"campfire_upgraded":0,"win_rate":0,"timestamp":1537224345,"path_taken":["M","?","$","M","M","E","R","M","T","E","?","E","M","?","R","BOSS","M","?","?","?","M","E","M","R","T","M","R","E","?","?","R","BOSS","M","?","?","M","?","R","E","?","T","M"],"build_version":"2018-09-06","purchased_purges":0,"victory":false,"max_hp_per_floor":[75,75,75,75,75,75,75,75,75,75,75,75,75,75,75,75,75,75,75,82,82,82,82,82,82,82,82,82,82,82,82,82,82,82,82,82,82,82,82,82,82,82,82,82],"card_choices":[{"not_picked":["Stack","Barrage"],"picked":"FTL","floor":1},{"not_picked":["Heatsinks","Coolheaded"],"picked":"Rip and Tear","floor":4},{"not_picked":["FTL","Beam Cell"],"picked":"Storm","floor":5},{"not_picked":["Storm","Sunder"],"picked":"Static Discharge","floor":6},{"not_picked":["Beam Cell","Steam Power"],"picked":"FTL","floor":8},{"not_picked":["Genetic Algorithm","Leap"],"picked":"Self Repair","floor":10},{"not_picked":["Streamline","Recycle"],"picked":"Buffer","floor":11},{"not_picked":["Coolheaded","Barrage"],"picked":"Recycle","floor":12},{"not_picked":["Defragment","Steam+1"],"picked":"Hello World","floor":13},{"not_picked":["Machine Learning","Buffer"],"picked":"Electrodynamics","floor":16},{"not_picked":["Cold Snap+1","Force Field+1"],"picked":"Go for the Eyes","floor":18},{"not_picked":["Go for the Eyes","Rip and Tear"],"picked":"Defragment+1","floor":21},{"not_picked":["Reinforced Body+1","Coolheaded+1"],"picked":"Glacier+1","floor":22},{"not_picked":["Creative AI","Gash"],"picked":"Redo+1","floor":23},{"not_picked":["Ball Lightning","Skim+1"],"picked":"Fusion+1","floor":24},{"not_picked":["Auto Shields+1","Rebound"],"picked":"Genetic Algorithm+1","floor":27},{"not_picked":["Scrape","Barrage"],"picked":"Fission+1","floor":29},{"not_picked":["Buffer","Machine Learning"],"picked":"Amplify+1","floor":33},{"not_picked":["Darkness+1","Redo+1"],"picked":"FTL+1","floor":35},{"not_picked":["Storm","Fusion+1"],"picked":"Conserve Battery+1","floor":38},{"not_picked":["Recycle+1","Biased Cognition"],"picked":"Force Field+1","floor":41},{"not_picked":["Beam Cell+1","Compile Driver+1"],"picked":"Redo+1","floor":42}],"player_experience":125354,"relics_obtained":[{"floor":6,"key":"Orichalcum"},{"floor":9,"key":"Bronze Scales"},{"floor":10,"key":"Whetstone"},{"floor":12,"key":"Toxic Egg 2"},{"floor":20,"key":"Strawberry"},{"floor":23,"key":"Centennial Puzzle"},{"floor":26,"key":"Dodecahedron"},{"floor":29,"key":"Incense Burner"},{"floor":30,"key":"The Courier"},{"floor":41,"key":"Bag of Marbles"},{"floor":43,"key":"MawBank"}],"event_choices":[{"event_name":"Liars Game","player_choice":"agreed","floor":2,"damage_taken":0},{"event_name":"Winding Halls","player_choice":"Embrace Madness","floor":36,"damage_taken":0},{"event_name":"Purifier","player_choice":"One Purge","floor":37,"damage_taken":0},{"event_name":"Upgrade Shrine","player_choice":"Upgraded","floor":39,"damage_taken":0}],"is_beta":false,"boss_relics":[{"not_picked":["Astrolabe","Pandora\u0027s Box"],"picked":"Cursed Key"},{"not_picked":["Eternal Feather","Velvet Choker"],"picked":"Fusion Hammer"}],"items_purged_floors":[],"is_endless":false,"potions_floor_spawned":[4,6,8,11,13,16,21,27,33,41,42],"killed_by":"Reptomancer","ascension_level":1}