{"path_per_floor":["M","T","M","?","M","E","M","?","T","M","E","M","R","E","R","B",null,"M","M","$","?"],"character_chosen":"IRONCLAD","items_purchased":["Red Skull","Jack Of All Trades","Havoc"],"gold_per_floor":[116,197,215,215,234,263,280,280,304,321,350,365,365,400,400,497,497,514,533,110,110],"floor_reached":22,"campfire_rested":1,"playtime":830,"current_hp_per_floor":[78,78,83,83,87,78,69,88,88,88,75,59,85,71,71,27,88,84,56,56,56],"items_purged":[],"gold":110,"score":206,"play_id":"e2e119ac-f337-4750-8e4e-435b2bcf28e6","is_prod":false,"is_daily":false,"is_ascension_mode":false,"campfire_upgraded":1,"path_taken":["M","?","M","?","M","E","M","?","T","M","E","?","R","E","R","BOSS","M","M","$","?","M"],"build_version":"2018-02-12-PROD1","purchased_purges":0,"victory":false,"master_deck":["Strike_R","Strike_R","Strike_R","Strike_R","Strike_R","Defend_R","Defend_R","Defend_R","Defend_R","Bash","Rampage+1","Limit Break+1","Blood for Blood","Wild Strike","Body Slam","Parasite","Rampage","Inflame","Cleave","Whirlwind","Berserk","Infernal Blade","Reckless Charge+1","Jack Of All Trades","Havoc","Rampage+1"],"max_hp_per_floor":[88,88,88,88,88,88,88,88,88,88,88,88,88,88,88,88,88,88,88,88,88],"relics":["Burning Blood","Bottled Lightning","Dead Branch","Anchor","Centennial Puzzle","Vajra","White Beast Statue","Red Skull"],"card_choices":[{"not_picked":["Shrug It Off","Iron Wave"],"picked":"Rampage"},{"not_picked":["Thunderclap","Combust"],"picked":"Limit Break"},{"not_picked":["Anger","Warcry"],"picked":"Blood for Blood"},{"not_picked":["Anger","Combust"],"picked":"Wild Strike"},{"not_picked":["Rage","Feel No Pain"],"picked":"Body Slam"},{"not_picked":["Power Through","Reckless Charge"],"picked":"Rampage"},{"not_picked":["Burning Pact","Clothesline"],"picked":"Inflame"},{"not_picked":["Body Slam","Twin Strike"],"picked":"Cleave"},{"not_picked":["Pommel Strike","Burning Pact"],"picked":"Whirlwind"},{"not_picked":["Fiend Fire","Demon Form"],"picked":"Berserk"},{"not_picked":["Evolve","Combust"],"picked":"Infernal Blade"},{"not_picked":["Searing Blow","Body Slam"],"picked":"Reckless Charge"}],"player_experience":78658,"potions_floor_usage":[6,16,16,16,18,22,22],"damage_taken":[{"damage":16,"enemies":"Blue Slaver","floor":1,"turns":5},{"damage":1,"enemies":"2 Louse","floor":3,"turns":3},{"damage":2,"enemies":"Small Slimes","floor":5,"turns":3},{"damage":15,"enemies":"Gremlin Nob","floor":6,"turns":4},{"damage":15,"enemies":"Looter","floor":7,"turns":3},{"damage":4,"enemies":"2 Fungi Beasts","floor":10,"turns":3},{"damage":19,"enemies":"3 Sentries","floor":11,"turns":6},{"damage":22,"enemies":"Red Slaver","floor":12,"turns":4},{"damage":20,"enemies":"Gremlin Nob","floor":14,"turns":4},{"damage":50,"enemies":"Slime Boss","floor":16,"turns":10},{"damage":10,"enemies":"2 Thieves","floor":18,"turns":3},{"damage":34,"enemies":"Spheric Guardian","floor":19,"turns":5},{"damage":67,"enemies":"Slaver and Parasite","floor":22,"turns":4}],"event_choices":[{"event_name":"Upgrade Shrine","player_choice":"Upgraded","floor":4,"damage_taken":0},{"event_name":"Mushrooms","player_choice":"Healed and dodged fight","floor":8,"damage_taken":0},{"event_name":"Duplicator","player_choice":"One dupe","floor":21,"damage_taken":0}],"boss_relics":[{"not_picked":["Question Card","Ectoplasm"],"picked":"White Beast Statue"}],"potions_floor_spawned":[3,5,10,12,16,18,19],"seed_played":"3999675036853983092","killed_by":"Slaver and Parasite","ascension_level":0,"is_trial":false}