{"gold_per_floor":[118,19,19,19,38,73,73,103,156,156,166,166,177,195,195,272,272,272,272,13,13,13,13,13,13,13,13,13,13,13,13,13,13,13,13,0,0,0,0,0,0,0,0,0,0,0,0,0,0,0],"floor_reached":51,"playtime":9514,"items_purged":["Strike_G"],"score":1573,"play_id":"760e33d5-e910-4e75-8da7-9039aca83ba9","local_time":"20190614110647","is_ascension_mode":true,"campfire_choices":[{"data":"Crippling Poison","floor":7,"key":"SMITH"},{"data":"Neutralize","floor":10,"key":"SMITH"},{"data":"Backflip","floor":12,"key":"SMITH"},{"data":"Deadly Poison","floor":15,"key":"SMITH"},{"data":"Footwork","floor":23,"key":"SMITH"},{"data":"Backflip","floor":25,"key":"SMITH"},{"data":"Adrenaline","floor":32,"key":"SMITH"},{"floor":41,"key":"REST"},{"data":"After Image","floor":46,"key":"SMITH"},{"data":"Prepared","floor":49,"key":"SMITH"}],"neow_cost":"NONE","seed_source_timestamp":139758878885486,"circlet_count":0,"master_deck":["AscendersBane","Defend_G","Defend_G","Defend_G","Defend_G","Defend_G","Strike_G","Strike_G","Strike_G","Strike_G","Survivor","Neutralize+1","Deadly Poison+1","Backflip+1","Crippling Poison+1","Acrobatics","Well Laid Plans","Adrenaline+1","PiercingWail","After Image+1","Backstab","Footwork+1","Backflip+1","Deadly Poison","Glass Knife","Backflip","PiercingWail","Corpse Explosion","Backstab+1","Flash of Steel","Cloak And Dagger+1","Acrobatics+1","Well Laid Plans","Backflip+1","Slice","Prepared+1"],"relics":["Ring of the Snake","NeowsBlessing","Oddly Smooth Stone","The Courier","Shuriken","Smiling Mask","Ectoplasm","FossilizedHelix","Kunai","Turnip","Lantern","Prayer Wheel","Dodecahedron","Tingsha","Lizard Tail","Red Mask","Torii","Bird Faced Urn","Bronze Scales","Bottled Flame","Du-Vu Doll"],"potions_floor_usage":[27,29,33,42,50],"damage_taken":[{"damage":0,"enemies":"Jaw Worm","floor":1,"turns":1},{"damage":0,"enemies":"Small Slimes","floor":5,"turns":1},{"damage":0,"enemies":"Lagavulin","floor":6,"turns":1},{"damage":22,"enemies":"Gremlin Nob","floor":8,"turns":5},{"damage":5,"enemies":"2 Louse","floor":11,"turns":2},{"damage":1,"enemies":"Large Slime","floor":13,"turns":8},{"damage":0,"enemies":"3 Louse","floor":14,"turns":3},{"damage":11,"enemies":"Hexaghost","floor":16,"turns":10},{"damage":0,"enemies":"Spheric Guardian","floor":18,"turns":5},{"damage":0,"enemies":"Chosen","floor":19,"turns":4},{"damage":0,"enemies":"Snake Plant","floor":21,"turns":5},{"damage":0,"enemies":"Gremlin Leader","floor":24,"turns":7},{"damage":0,"enemies":"Book of Stabbing","floor":27,"turns":6},{"damage":0,"enemies":"Colosseum Slavers","floor":29,"turns":5},{"damage":0,"enemies":"Colosseum Nobs","floor":29,"turns":6},{"damage":0,"enemies":"Slavers","floor":30,"turns":6},{"damage":0,"enemies":"Cultist and Chosen","floor":31,"turns":5},{"damage":5,"enemies":"Collector","floor":33,"turns":13},{"damage":0,"enemies":"Orb Walker","floor":35,"turns":3},{"damage":53,"enemies":"2 Orb Walkers","floor":37,"turns":5},{"damage":0,"enemies":"3 Shapes","floor":39,"turns":3},{"damage":2,"enemies":"Giant Head","floor":40,"turns":12},{"damage":0,"enemies":"Nemesis","floor":42,"turns":9},{"damage":0,"enemies":"Sphere and 2 Shapes","floor":44,"turns":6},{"damage":0,"enemies":"Mind Bloom Boss Battle","floor":45,"turns":7},{"damage":0,"enemies":"Writhing Mass","floor":47,"turns":5},{"damage":0,"enemies":"3 Darklings","floor":48,"turns":2},{"damage":0,"enemies":"Time Eater","floor":50,"turns":13}],"seed_played":"-2337218687617358992","potions_obtained":[{"floor":6,"key":"SpeedPotion"},{"floor":13,"key":"GamblersBrew"},{"floor":14,"key":"GhostInAJar"},{"floor":19,"key":"Fire Potion"},{"floor":31,"key":"SpeedPotion"},{"floor":39,"key":"SteroidPotion"},{"floor":40,"key":"AttackPotion"},{"floor":44,"key":"Dexterity Potion"}],"is_trial":false,"path_per_floor":["M","$","?","?","M","E","R","E","T","R","M","R","M","M","R","B",null,"M","M","$","M","?","R","E","R","T","E","$","?","E","M","R","B",null,"M","?","?","?","M","E","R","E","T","M","?","R","M","M","R","B",null],"character_chosen":"THE_SILENT","items_purchased":["Backflip","Footwork","FossilizedHelix"],"campfire_rested":1,"item_purchase_floors":[2,20,20],"current_hp_per_floor":[63,63,60,60,60,60,60,38,38,38,33,33,32,32,32,21,58,58,58,58,58,45,45,45,45,45,45,45,45,45,45,45,40,66,66,66,13,13,13,11,33,39,39,47,55,55,63,67,67,75],"gold":0,"neow_bonus":"THREE_ENEMY_KILL","is_prod":false,"is_daily":false,"chose_seed":false,"campfire_upgraded":9,"win_rate":0,"timestamp":1560481607,"path_taken":["M","$","?","?","?","E","R","E","T","R","M","R","M","M","R","BOSS","M","M","$","M","?","R","E","R","T","E","$","?","E","M","R","BOSS","M","?","?","?","M","E","R","E","T","M","?","R","M","M","R","BOSS"],"build_version":"2019-01-23","purchased_purges":1,"victory":true,"max_hp_per_floor":[70,70,70,70,70,70,70,70,70,70,70,70,70,70,70,70,70,70,70,70,70,75,75,75,75,75,75,75,75,75,75,75,75,75,75,75,75,75,75,75,75,75,75,75,75,75,75,75,75,75],"card_choices":[{"not_picked":["Outmaneuver","Dagger Throw"],"picked":"Deadly Poison","floor":1},{"not_picked":["Underhanded Strike","Blade Dance"],"picked":"Crippling Poison","floor":5},{"not_picked":["Distraction","Sucker Punch","Masterful Stab"],"picked":"SKIP","floor":6},{"not_picked":["Flying Knee","Sucker Punch"],"picked":"Acrobatics","floor":8},{"not_picked":["Outmaneuver","Bane"],"picked":"Well Laid Plans","floor":11},{"not_picked":["Skewer","Poisoned Stab"],"picked":"Adrenaline","floor":13},{"not_picked":["Endless Agony","Masterful Stab"],"picked":"PiercingWail","floor":14},{"not_picked":["Bullet Time","Night Terror"],"picked":"After Image","floor":16},{"not_picked":["Poisoned Stab","Expertise+1"],"picked":"Backstab","floor":18},{"not_picked":["Quick Slash","Masterful Stab","Setup"],"picked":"SKIP","floor":19},{"not_picked":["Choke","Flying Knee"],"picked":"Backflip","floor":21},{"not_picked":["Tactician","Dagger Spray"],"picked":"Deadly Poison","floor":24},{"not_picked":["Predator","Dagger Throw"],"picked":"Glass Knife","floor":27},{"not_picked":["Well Laid Plans","Dagger Throw"],"picked":"Backflip","floor":30},{"not_picked":["Deadly Poison","Wraith Form v2"],"picked":"PiercingWail","floor":31},{"not_picked":["Malaise","Noxious Fumes","Flying Knee"],"picked":"SKIP","floor":31},{"not_picked":["Bullet Time","Malaise"],"picked":"Corpse Explosion","floor":33},{"not_picked":["Setup","Dodge and Roll","Predator"],"picked":"SKIP","floor":35},{"not_picked":["Dodge and Roll","Backflip","Acrobatics"],"picked":"SKIP","floor":35},{"not_picked":["All Out Attack","PiercingWail+1"],"picked":"Backstab+1","floor":37},{"not_picked":["Mind Blast","Purity"],"picked":"Flash of Steel","floor":38},{"not_picked":["Deflect","Infinite Blades"],"picked":"Cloak And Dagger+1","floor":39},{"not_picked":["Wraith Form v2","PiercingWail","Sucker Punch+1"],"picked":"SKIP","floor":39},{"not_picked":["Outmaneuver","Poisoned Stab"],"picked":"Acrobatics+1","floor":40},{"not_picked":["Bouncing Flask","Deadly Poison"],"picked":"Well Laid Plans","floor":42},{"not_picked":["Deflect","Quick Slash"],"picked":"Backflip+1","floor":44},{"not_picked":["Doppelganger","Underhanded Strike","Backflip"],"picked":"SKIP","floor":44},{"not_picked":["Setup","Eviscerate"],"picked":"Slice","floor":45},{"not_picked":["Dagger Throw","Sucker Punch+1"],"picked":"Prepared","floor":47},{"not_picked":["Quick Slash","All Out Attack","Dodge and Roll"],"picked":"SKIP","floor":47},{"not_picked":["Outmaneuver","Predator","Dagger Throw"],"picked":"SKIP","floor":48},{"not_picked":["A Thousand Cuts","PiercingWail","Deadly Poison"],"picked":"SKIP","floor":48}],"player_experience":822960,"relics_obtained":[{"floor":6,"key":"The Courier"},{"floor":8,"key":"Shuriken"},{"floor":9,"key":"Smiling Mask"},{"floor":24,"key":"Kunai"},{"floor":26,"key":"Turnip"},{"floor":27,"key":"Lantern"},{"floor":29,"key":"Prayer Wheel"},{"floor":29,"key":"Dodecahedron"},{"floor":30,"key":"Tingsha"},{"floor":37,"key":"Torii"},{"floor":40,"key":"Bird Faced Urn"},{"floor":42,"key":"Bronze Scales"},{"floor":43,"key":"Bottled Flame"},{"floor":45,"key":"Du-Vu Doll"}],"event_choices":[{"damage_healed":0,"gold_gain":0,"player_choice":"Success","damage_taken":3,"relics_obtained":["Oddly Smooth Stone"],"max_hp_gain":0,"max_hp_loss":0,"event_name":"Scrap Ooze","floor":3,"gold_loss":0},{"damage_healed":0,"gold_gain":0,"player_choice":"Ignored","damage_taken":0,"max_hp_gain":0,"max_hp_loss":0,"event_name":"Liars Game","floor":4,"gold_loss":0},{"damage_healed":0,"gold_gain":0,"player_choice":"Shed Blood","damage_taken":18,"max_hp_gain":5,"max_hp_loss":0,"event_name":"Forgotten Altar","floor":22,"gold_loss":0},{"damage_healed":0,"gold_gain":0,"player_choice":"Fight","damage_taken":0,"max_hp_gain":0,"max_hp_loss":0,"event_name":"Colosseum","floor":29,"gold_loss":0},{"damage_healed":0,"gold_gain":0,"player_choice":"Fought Nobs","damage_taken":0,"max_hp_gain":0,"max_hp_loss":0,"event_name":"Colosseum","floor":29,"gold_loss":0},{"damage_healed":0,"gold_gain":0,"player_choice":"Paid","damage_taken":0,"relics_obtained":["Red Mask"],"max_hp_gain":0,"max_hp_loss":0,"event_name":"Tomb of Lord Red Mask","floor":36,"gold_loss":13},{"damage_healed":0,"gold_gain":0,"player_choice":"Fight","damage_taken":0,"max_hp_gain":0,"max_hp_loss":0,"event_name":"Mysterious Sphere","floor":37,"gold_loss":0},{"damage_healed":0,"gold_gain":0,"player_choice":"Memory 1","damage_taken":0,"max_hp_gain":0,"max_hp_loss":0,"event_name":"SensoryStone","floor":38,"gold_loss":0},{"damage_healed":0,"gold_gain":0,"player_choice":"Fight","damage_taken":0,"max_hp_gain":0,"max_hp_loss":0,"event_name":"MindBloom","floor":45,"gold_loss":0}],"is_beta":false,"boss_relics":[{"not_picked":["WristBlade","Snecko Eye"],"picked":"Ectoplasm"},{"not_picked":["Black Star","Runic Dome"],"picked":"Lizard Tail"}],"items_purged_floors":[2],"is_endless":false,"potions_floor_spawned":[6,13,14,19,24,29,31,39,40,44,47],"ascension_level":13}