{"gold_per_floor":[112,124,70,80,95,111,186,186,186,186,214,214,246,265,265,344,344,356,373,373,386,386],"floor_reached":22,"playtime":1682,"items_purged":[],"score":386,"play_id":"e17a7f24-d119-47f4-820f-fa00c26296f1","local_time":"20190622000724","is_ascension_mode":true,"campfire_choices":[{"floor":10.0,"key":"REST"},{"floor":12.0,"key":"REST"},{"floor":15.0,"key":"REST"}],"neow_cost":"NONE","seed_source_timestamp":850484381991533,"circlet_count":0,"master_deck":["AscendersBane","Defend_G","Defend_G","Defend_G","Defend_G","Defend_G","Strike_G","Strike_G","Strike_G","Survivor","Neutralize","Escape Plan","Cloak And Dagger","Bouncing Flask","Finisher","Backflip","Poisoned Stab","Die Die Die","Deadly Poison","Wraith Form v2","PiercingWail","PiercingWail","Envenom","Venomology"],"special_seed":0,"relics":["Ring of the Snake","Calipers","Gremlin Horn","Paper Crane","Centennial Puzzle","Sozu"],"potions_floor_usage":[],"damage_taken":[{"damage":1.0,"enemies":"Cultist","floor":1.0,"turns":5.0},{"damage":0.0,"enemies":"Small Slimes","floor":2.0,"turns":5.0},{"damage":2.0,"enemies":"2 Louse","floor":4.0,"turns":3.0},{"damage":25.0,"enemies":"Large Slime","floor":5.0,"turns":8.0},{"damage":0.0,"enemies":"Gremlin Gang","floor":6.0,"turns":5.0},{"damage":12.0,"enemies":"3 Sentries","floor":11.0,"turns":10.0},{"damage":16.0,"enemies":"Lagavulin","floor":13.0,"turns":7.0},{"damage":2.0,"enemies":"Blue Slaver","floor":14.0,"turns":5.0},{"damage":41.0,"enemies":"Hexaghost","floor":16.0,"turns":11.0},{"damage":10.0,"enemies":"3 Byrds","floor":18.0,"turns":4.0},{"damage":0.0,"enemies":"Chosen","floor":19.0,"turns":5.0},{"damage":31,"enemies":"3 Cultists","floor":21,"turns":7},{"damage":24,"enemies":"Shelled Parasite and Fungi","floor":22,"turns":4}],"seed_played":"-5312772887596507363","potions_obtained":[{"floor":4.0,"key":"SteroidPotion"},{"floor":5.0,"key":"Fire Potion"},{"floor":11.0,"key":"Strength Potion"},{"floor":13.0,"key":"Explosive Potion"}],"is_trial":false,"path_per_floor":["M","M","$","M","M","M","?","?","T","R","E","R","E","M","R","B",null,"M","M","?","M","M"],"character_chosen":"THE_SILENT","items_purchased":["Dexterity Potion"],"campfire_rested":3,"item_purchase_floors":[3],"current_hp_per_floor":[58,58,58,56,31,31,20,15,15,34,22,41,25,23,42,1,50,40,40,40,9,0],"gold":386,"neow_bonus":"THREE_CARDS","is_prod":false,"is_daily":false,"chose_seed":false,"campfire_upgraded":0,"win_rate":0,"timestamp":1561176444,"path_taken":["M","?","$","M","M","M","?","?","T","R","E","R","E","M","R","BOSS","M","M","?","M","M"],"build_version":"2019-01-23","purchased_purges":0,"victory":false,"max_hp_per_floor":[66,66,66,66,66,66,66,66,66,66,66,66,66,66,66,66,66,66,66,66,66,66],"card_choices":[{"not_picked":["Concentrate","Dodge and Roll"],"picked":"Escape Plan","floor":0.0},{"not_picked":["Outmaneuver","Concentrate"],"picked":"Cloak And Dagger","floor":1.0},{"not_picked":["Escape Plan","Finisher"],"picked":"Bouncing Flask","floor":2.0},{"not_picked":["Bane","Blur"],"picked":"Finisher","floor":4.0},{"not_picked":["Underhanded Strike","Outmaneuver"],"picked":"Backflip","floor":5.0},{"not_picked":["Cloak And Dagger","Tactician"],"picked":"Poisoned Stab","floor":6.0},{"not_picked":["Noxious Fumes","Flying Knee"],"picked":"Die Die Die","floor":11.0},{"not_picked":["Blade Dance","Prepared","Choke"],"picked":"SKIP","floor":13.0},{"not_picked":["Slice","Bane"],"picked":"Deadly Poison","floor":14.0},{"not_picked":["Phantasmal Killer","Glass Knife"],"picked":"Wraith Form v2","floor":16.0},{"not_picked":["Flechettes","Underhanded Strike+1"],"picked":"PiercingWail","floor":18.0},{"not_picked":["Deadly Poison","Outmaneuver"],"picked":"PiercingWail","floor":19.0},{"not_picked":["Masterful Stab","Deflect","Riddle With Holes"],"picked":"SKIP","floor":21}],"player_experience":854718,"relics_obtained":[{"floor":9.0,"key":"Gremlin Horn"},{"floor":11.0,"key":"Paper Crane"},{"floor":13.0,"key":"Centennial Puzzle"}],"event_choices":[{"damage_healed":0.0,"max_hp_gain":0.0,"max_hp_loss":0.0,"gold_gain":75.0,"event_name":"World of Goop","player_choice":"Gather Gold","floor":7.0,"gold_loss":0.0,"damage_taken":11.0},{"damage_healed":0.0,"max_hp_gain":0.0,"max_hp_loss":0.0,"gold_gain":0.0,"event_name":"Scrap Ooze","player_choice":"Success","floor":8.0,"gold_loss":0.0,"damage_taken":5.0,"relics_obtained":["Calipers"]},{"damage_healed":0.0,"max_hp_gain":0.0,"max_hp_loss":0.0,"gold_gain":0.0,"cards_transformed":["Strike_G","Strike_G"],"event_name":"Drug Dealer","player_choice":"Became Test Subject","floor":20.0,"gold_loss":0.0,"damage_taken":0.0,"cards_obtained":["Envenom","Venomology"]}],"is_beta":false,"boss_relics":[{"not_picked":["Busted Crown","Empty Cage"],"picked":"Sozu"}],"items_purged_floors":[],"is_endless":false,"potions_floor_spawned":[4,5,11,13],"killed_by":"Shelled Parasite and Fungi","ascension_level":19}