{"gold_per_floor":[117,129,129,129,145,145,175,175,175,187,187,205,225,239,239,334,334,353,128,128,128,142,142,174,185,254,254,265,296,296,309,309,309],"floor_reached":33,"playtime":1925,"items_purged":[],"score":449,"play_id":"78ec0c3b-0ed5-4d93-8a8a-4ba6b1a96242","local_time":"20190515161244","is_ascension_mode":true,"campfire_choices":[{"data":"Zap","floor":6,"key":"SMITH"},{"data":"Multi-Cast","floor":8,"key":"SMITH"},{"data":"Glacier","floor":11,"key":"SMITH"},{"floor":15,"key":"REST"},{"data":"Coolheaded","floor":23,"key":"SMITH"},{"data":"Creative AI","floor":27,"key":"SMITH"},{"floor":30,"key":"REST"},{"floor":32,"key":"REST"}],"neow_cost":"NONE","seed_source_timestamp":44095006314937,"circlet_count":0,"master_deck":["Strike_B","Defend_B","Defend_B","Defend_B","Defend_B","Zap+1","Dualcast+1","Cold Snap","White Noise+1","Multi-Cast+1","Glacier+1","Go for the Eyes","Ball Lightning","Hyperbeam","Darkness+1","Electrodynamics+1","Glacier+1","Hello World","Coolheaded","Coolheaded+1","Creative AI+1","Glacier","Glacier+1","Gash+1","BootSequence"],"relics":["Cracked Core","Matryoshka","War Paint","Kunai","Astrolabe","Bag of Preparation","NlothsMask","Dream Catcher","Darkstone Periapt","Frozen Egg 2"],"potions_floor_usage":[16,24,33,33,33],"damage_taken":[{"damage":1,"enemies":"Cultist","floor":1,"turns":3},{"damage":2,"enemies":"Small Slimes","floor":2,"turns":3},{"damage":11,"enemies":"2 Louse","floor":5,"turns":2},{"damage":12,"enemies":"3 Sentries","floor":7,"turns":8},{"damage":0,"enemies":"Large Slime","floor":10,"turns":3},{"damage":0,"enemies":"Exordium Thugs","floor":12,"turns":5},{"damage":10,"enemies":"Gremlin Gang","floor":13,"turns":4},{"damage":0,"enemies":"Blue Slaver","floor":14,"turns":1},{"damage":2,"enemies":"Slime Boss","floor":16,"turns":8},{"damage":0,"enemies":"Spheric Guardian","floor":18,"turns":3},{"damage":0,"enemies":"3 Byrds","floor":22,"turns":2},{"damage":15,"enemies":"Slavers","floor":24,"turns":2},{"damage":0,"enemies":"Sentry and Sphere","floor":25,"turns":2},{"damage":26,"enemies":"Snecko","floor":28,"turns":5},{"damage":0,"enemies":"Gremlin Leader","floor":29,"turns":6},{"damage":32,"enemies":"Snake Plant","floor":31,"turns":6},{"damage":52,"enemies":"Champ","floor":33,"turns":11}],"seed_played":"1603239487766134217","potions_obtained":[{"floor":2,"key":"SpeedPotion"},{"floor":7,"key":"PowerPotion"},{"floor":10,"key":"FearPotion"},{"floor":16,"key":"Explosive Potion"},{"floor":24,"key":"Strength Potion"}],"is_trial":false,"path_per_floor":["M","M","$","?","M","R","E","R","T","M","R","M","M","M","R","B",null,"M","$","?","?","M","R","E","M","T","R","M","E","R","M","R","B"],"character_chosen":"DEFECT","items_purchased":["Bag of Preparation","Hello World"],"campfire_rested":3,"item_purchase_floors":[19,19],"current_hp_per_floor":[74,72,72,72,61,61,49,49,49,49,49,49,39,39,63,61,77,77,77,77,77,77,77,62,62,62,62,36,36,60,28,52,0],"gold":309,"neow_bonus":"TEN_PERCENT_HP_BONUS","is_prod":false,"is_daily":false,"chose_seed":false,"campfire_upgraded":5,"win_rate":0,"timestamp":1557951164,"path_taken":["M","M","?","?","M","R","E","R","T","M","R","?","M","M","R","BOSS","M","$","?","?","M","R","E","M","T","R","M","E","R","M","R","BOSS"],"build_version":"2019-01-23","purchased_purges":0,"victory":false,"max_hp_per_floor":[82,82,82,82,82,82,82,82,82,82,82,82,82,82,82,82,82,82,82,82,82,82,82,82,82,82,82,82,82,82,82,82,82],"card_choices":[{"not_picked":["Stack","Steam"],"picked":"Cold Snap","floor":1},{"not_picked":["Stack","Streamline","Skim"],"picked":"SKIP","floor":2},{"not_picked":["Rebound","Auto Shields"],"picked":"White Noise","floor":5},{"not_picked":["Rip and Tear","Leap"],"picked":"Multi-Cast","floor":7},{"not_picked":["Ball Lightning","Compile Driver"],"picked":"Glacier","floor":10},{"not_picked":["Conserve Battery","Turbo"],"picked":"Go for the Eyes","floor":12},{"not_picked":["Rebound","Sweeping Beam"],"picked":"Ball Lightning","floor":13},{"not_picked":["Turbo","Steam","Leap"],"picked":"SKIP","floor":14},{"not_picked":["Meteor Strike","Rainbow"],"picked":"Hyperbeam","floor":16},{"not_picked":["Static Discharge","Sweeping Beam","Steam"],"picked":"SKIP","floor":18},{"not_picked":["Hologram","Steam"],"picked":"Coolheaded","floor":22},{"not_picked":["Recycle","Hologram"],"picked":"Creative AI","floor":24},{"not_picked":["Redo+1","Scrape","Coolheaded"],"picked":"SKIP","floor":25},{"not_picked":["Rebound","Tempest","Streamline+1"],"picked":"SKIP","floor":28},{"not_picked":["Barrage","Scrape"],"picked":"Glacier","floor":29},{"not_picked":["Stack","Genetic Algorithm"],"picked":"Glacier+1","floor":30},{"not_picked":["Rebound","Lockon"],"picked":"Gash+1","floor":31},{"not_picked":["Leap","Thunder Strike"],"picked":"BootSequence","floor":32}],"player_experience":555191,"relics_obtained":[{"floor":7,"key":"Matryoshka"},{"floor":9,"key":"War Paint"},{"floor":9,"key":"Kunai"},{"floor":24,"key":"Dream Catcher"},{"floor":26,"key":"Darkstone Periapt"},{"floor":29,"key":"Frozen Egg 2"}],"event_choices":[{"damage_healed":0,"gold_gain":0,"player_choice":"Bought 0 Potions","damage_taken":0,"max_hp_gain":0,"max_hp_loss":0,"event_name":"The Woman in Blue","floor":4,"gold_loss":0},{"damage_healed":0,"gold_gain":0,"player_choice":"Read","damage_taken":0,"max_hp_gain":0,"max_hp_loss":0,"event_name":"The Library","floor":20,"gold_loss":0,"cards_obtained":["Coolheaded"]},{"damage_healed":0,"gold_gain":0,"player_choice":"Trade","damage_taken":0,"relics_obtained":["NlothsMask"],"max_hp_gain":0,"max_hp_loss":0,"event_name":"FaceTrader","floor":21,"gold_loss":0}],"is_beta":false,"boss_relics":[{"not_picked":["Empty Cage","Nuclear Battery"],"picked":"Astrolabe"}],"items_purged_floors":[],"is_endless":false,"potions_floor_spawned":[2,7,10,14,16,18,24,25],"killed_by":"Champ","ascension_level":7}