{"gold_per_floor":[119,131,131,150,168,168,181,206,506,506,523,540,540,557,557,635,635,648,666,676,676,475,508,508,536,612,630,649,264,289,302,302,302],"floor_reached":33,"playtime":2171,"items_purged":["Strike_R"],"score":613,"play_id":"dc7c71b7-dd03-4796-b6ca-c73aa2ac7184","local_time":"20181221020947","is_ascension_mode":true,"campfire_choices":[{"data":"Feed","floor":6,"key":"SMITH"},{"data":"Infernal Blade","floor":10,"key":"SMITH"},{"data":"Pommel Strike","floor":13,"key":"SMITH"},{"data":"Seeing Red","floor":15,"key":"SMITH"},{"floor":24,"key":"REST"},{"floor":32,"key":"REST"}],"neow_cost":"PERCENT_DAMAGE","seed_source_timestamp":30628855166001,"circlet_count":0,"master_deck":["AscendersBane","Defend_R","Defend_R","Defend_R","Defend_R","Bash","Feed+1","Clothesline","Shrug It Off","Headbutt","Infernal Blade+1","Shrug It Off","Fiend Fire+1","Anger","Pommel Strike+1","Seeing Red+1","Immolate","Iron Wave+1","Disarm+1","Wild Strike+1","Iron Wave","Corruption","Warcry","Infernal Blade","Shrug It Off","Armaments","Demon Form"],"relics":["Burning Blood","Lantern","Old Coin","Astrolabe","Letter Opener","Mango","Ornamental Fan","Kunai","Bag of Preparation"],"potions_floor_usage":[2,8,11,12,28,30,31,33],"damage_taken":[{"damage":19,"enemies":"Small Slimes","floor":1,"turns":4},{"damage":0,"enemies":"Cultist","floor":2,"turns":2},{"damage":1,"enemies":"2 Louse","floor":4,"turns":4},{"damage":11,"enemies":"Looter","floor":5,"turns":4},{"damage":4,"enemies":"2 Fungi Beasts","floor":7,"turns":3},{"damage":26,"enemies":"3 Sentries","floor":8,"turns":11},{"damage":0,"enemies":"Exordium Thugs","floor":11,"turns":3},{"damage":0,"enemies":"Gremlin Gang","floor":12,"turns":4},{"damage":11,"enemies":"Blue Slaver","floor":14,"turns":3},{"damage":40,"enemies":"Slime Boss","floor":16,"turns":14},{"damage":0,"enemies":"3 Byrds","floor":18,"turns":6},{"damage":6,"enemies":"Spheric Guardian","floor":19,"turns":3},{"damage":21,"enemies":"3 Cultists","floor":20,"turns":6},{"damage":45,"enemies":"Book of Stabbing","floor":23,"turns":7},{"damage":44,"enemies":"Gremlin Leader","floor":25,"turns":7},{"damage":24,"enemies":"Cultist and Chosen","floor":27,"turns":7},{"damage":10,"enemies":"Centurion and Healer","floor":28,"turns":3},{"damage":26,"enemies":"Slavers","floor":30,"turns":7},{"damage":3,"enemies":"3 Cultists","floor":31,"turns":3},{"damage":71,"enemies":"Collector","floor":33,"turns":7}],"seed_played":"-882999943790039534","potions_obtained":[{"floor":1,"key":"Fire Potion"},{"floor":2,"key":"FearPotion"},{"floor":7,"key":"Block Potion"},{"floor":11,"key":"Fire Potion"},{"floor":14,"key":"Ancient Potion"},{"floor":19,"key":"Poison Potion"},{"floor":23,"key":"GamblersBrew"},{"floor":25,"key":"Fire Potion"},{"floor":30,"key":"SteroidPotion"}],"is_trial":false,"path_per_floor":["M","M","?","M","M","R","M","E","T","R","M","M","R","M","R","B",null,"M","M","M","?","$","E","R","E","T","M","M","$","E","M","R","B"],"character_chosen":"IRONCLAD","items_purchased":["Corruption","Warcry","Armaments","Kunai","Dexterity Potion"],"campfire_rested":2,"item_purchase_floors":[22,22,29,29,29],"current_hp_per_floor":[40,49,49,57,55,55,61,45,45,45,55,65,65,64,64,30,88,98,98,83,83,83,44,77,53,53,39,39,39,23,26,67,0],"gold":302,"neow_bonus":"THREE_RARE_CARDS","is_prod":false,"is_daily":false,"chose_seed":false,"campfire_upgraded":4,"win_rate":0,"timestamp":1545368987,"path_taken":["M","M","?","M","?","R","M","E","T","R","M","M","R","M","R","BOSS","M","?","M","?","$","E","R","E","T","?","M","$","E","M","R","BOSS"],"build_version":"2018-12-20","purchased_purges":1,"victory":false,"max_hp_per_floor":[78,81,81,84,87,87,91,95,95,95,99,103,103,107,107,107,107,111,111,111,111,111,111,111,125,125,129,133,133,137,137,137,137],"card_choices":[{"not_picked":["Juggernaut","Offering"],"picked":"Feed","floor":0},{"not_picked":["Intimidate","Rampage"],"picked":"Clothesline","floor":1},{"not_picked":["Feel No Pain","Body Slam"],"picked":"Shrug It Off","floor":2},{"not_picked":["Flex","Anger"],"picked":"Headbutt","floor":4},{"not_picked":["Havoc","Thunderclap"],"picked":"Infernal Blade","floor":5},{"not_picked":["Thunderclap","Feel No Pain"],"picked":"Shrug It Off","floor":7},{"not_picked":["Heavy Blade","Anger"],"picked":"Fiend Fire","floor":8},{"not_picked":["Rage","Flame Barrier"],"picked":"Anger","floor":11},{"not_picked":["Corruption","Cleave"],"picked":"Pommel Strike","floor":12},{"not_picked":["Twin Strike","Battle Trance"],"picked":"Seeing Red","floor":14},{"not_picked":["Barricade","Fiend Fire"],"picked":"Immolate","floor":16},{"not_picked":["Seeing Red","True Grit"],"picked":"Iron Wave","floor":18},{"not_picked":["Dropkick","Twin Strike+1","Thunderclap"],"picked":"SKIP","floor":19},{"not_picked":["Clothesline","Pummel","Twin Strike"],"picked":"SKIP","floor":20},{"not_picked":["Cleave","Heavy Blade","Fire Breathing"],"picked":"SKIP","floor":23},{"not_picked":["Flex+1","Wild Strike+1"],"picked":"Infernal Blade","floor":25},{"not_picked":["Havoc","Flex","Clash"],"picked":"SKIP","floor":27},{"not_picked":["Battle Trance","Headbutt"],"picked":"Shrug It Off","floor":28},{"not_picked":["Thunderclap","Sever Soul","Iron Wave"],"picked":"SKIP","floor":30},{"not_picked":["Havoc","Dual Wield"],"picked":"Demon Form","floor":31}],"player_experience":572711,"relics_obtained":[{"floor":8,"key":"Lantern"},{"floor":9,"key":"Old Coin"},{"floor":23,"key":"Letter Opener"},{"floor":25,"key":"Mango"},{"floor":26,"key":"Ornamental Fan"},{"floor":30,"key":"Bag of Preparation"}],"event_choices":[{"cards_removed":["Strike_R"],"damage_healed":0,"gold_gain":0,"player_choice":"Purged","damage_taken":0,"max_hp_gain":0,"max_hp_loss":0,"event_name":"Purifier","floor":3,"gold_loss":0},{"damage_healed":0,"gold_gain":0,"player_choice":"Upgraded","damage_taken":0,"max_hp_gain":0,"max_hp_loss":0,"event_name":"Upgrade Shrine","floor":21,"gold_loss":0,"cards_upgraded":["Fiend Fire"]}],"is_beta":false,"boss_relics":[{"not_picked":["Calling Bell","Runic Cube"],"picked":"Astrolabe"}],"items_purged_floors":[22],"is_endless":false,"potions_floor_spawned":[1,2,7,11,14,19,23,25,30],"killed_by":"Collector","ascension_level":16}