{"gold_per_floor":[118,293,67,78,88,88,119,132,186,186],"floor_reached":10,"playtime":463,"items_purged":["Doubt"],"score":109,"play_id":"fe59197f-f0d3-4486-a887-5d338d00ecac","local_time":"20190506102550","is_ascension_mode":true,"campfire_choices":[{"data":"Wraith Form v2","floor":6,"key":"SMITH"}],"neow_cost":"NONE","seed_source_timestamp":405182180750331,"circlet_count":0,"master_deck":["AscendersBane","Defend_G","Defend_G","Defend_G","Defend_G","Defend_G","Strike_G","Strike_G+1","Strike_G","Strike_G","Strike_G","Survivor","Neutralize+1","Bouncing Flask","Quick Slash","Wraith Form v2+1","Skewer"],"relics":["Ring of the Snake","Blood Vial","Whetstone","Bottled Flame","Snake Skull"],"potions_floor_usage":[10,10],"damage_taken":[{"damage":0,"enemies":"Jaw Worm","floor":1,"turns":6},{"damage":1,"enemies":"Small Slimes","floor":4,"turns":3},{"damage":0,"enemies":"Cultist","floor":5,"turns":3},{"damage":44,"enemies":"Lagavulin","floor":7,"turns":7},{"damage":0,"enemies":"Large Slime","floor":8,"turns":5},{"damage":33,"enemies":"3 Sentries","floor":10,"turns":8}],"seed_played":"4921749440675346716","potions_obtained":[{"floor":5,"key":"Ancient Potion"},{"floor":8,"key":"GamblersBrew"}],"is_trial":false,"path_per_floor":["M","?","$","M","M","R","E","M","T","E"],"character_chosen":"THE_SILENT","items_purchased":["Whetstone"],"campfire_rested":0,"item_purchase_floors":[3],"current_hp_per_floor":[65,65,65,66,68,68,26,28,28,0],"gold":186,"neow_bonus":"RANDOM_COMMON_RELIC","is_prod":false,"is_daily":false,"chose_seed":false,"campfire_upgraded":1,"win_rate":0,"timestamp":1557152750,"path_taken":["M","?","$","M","M","R","E","M","T","E"],"build_version":"2019-01-23","purchased_purges":1,"victory":false,"max_hp_per_floor":[70,70,70,70,70,70,70,70,70,70],"card_choices":[{"not_picked":["Slice","Sucker Punch"],"picked":"Bouncing Flask","floor":1},{"not_picked":["Dagger Throw","Backflip"],"picked":"Quick Slash","floor":4},{"not_picked":["Backflip","Accuracy"],"picked":"Wraith Form v2","floor":5},{"not_picked":["Deflect","Flying Knee"],"picked":"Skewer","floor":7},{"not_picked":["Underhanded Strike","Accuracy","Eviscerate"],"picked":"SKIP","floor":8}],"player_experience":480128,"relics_obtained":[{"floor":7,"key":"Bottled Flame"},{"floor":9,"key":"Snake Skull"}],"event_choices":[{"damage_healed":0,"gold_gain":175,"player_choice":"AGREE","damage_taken":0,"max_hp_gain":0,"max_hp_loss":0,"event_name":"Liars Game","floor":2,"gold_loss":0,"cards_obtained":["Doubt"]}],"is_beta":false,"boss_relics":[],"items_purged_floors":[3],"is_endless":false,"potions_floor_spawned":[5,8],"killed_by":"3 Sentries","ascension_level":12}