{"gold_per_floor":[118,118,131,143,162,188,188,188,188,188,222,222,251,266,266,364,364,375,391,391],"floor_reached":20,"playtime":906,"items_purged":[],"score":233,"play_id":"29d70a05-4673-4dcc-bc8e-02450434421f","local_time":"20190410144949","is_ascension_mode":true,"campfire_choices":[{"floor":8,"key":"REST"},{"floor":10,"key":"REST"},{"floor":15,"key":"REST"}],"neow_cost":"NONE","seed_source_timestamp":14687940689467,"circlet_count":0,"master_deck":["Strike_B","Strike_B","Strike_B","Strike_B","Defend_B","Defend_B","Defend_B","Defend_B","Zap","Dualcast","Static Discharge","Machine Learning+1","Gash","Self Repair","Cold Snap","Conserve Battery","Zap","White Noise","Loop","Compile Driver","Echo Form","Gash","Capacitor"],"relics":["Cracked Core","Gremlin Horn","Bottled Flame","Happy Flower","PreservedInsect","Nuclear Battery"],"potions_floor_usage":[0,6,16,16,19],"damage_taken":[{"damage":13,"enemies":"Jaw Worm","floor":1,"turns":4},{"damage":6,"enemies":"2 Louse","floor":3,"turns":3},{"damage":1,"enemies":"Cultist","floor":4,"turns":4},{"damage":8,"enemies":"Exordium Wildlife","floor":5,"turns":3},{"damage":40,"enemies":"Gremlin Nob","floor":6,"turns":5},{"damage":27,"enemies":"3 Sentries","floor":11,"turns":7},{"damage":31,"enemies":"Lagavulin","floor":13,"turns":6},{"damage":5,"enemies":"Blue Slaver","floor":14,"turns":4},{"damage":29,"enemies":"Slime Boss","floor":16,"turns":8},{"damage":45,"enemies":"Spheric Guardian","floor":18,"turns":6},{"damage":20,"enemies":"3 Byrds","floor":19,"turns":4},{"damage":33,"enemies":"Snake Plant","floor":20,"turns":3}],"seed_played":"4008861432175939439","potions_obtained":[{"floor":0,"key":"Swift Potion"},{"floor":0,"key":"Fruit Juice"},{"floor":0,"key":"EssenceOfSteel"},{"floor":4,"key":"Explosive Potion"},{"floor":11,"key":"FearPotion"},{"floor":13,"key":"PowerPotion"},{"floor":16,"key":"Block Potion"},{"floor":18,"key":"Dexterity Potion"},{"floor":19,"key":"PowerPotion"}],"is_trial":false,"path_per_floor":["M","?","M","M","M","E","?","R","T","R","E","?","E","M","R","B",null,"M","M","M"],"character_chosen":"DEFECT","items_purchased":[],"campfire_rested":3,"item_purchase_floors":[],"current_hp_per_floor":[67,67,61,60,52,19,19,43,43,67,47,47,23,25,49,27,80,49,29,0],"gold":391,"neow_bonus":"THREE_SMALL_POTIONS","is_prod":false,"is_daily":false,"chose_seed":false,"campfire_upgraded":0,"win_rate":0,"timestamp":1554922189,"path_taken":["M","?","M","M","M","E","?","R","T","R","E","?","E","M","R","BOSS","M","M","M"],"build_version":"2019-01-23","purchased_purges":0,"victory":false,"max_hp_per_floor":[80,80,80,80,80,80,80,80,80,80,80,80,80,80,80,80,80,80,80,80],"card_choices":[{"not_picked":["Streamline","Reprogram"],"picked":"Static Discharge","floor":1},{"not_picked":["Coolheaded","Chill"],"picked":"Machine Learning","floor":3},{"not_picked":["Rebound","Barrage"],"picked":"Gash","floor":4},{"not_picked":["Melter","Capacitor"],"picked":"Self Repair","floor":5},{"not_picked":["Streamline","Turbo"],"picked":"Cold Snap","floor":6},{"not_picked":["Rainbow","Scrape"],"picked":"Conserve Battery","floor":11},{"not_picked":["Go for the Eyes","Lockon"],"picked":"Loop","floor":13},{"not_picked":["Leap","Genetic Algorithm"],"picked":"Compile Driver","floor":14},{"not_picked":["Multi-Cast","Biased Cognition"],"picked":"Echo Form","floor":16},{"not_picked":["Chaos+1","Stack+1"],"picked":"Gash","floor":18},{"not_picked":["Sunder","Hologram+1"],"picked":"Capacitor","floor":19}],"player_experience":454569,"relics_obtained":[{"floor":6,"key":"Gremlin Horn"},{"floor":9,"key":"Bottled Flame"},{"floor":11,"key":"Happy Flower"},{"floor":13,"key":"PreservedInsect"}],"event_choices":[{"damage_healed":0,"gold_gain":0,"player_choice":"Leave","damage_taken":0,"max_hp_gain":0,"max_hp_loss":0,"event_name":"The Cleric","floor":2,"gold_loss":0},{"damage_healed":0,"gold_gain":0,"player_choice":"Grow","damage_taken":0,"max_hp_gain":0,"max_hp_loss":0,"event_name":"Living Wall","floor":7,"gold_loss":0,"cards_upgraded":["Machine Learning"]},{"damage_healed":0,"gold_gain":0,"player_choice":"2 cards matched","damage_taken":0,"max_hp_gain":0,"max_hp_loss":0,"event_name":"Match and Keep!","floor":12,"gold_loss":0,"cards_obtained":["Zap","White Noise"]}],"is_beta":false,"boss_relics":[{"not_picked":["White Beast Statue","Runic Pyramid"],"picked":"Nuclear Battery"}],"items_purged_floors":[],"is_endless":false,"potions_floor_spawned":[4,11,13,16,18,19],"killed_by":"Snake Plant","ascension_level":4}