{"gold_per_floor":[113,13,27,27,37,62,73,98,98,98,112,2,2,21,21,120,120,133,145,155,155,170,199,199,227,272,272,285,285],"floor_reached":29,"playtime":2736,"items_purged":["Decay"],"score":357,"play_id":"21794bb4-036d-4c63-bdbb-2bf8b8b38dd1","local_time":"20190620165957","is_ascension_mode":true,"campfire_choices":[{"floor":13,"key":"REST"},{"data":"Demon Form","floor":15,"key":"SMITH"},{"floor":24,"key":"REST"}],"neow_cost":"CURSE","seed_source_timestamp":223027912782300,"circlet_count":0,"master_deck":["Strike_R+1","Strike_R+1","Strike_R","Strike_R","Strike_R","Defend_R","Defend_R","Defend_R","Defend_R","Bash","Heavy Blade+1","Clash","Twin Strike","Havoc","Disarm","Warcry","Iron Wave","Flame Barrier","Demon Form+1","Limit Break","Clothesline","Power Through","Shrug It Off","Armaments+1","Cleave+1","Shrug It Off+1","Reaper"],"relics":["Burning Blood","Darkstone Periapt","Happy Flower","Ancient Tea Set","Eternal Feather","Meat on the Bone","Whetstone","Bag of Marbles"],"potions_floor_usage":[8,16,16,20,23,28,28],"damage_taken":[{"damage":11,"enemies":"Cultist","floor":1,"turns":5},{"damage":1,"enemies":"2 Louse","floor":3,"turns":3},{"damage":0,"enemies":"Small Slimes","floor":5,"turns":2},{"damage":16,"enemies":"3 Sentries","floor":6,"turns":7},{"damage":43,"enemies":"Gremlin Gang","floor":7,"turns":6},{"damage":18,"enemies":"Lagavulin","floor":8,"turns":5},{"damage":10,"enemies":"Exordium Thugs","floor":11,"turns":5},{"damage":2,"enemies":"Red Slaver","floor":14,"turns":3},{"damage":24,"enemies":"The Guardian","floor":16,"turns":8},{"damage":30,"enemies":"Shell Parasite","floor":18,"turns":9},{"damage":14,"enemies":"Chosen","floor":19,"turns":4},{"damage":17,"enemies":"Centurion and Healer","floor":20,"turns":6},{"damage":21,"enemies":"Chosen and Byrds","floor":22,"turns":6},{"damage":73,"enemies":"Book of Stabbing","floor":23,"turns":7},{"damage":49,"enemies":"Slavers","floor":25,"turns":6},{"damage":34,"enemies":"Shelled Parasite and Fungi","floor":28,"turns":9},{"damage":79,"enemies":"Centurion and Healer","floor":29,"turns":8}],"seed_played":"1104863216689383005","potions_obtained":[{"floor":3,"key":"SpeedPotion"},{"floor":8,"key":"Block Potion"},{"floor":11,"key":"GamblersBrew"},{"floor":18,"key":"Energy Potion"},{"floor":22,"key":"Regen Potion"},{"floor":25,"key":"Block Potion"}],"is_trial":false,"path_per_floor":["M","$","M","?","M","E","M","E","T","?","M","$","R","M","R","B",null,"M","M","M","?","M","E","R","E","T","?","M","M"],"character_chosen":"IRONCLAD","items_purchased":["Clash","Flame Barrier","BloodPotion"],"campfire_rested":2,"item_purchase_floors":[2,12,12],"current_hp_per_floor":[91,91,96,77,83,73,36,24,24,24,20,20,48,52,52,34,96,72,64,53,96,81,23,66,35,35,67,60,0],"gold":285,"neow_bonus":"TWENTY_PERCENT_HP_BONUS","is_prod":false,"is_daily":false,"chose_seed":false,"campfire_upgraded":1,"win_rate":0,"timestamp":1561013997,"path_taken":["M","?","M","?","M","E","M","E","T","?","M","$","R","?","R","BOSS","M","?","M","?","?","E","R","E","T","?","M","M"],"build_version":"2019-01-23","purchased_purges":1,"victory":false,"max_hp_per_floor":[96,96,96,96,96,96,96,96,96,96,96,96,96,96,96,96,96,96,96,96,96,96,96,96,96,96,96,96,96],"card_choices":[{"not_picked":["Perfected Strike","True Grit"],"picked":"Heavy Blade","floor":1},{"not_picked":["Sword Boomerang","Wild Strike"],"picked":"Heavy Blade","floor":3},{"not_picked":["True Grit","Warcry"],"picked":"Twin Strike","floor":5},{"not_picked":["Exhume","Seeing Red"],"picked":"Disarm","floor":6},{"not_picked":["Pummel","Warcry"],"picked":"Havoc","floor":7},{"not_picked":["True Grit","Body Slam"],"picked":"Disarm","floor":8},{"not_picked":["True Grit","Clash"],"picked":"Iron Wave","floor":11},{"not_picked":["Iron Wave","Havoc"],"picked":"Demon Form","floor":14},{"not_picked":["Exhume","Reaper"],"picked":"Limit Break","floor":16},{"not_picked":["Iron Wave","Disarm"],"picked":"Clothesline","floor":18},{"not_picked":["Feel No Pain","True Grit+1"],"picked":"Power Through","floor":19},{"not_picked":["Anger+1","Perfected Strike"],"picked":"Shrug It Off","floor":20},{"not_picked":["Shrug It Off","Flex"],"picked":"Armaments+1","floor":22},{"not_picked":["Perfected Strike","Wild Strike"],"picked":"Cleave","floor":23},{"not_picked":["Metallicize+1","Hemokinesis"],"picked":"Shrug It Off+1","floor":25},{"not_picked":["Heavy Blade","Clothesline+1"],"picked":"Reaper","floor":28}],"player_experience":99963,"relics_obtained":[{"floor":6,"key":"Darkstone Periapt"},{"floor":8,"key":"Happy Flower"},{"floor":9,"key":"Ancient Tea Set"},{"floor":23,"key":"Meat on the Bone"},{"floor":25,"key":"Whetstone"},{"floor":26,"key":"Bag of Marbles"}],"event_choices":[{"damage_healed":0,"gold_gain":0,"player_choice":"Entered Light","damage_taken":19,"max_hp_gain":0,"max_hp_loss":0,"event_name":"Shining Light","floor":4,"gold_loss":0,"cards_upgraded":["Heavy Blade","Strike_R"]},{"damage_healed":0,"gold_gain":0,"cards_transformed":["Heavy Blade"],"player_choice":"Transformed","damage_taken":0,"max_hp_gain":0,"max_hp_loss":0,"event_name":"Transmorgrifier","floor":10,"gold_loss":0,"cards_obtained":["Warcry"]},{"cards_removed":["Disarm"],"damage_healed":43,"gold_gain":0,"player_choice":"Offered Uncommon","damage_taken":0,"max_hp_gain":0,"max_hp_loss":0,"event_name":"Bonfire Elementals","floor":21,"gold_loss":0},{"damage_healed":32,"gold_gain":0,"player_choice":"Heal","damage_taken":0,"max_hp_gain":0,"max_hp_loss":0,"event_name":"The Library","floor":27,"gold_loss":0}],"is_beta":false,"boss_relics":[{"not_picked":["Snecko Eye","Fusion Hammer"],"picked":"Eternal Feather"}],"items_purged_floors":[2],"is_endless":false,"potions_floor_spawned":[3,8,11,18,22,25],"killed_by":"Centurion and Healer","ascension_level":2}