{"gold_per_floor":[216,216,229,11,11,42,54,5,51,63,91,133,175,198,210,222],"floor_reached":16,"playtime":526,"items_purged":[],"score":162,"play_id":"10dfc871-9f10-4dfd-b5cc-f9ba90982efd","local_time":"20181202163535","is_ascension_mode":true,"campfire_choices":[{"floor":10,"key":"REST"},{"floor":15,"key":"REST"}],"neow_cost":"NONE","seed_source_timestamp":5522809767051266,"circlet_count":0,"master_deck":["Strike_B","Strike_B","Strike_B+1","Strike_B+1","Defend_B","Defend_B","Defend_B","Defend_B","Zap+1","Dualcast","Redo","Gash","BootSequence","Sunder","Ball Lightning","Bandage Up","Melter","Defragment","Tempest"],"relics":["Cracked Core","Membership Card","PreservedInsect","MawBank","Sundial","Tiny Chest"],"potions_floor_usage":[6,12,16],"damage_taken":[{"damage":2,"enemies":"Jaw Worm","floor":1,"turns":4},{"damage":0,"enemies":"2 Louse","floor":3,"turns":2},{"damage":25,"enemies":"Lagavulin","floor":6,"turns":5},{"damage":0,"enemies":"Small Slimes","floor":7,"turns":2},{"damage":0,"enemies":"2 Fungi Beasts","floor":11,"turns":2},{"damage":0,"enemies":"Gremlin Nob","floor":12,"turns":2},{"damage":4,"enemies":"Exordium Wildlife","floor":14,"turns":3},{"damage":67,"enemies":"The Guardian","floor":16,"turns":9}],"seed_played":"-707445354740607178","potions_obtained":[{"floor":3,"key":"Poison Potion"},{"floor":7,"key":"AttackPotion"},{"floor":11,"key":"SteroidPotion"}],"is_trial":false,"path_per_floor":["M","?","M","$","?","E","M","$","T","R","M","E","?","M","R","B"],"character_chosen":"DEFECT","items_purchased":["Membership Card","BootSequence","Bandage Up"],"campfire_rested":2,"item_purchase_floors":[4,4,8],"current_hp_per_floor":[73,58,58,58,58,33,33,33,33,55,59,59,41,41,63,0],"gold":222,"neow_bonus":"HUNDRED_GOLD","is_prod":false,"is_daily":false,"chose_seed":false,"campfire_upgraded":0,"win_rate":0,"timestamp":1543786535,"path_taken":["M","?","M","$","?","E","M","$","T","R","M","E","?","M","R","BOSS"],"build_version":"2018-11-15","purchased_purges":0,"victory":false,"max_hp_per_floor":[75,75,75,75,75,75,75,75,75,75,75,75,75,75,75,75],"card_choices":[{"not_picked":["Steam Power","Stack"],"picked":"Redo","floor":1},{"not_picked":["Turbo","Darkness"],"picked":"Gash","floor":3},{"not_picked":["Aggregate","Stack"],"picked":"Sunder","floor":6},{"not_picked":["Beam Cell","Steam"],"picked":"Ball Lightning","floor":7},{"not_picked":["Glacier","Cold Snap"],"picked":"Melter","floor":11},{"not_picked":["Coolheaded","Sweeping Beam"],"picked":"Defragment","floor":12},{"not_picked":["Biased Cognition","Barrage"],"picked":"Tempest","floor":14}],"player_experience":240094,"relics_obtained":[{"floor":6,"key":"PreservedInsect"},{"floor":9,"key":"MawBank"},{"floor":12,"key":"Sundial"}],"event_choices":[{"damage_healed":0,"gold_gain":0,"player_choice":"Entered Light","damage_taken":15,"max_hp_gain":0,"max_hp_loss":0,"event_name":"Shining Light","floor":2,"gold_loss":0,"cards_upgraded":["Strike_B","Strike_B"]},{"damage_healed":0,"gold_gain":0,"player_choice":"Grow","damage_taken":0,"max_hp_gain":0,"max_hp_loss":0,"event_name":"Living Wall","floor":5,"gold_loss":0,"cards_upgraded":["Zap"]},{"damage_healed":0,"gold_gain":0,"player_choice":"Success","damage_taken":18,"relics_obtained":["Tiny Chest"],"max_hp_gain":0,"max_hp_loss":0,"event_name":"Scrap Ooze","floor":13,"gold_loss":0}],"is_beta":false,"boss_relics":[],"items_purged_floors":[],"is_endless":false,"potions_floor_spawned":[3,7,11],"killed_by":"The Guardian","ascension_level":4}