{"gold_per_floor":[112,112,123,30,46,46,71,85,85,85,102,122,122,140,140,241,241,253,27,40,40,40,67,78,107,133,32,32,32,60,70,70,167,167,187,187,187,9,23,23,23],"floor_reached":41,"playtime":1357,"items_purged":["Regret"],"score":708,"play_id":"994cd4f9-aebc-446f-a50f-5730d2ae898d","local_time":"20180926220644","is_ascension_mode":true,"campfire_choices":[{"floor":6,"key":"REST"},{"floor":10,"key":"REST"},{"data":"White Noise","floor":13,"key":"SMITH"},{"data":"Defragment","floor":15,"key":"SMITH"},{"floor":28,"key":"REST"},{"floor":32,"key":"REST"},{"floor":40,"key":"REST"}],"neow_cost":"PERCENT_DAMAGE","seed_source_timestamp":1065870591221712,"circlet_count":0,"master_deck":["Strike_B+1","Strike_B+1","Strike_B+1","Strike_B+1","Defend_B+1","Defend_B+1","Defend_B+1","Defend_B+1","Zap","Dualcast","Ball Lightning","Beam Cell","Defragment","Streamline","White Noise+1","Stack","Self Repair","Rebound","Leap","Defragment+1","Electrodynamics","Chaos+1","Conserve Battery","Genetic Algorithm","Aggregate","Conserve Battery","Compile Driver+1","Doubt","Conserve Battery","Redo+1","Conserve Battery","Machine Learning","Storm+1","Madness","Madness","Violence","Secret Weapon","Mind Blast","Hello World","Bandage Up","Genetic Algorithm+1"],"relics":["Cracked Core","FossilizedHelix","Lantern","Symbiotic Virus","Smiling Mask","Cursed Key","Orichalcum","Shovel","Vajra","DataDisk","Potion Belt","Fusion Hammer"],"potions_floor_usage":[8,16,16,23,30,39,39],"damage_taken":[{"damage":0,"enemies":"2 Louse","floor":1,"turns":1},{"damage":9,"enemies":"Jaw Worm","floor":3,"turns":3},{"damage":0,"enemies":"Cultist","floor":5,"turns":3},{"damage":22,"enemies":"Lagavulin","floor":7,"turns":6},{"damage":0,"enemies":"Lots of Slimes","floor":8,"turns":2},{"damage":0,"enemies":"Looter","floor":11,"turns":2},{"damage":17,"enemies":"Exordium Wildlife","floor":12,"turns":3},{"damage":8,"enemies":"Blue Slaver","floor":14,"turns":3},{"damage":0,"enemies":"Hexaghost","floor":16,"turns":7},{"damage":26,"enemies":"Shell Parasite","floor":18,"turns":5},{"damage":0,"enemies":"Chosen","floor":20,"turns":3},{"damage":25,"enemies":"Slavers","floor":23,"turns":4},{"damage":12,"enemies":"Centurion and Healer","floor":24,"turns":5},{"damage":31,"enemies":"Book of Stabbing","floor":25,"turns":6},{"damage":0,"enemies":"Gremlin Leader","floor":30,"turns":6},{"damage":8,"enemies":"Snake Plant","floor":31,"turns":2},{"damage":47,"enemies":"Collector","floor":33,"turns":11},{"damage":0,"enemies":"3 Shapes","floor":35,"turns":5},{"damage":0,"enemies":"Orb Walker","floor":39,"turns":2},{"damage":72,"enemies":"Giant Head","floor":41,"turns":7}],"seed_played":"-1634923829054138100","potions_obtained":[{"floor":5,"key":"Explosive Potion"},{"floor":7,"key":"Dexterity Potion"},{"floor":8,"key":"Weak Potion"},{"floor":20,"key":"SteroidPotion"},{"floor":25,"key":"EssenceOfSteel"},{"floor":33,"key":"Energy Potion"},{"floor":35,"key":"Swift Potion"}],"is_trial":false,"path_per_floor":["M","?","M","$","M","R","E","M","T","R","M","M","R","M","R","B",null,"M","$","M","?","?","E","M","E","T","$","R","?","E","M","R","B",null,"M","?","?","$","M","R"],"character_chosen":"DEFECT","items_purchased":["Defragment","Streamline","Orichalcum","Gash","Conserve Battery","Conserve Battery","Hello World","Bandage Up"],"campfire_rested":5,"item_purchase_floors":[4,4,19,19,19,27,38,38],"current_hp_per_floor":[54,54,45,45,45,67,45,45,45,67,74,64,64,63,63,63,72,53,53,53,53,53,42,44,20,20,20,42,42,49,41,63,23,62,69,60,50,50,50,72,0],"gold":23,"neow_bonus":"ONE_RARE_RELIC","is_prod":false,"is_daily":false,"chose_seed":false,"campfire_upgraded":2,"win_rate":0,"timestamp":1538014004,"path_taken":["M","?","?","$","M","R","E","M","T","R","?","M","R","M","R","BOSS","M","$","M","?","?","E","?","E","T","?","R","?","E","M","R","BOSS","M","?","?","$","M","R","E"],"build_version":"2018-09-20","purchased_purges":1,"victory":false,"max_hp_per_floor":[75,75,75,75,75,75,75,75,75,75,75,75,75,75,75,75,75,75,75,75,75,75,75,75,75,75,75,75,75,75,75,75,75,75,75,75,75,75,75,75,75],"card_choices":[{"not_picked":["Rebound","Steam Power"],"picked":"Ball Lightning","floor":1},{"not_picked":["Consume","Scrape"],"picked":"Beam Cell","floor":3},{"not_picked":["Undo","Compile Driver"],"picked":"White Noise","floor":5},{"not_picked":["Hologram","Darkness"],"picked":"Stack","floor":7},{"not_picked":["Conserve Battery","Steam"],"picked":"Self Repair","floor":8},{"not_picked":["Coolheaded","Consume"],"picked":"Rebound","floor":11},{"not_picked":["Rebound","Reprogram"],"picked":"Leap","floor":12},{"not_picked":["Auto Shields","Reprogram"],"picked":"Defragment","floor":14},{"not_picked":["Biased Cognition","Core Surge"],"picked":"Electrodynamics","floor":16},{"not_picked":["Steam+1","Gash+1"],"picked":"Chaos+1","floor":18},{"not_picked":["Rebound+1","Auto Shields"],"picked":"Genetic Algorithm","floor":20},{"not_picked":["Coolheaded","Scrape","Darkness"],"picked":"SKIP","floor":23},{"not_picked":["Rip and Tear","Go for the Eyes"],"picked":"Conserve Battery","floor":24},{"not_picked":["Doom and Gloom","Sunder"],"picked":"Compile Driver+1","floor":25},{"not_picked":["Gash","Tempest"],"picked":"Redo+1","floor":30},{"not_picked":["Melter+1","Cold Snap"],"picked":"Conserve Battery","floor":31},{"not_picked":["Fission","Meteor Strike"],"picked":"Machine Learning","floor":33},{"not_picked":["Recycle+1","Glacier"],"picked":"Storm+1","floor":35},{"not_picked":["Blind","Sadistic Nature"],"picked":"Violence","floor":37},{"not_picked":["PanicButton","Master of Strategy"],"picked":"Secret Weapon","floor":37},{"not_picked":["PanicButton","Forethought"],"picked":"Mind Blast","floor":37},{"not_picked":["Hologram","Steam Power"],"picked":"Genetic Algorithm+1","floor":39}],"player_experience":191954,"relics_obtained":[{"floor":7,"key":"Symbiotic Virus"},{"floor":9,"key":"Smiling Mask"},{"floor":23,"key":"Shovel"},{"floor":25,"key":"Vajra"},{"floor":26,"key":"DataDisk"},{"floor":30,"key":"Potion Belt"}],"event_choices":[{"event_name":"Big Fish","player_choice":"Box","floor":2,"damage_taken":0},{"event_name":"Back to Basics","player_choice":"Simplicity","floor":21,"damage_taken":0},{"event_name":"Transmorgrifier","player_choice":"Transform","floor":22,"damage_taken":0},{"event_name":"Beggar","player_choice":"Ignored","floor":29,"damage_taken":0},{"event_name":"Winding Halls","player_choice":"Embrace Madness","floor":36,"damage_taken":0},{"event_name":"SensoryStone","player_choice":"Memory 3","floor":37,"damage_taken":0}],"is_beta":false,"boss_relics":[{"not_picked":["Lizard Tail","Pandora\u0027s Box"],"picked":"Cursed Key"},{"not_picked":["Runic Dome","Black Star"],"picked":"Fusion Hammer"}],"items_purged_floors":[27],"is_endless":false,"potions_floor_spawned":[5,7,8,20,25,33,35],"killed_by":"Giant Head","ascension_level":5}