{"gold_per_floor":[114,114,189,204,204,234,234,264,264,294,9,69,69,84,84,184,234,249,11,11,26,3,33,33,63,88,103,118,118,118,148,148,248,248,263,278,278,278,0,30,45,75,100,130,130,230,260,65,65,65],"floor_reached":50,"playtime":2876,"items_purged":[],"score":740,"play_id":"9ba7a8f0-6f90-48cf-acf1-7ee802f0111c","local_time":"20181202152306","daily_mods":["Heirloom","Blue Cards","Elite Swarm"],"is_ascension_mode":false,"campfire_choices":[{"floor":7,"key":"REST"},{"floor":13,"key":"REST"},{"data":"Machine Learning","floor":15,"key":"SMITH"},{"floor":29,"key":"REST"},{"data":"Auto Shields","floor":32,"key":"SMITH"},{"floor":45,"key":"REST"},{"floor":49,"key":"DIG"}],"neow_cost":"","seed_source_timestamp":0,"circlet_count":0,"master_deck":["Strike_R+1","Strike_R","Strike_R","Strike_R","Strike_R","Defend_R+1","Defend_R","Defend_R","Defend_R","Bash","Glacier","Go for the Eyes","Berserk","Core Surge","Machine Learning+1","Reckless Charge","Hyperbeam","Auto Shields+1","Seek+1","Reprogram","Cleave","Evolve","Armaments+1","Wild Strike","All For One","Reaper","Ball Lightning+1","Blood for Blood+1","Fiend Fire","Creative AI","Twin Strike+1","Metallicize","Gash","Barricade","Static Discharge","Impervious","Juggernaut","Fusion+1","Reaper","Mayhem","Leap"],"special_seed":17867,"relics":["Black Blood","Calipers","Anchor","Red Skull","PreservedInsect","Orichalcum","Sundial","Tiny Chest","Tiny House","Sling","Paper Frog","MutagenicStrength","Incense Burner","Vajra","Pear","Happy Flower","Nunchaku","Magic Flower","Omamori","Oddly Smooth Stone","Shovel","Unceasing Top","Molten Egg 2"],"potions_floor_usage":[6,6,16,31,31,33,36,40,41,50,50],"damage_taken":[{"damage":20,"enemies":"Jaw Worm","floor":1,"turns":5},{"damage":0,"enemies":"Small Slimes","floor":4,"turns":6},{"damage":33,"enemies":"Gremlin Nob","floor":6,"turns":5},{"damage":8,"enemies":"Lagavulin","floor":8,"turns":10},{"damage":0,"enemies":"Gremlin Nob","floor":10,"turns":3},{"damage":11,"enemies":"Lagavulin","floor":12,"turns":7},{"damage":0,"enemies":"Cultist","floor":14,"turns":3},{"damage":42,"enemies":"Hexaghost","floor":16,"turns":10},{"damage":10,"enemies":"2 Thieves","floor":18,"turns":3},{"damage":17,"enemies":"Shell Parasite","floor":21,"turns":7},{"damage":5,"enemies":"Gremlin Leader","floor":23,"turns":4},{"damage":27,"enemies":"Slavers","floor":25,"turns":3},{"damage":26,"enemies":"Snake Plant","floor":27,"turns":4},{"damage":4,"enemies":"Snecko","floor":28,"turns":4},{"damage":10,"enemies":"Book of Stabbing","floor":31,"turns":4},{"damage":70,"enemies":"Automaton","floor":33,"turns":11},{"damage":10,"enemies":"3 Shapes","floor":35,"turns":3},{"damage":31,"enemies":"3 Darklings","floor":36,"turns":4},{"damage":48,"enemies":"Reptomancer","floor":40,"turns":7},{"damage":25,"enemies":"Transient","floor":41,"turns":5},{"damage":30,"enemies":"Giant Head","floor":42,"turns":8},{"damage":37,"enemies":"Reptomancer","floor":44,"turns":7},{"damage":24,"enemies":"Mind Bloom Boss Battle","floor":46,"turns":7},{"damage":32,"enemies":"Nemesis","floor":47,"turns":5},{"damage":140,"enemies":"Donu and Deca","floor":50,"turns":7}],"seed_played":"-7513026677109115873","potions_obtained":[{"floor":1,"key":"FearPotion"},{"floor":4,"key":"Strength Potion"},{"floor":12,"key":"Block Potion"},{"floor":17,"key":"SpeedPotion"},{"floor":23,"key":"FairyPotion"},{"floor":28,"key":"LiquidBronze"},{"floor":31,"key":"EssenceOfSteel"},{"floor":35,"key":"PowerPotion"},{"floor":36,"key":"Regen Potion"},{"floor":40,"key":"EssenceOfSteel"},{"floor":46,"key":"Explosive Potion"},{"floor":47,"key":"Ancient Potion"}],"is_trial":false,"path_per_floor":["M","?","?","M","?","E","R","E","T","E","$","E","R","M","R","B",null,"M","$","?","M","$","E","?","E","T","M","M","R","$","E","R","B",null,"M","M","?","?","$","E","M","E","T","E","R","?","E","$","R","B"],"character_chosen":"IRONCLAD","items_purchased":["Sundial","Reckless Charge","Sling","Evolve","Wild Strike","Happy Flower","Metallicize","Gash","Mayhem","Leap"],"campfire_rested":4,"item_purchase_floors":[11,11,19,19,22,39,39,39,48,48],"current_hp_per_floor":[66,50,39,45,45,18,42,40,40,46,46,41,65,71,71,35,85,81,81,81,70,70,71,71,50,50,33,43,68,68,81,81,23,95,95,74,74,74,74,70,55,45,45,38,66,72,55,55,55,0],"gold":65,"neow_bonus":"","is_prod":false,"is_daily":true,"chose_seed":false,"campfire_upgraded":2,"win_rate":0,"timestamp":1543782186,"path_taken":["M","?","?","M","?","E","R","E","T","E","?","E","R","M","R","BOSS","M","$","?","M","?","E","?","E","T","M","?","R","$","E","R","BOSS","M","M","?","?","$","E","M","E","T","E","R","?","E","?","R","BOSS"],"build_version":"2018-11-15","purchased_purges":0,"victory":false,"max_hp_per_floor":[80,80,80,80,80,80,80,80,80,80,80,80,80,80,80,80,85,85,85,85,85,85,85,85,85,85,85,85,85,85,95,95,95,95,95,95,95,95,95,95,95,95,95,95,95,95,95,95,95,95],"card_choices":[{"not_picked":["Double Energy","Spot Weakness"],"picked":"Glacier","floor":1},{"not_picked":["Clash","Barrage"],"picked":"Go for the Eyes","floor":4},{"not_picked":["Fission","Offering"],"picked":"Berserk","floor":6},{"not_picked":["Thunder Strike","Reboot"],"picked":"Core Surge","floor":8},{"not_picked":["Offering","Exhume"],"picked":"Machine Learning","floor":10},{"not_picked":["Reaper","Amplify"],"picked":"Hyperbeam","floor":12},{"not_picked":["Fusion","Darkness"],"picked":"Auto Shields","floor":14},{"not_picked":["Exhume","Fission"],"picked":"Seek","floor":16},{"not_picked":["Compile Driver","Gash"],"picked":"Reprogram","floor":17},{"not_picked":["Redo","Clash"],"picked":"Cleave","floor":18},{"not_picked":["Pommel Strike","Iron Wave"],"picked":"Armaments+1","floor":21},{"not_picked":["Amplify","Thunder Strike"],"picked":"All For One","floor":23},{"not_picked":["Multi-Cast","Fiend Fire"],"picked":"Reaper","floor":25},{"not_picked":["Sweeping Beam","Rebound"],"picked":"Ball Lightning+1","floor":27},{"not_picked":["Evolve","Hologram"],"picked":"Blood for Blood+1","floor":28},{"not_picked":["Thunder Strike","All For One"],"picked":"Fiend Fire","floor":31},{"not_picked":["Offering","Limit Break"],"picked":"Creative AI","floor":33},{"not_picked":["Bloodletting","Dropkick+1"],"picked":"Twin Strike+1","floor":35},{"not_picked":["Redo+1","Scrape"],"picked":"Whirlwind+1","floor":36},{"not_picked":["Reboot","Exhume"],"picked":"Barricade","floor":40},{"not_picked":["Sweeping Beam","Ball Lightning"],"picked":"Static Discharge","floor":41},{"not_picked":["Amplify","Seek"],"picked":"Impervious","floor":42},{"not_picked":["Seek","Multi-Cast"],"picked":"Juggernaut","floor":44},{"not_picked":["Metallicize","Barrage"],"picked":"Fusion+1","floor":46},{"not_picked":["Fiend Fire","Offering"],"picked":"Reaper","floor":47}],"player_experience":233461,"relics_obtained":[{"floor":6,"key":"Anchor"},{"floor":8,"key":"Red Skull"},{"floor":9,"key":"PreservedInsect"},{"floor":10,"key":"Orichalcum"},{"floor":12,"key":"Tiny Chest"},{"floor":23,"key":"Paper Frog"},{"floor":25,"key":"Incense Burner"},{"floor":26,"key":"Vajra"},{"floor":31,"key":"Pear"},{"floor":40,"key":"Nunchaku"},{"floor":42,"key":"Magic Flower"},{"floor":43,"key":"Omamori"},{"floor":44,"key":"Oddly Smooth Stone"},{"floor":46,"key":"Shovel"},{"floor":47,"key":"Unceasing Top"},{"floor":49,"key":"Molten Egg 2"}],"event_choices":[{"damage_healed":0,"gold_gain":0,"player_choice":"Entered Light","damage_taken":16,"max_hp_gain":0,"max_hp_loss":0,"event_name":"Shining Light","floor":2,"gold_loss":0,"cards_upgraded":["Defend_R","Strike_R"]},{"damage_healed":0,"gold_gain":75,"player_choice":"Gather Gold","damage_taken":11,"max_hp_gain":0,"max_hp_loss":0,"event_name":"World of Goop","floor":3,"gold_loss":0},{"damage_healed":0,"gold_gain":0,"player_choice":"Ignored","damage_taken":0,"max_hp_gain":0,"max_hp_loss":0,"event_name":"Golden Wing","floor":5,"gold_loss":0},{"damage_healed":0,"gold_gain":0,"player_choice":"Ignored","damage_taken":0,"max_hp_gain":0,"max_hp_loss":0,"event_name":"Purifier","floor":20,"gold_loss":0},{"damage_healed":0,"gold_gain":0,"player_choice":"Inject Mutagens","damage_taken":0,"relics_obtained":["MutagenicStrength"],"max_hp_gain":0,"max_hp_loss":0,"event_name":"Drug Dealer","floor":24,"gold_loss":0},{"damage_healed":0,"gold_gain":0,"player_choice":"Ignored","damage_taken":0,"max_hp_gain":0,"max_hp_loss":0,"event_name":"Tomb of Lord Red Mask","floor":37,"gold_loss":0},{"cards_removed":["Whirlwind"],"damage_healed":0,"gold_gain":0,"player_choice":"Removed Attack","damage_taken":0,"max_hp_gain":0,"max_hp_loss":0,"event_name":"Falling","floor":38,"gold_loss":0},{"damage_healed":0,"gold_gain":0,"player_choice":"Fight","damage_taken":0,"max_hp_gain":0,"max_hp_loss":0,"event_name":"MindBloom","floor":46,"gold_loss":0}],"is_beta":false,"boss_relics":[{"not_picked":["Calling Bell","Empty Cage"],"picked":"Tiny House"},{"not_picked":["White Beast Statue","Velvet Choker"],"picked":"Black Blood"}],"items_purged_floors":[],"is_endless":false,"potions_floor_spawned":[1,4,12,23,28,31,35,36,40,46,47],"killed_by":"Donu and Deca","ascension_level":0}