{"gold_per_floor":[110,120,120,138,138,138,213,213,213,233,73,73],"floor_reached":12,"playtime":480,"items_purged":[],"score":136,"play_id":"36e94e1f-a911-460b-86a3-e8c65b68249f","local_time":"20190623114934","is_ascension_mode":true,"campfire_choices":[{"data":"Setup","floor":6,"key":"SMITH"},{"data":"Dash","floor":8,"key":"SMITH"}],"neow_cost":"NONE","seed_source_timestamp":928994081235497,"circlet_count":0,"master_deck":["AscendersBane","Survivor","Neutralize","Bouncing Flask","Caltrops","Slice","Dash","Escape Plan","Reflex","Setup+1","Phantasmal Killer","Prepared","Acrobatics","Deflect","Slice","Dash+1","Caltrops"],"relics":["Pandora\u0027s Box","Centennial Puzzle","Gremlin Horn","Oddly Smooth Stone"],"potions_floor_usage":[],"damage_taken":[{"damage":11,"enemies":"2 Louse","floor":1,"turns":2},{"damage":2,"enemies":"Jaw Worm","floor":2,"turns":3},{"damage":9,"enemies":"Small Slimes","floor":4,"turns":3},{"damage":4,"enemies":"2 Fungi Beasts","floor":10,"turns":3},{"damage":50,"enemies":"Gremlin Nob","floor":12,"turns":4}],"seed_played":"-5739554987760392683","potions_obtained":[{"floor":4,"key":"SteroidPotion"}],"is_trial":false,"path_per_floor":["M","M","?","M","T","R","?","R","T","M","$","E"],"character_chosen":"THE_SILENT","items_purchased":["Oddly Smooth Stone"],"campfire_rested":0,"item_purchase_floors":[11],"current_hp_per_floor":[48,46,66,57,57,57,46,46,46,42,42,0],"gold":73,"neow_bonus":"BOSS_RELIC","is_prod":false,"is_daily":false,"chose_seed":false,"campfire_upgraded":2,"win_rate":0,"timestamp":1561261774,"path_taken":["M","M","?","M","?","R","?","R","T","M","?","E"],"build_version":"2019-01-23","purchased_purges":0,"victory":false,"max_hp_per_floor":[66,66,66,66,66,66,66,66,66,66,66,66],"card_choices":[{"not_picked":["Prepared","Dagger Spray"],"picked":"Deflect","floor":1},{"not_picked":["Flying Knee","Sucker Punch"],"picked":"Slice","floor":2},{"not_picked":["Prepared","Well Laid Plans"],"picked":"Dash","floor":4},{"not_picked":["Bane","Dagger Spray"],"picked":"Caltrops","floor":10}],"player_experience":999951,"relics_obtained":[{"floor":5,"key":"Centennial Puzzle"},{"floor":9,"key":"Gremlin Horn"}],"event_choices":[{"damage_healed":22,"gold_gain":0,"player_choice":"Banana","damage_taken":0,"max_hp_gain":0,"max_hp_loss":0,"event_name":"Big Fish","floor":3,"gold_loss":0},{"damage_healed":0,"gold_gain":75,"player_choice":"Gather Gold","damage_taken":11,"max_hp_gain":0,"max_hp_loss":0,"event_name":"World of Goop","floor":7,"gold_loss":0}],"is_beta":false,"boss_relics":[],"items_purged_floors":[],"is_endless":false,"potions_floor_spawned":[4],"killed_by":"Gremlin Nob","ascension_level":20}