{"path_per_floor":["M","?","?","M","M","E","R","M","T","R","M","M","$","M","R","B",null,"M","M","?","?","?","M","R","?","T","E","R","M","$","T","R"],"character_chosen":"THE_SILENT","items_purchased":["Happy Flower","Infinite Blades","Toxic Egg 2"],"gold_per_floor":[216,316,316,326,341,369,369,381,381,381,394,404,215,230,230,334,334,352,362,362,362,362,373,373,288,288,317,317,328,84,107,107],"floor_reached":33,"campfire_rested":6,"playtime":1886,"current_hp_per_floor":[65,65,51,51,51,9,32,32,32,55,55,55,55,55,77,45,77,65,51,51,35,35,26,49,49,49,44,67,46,46,46,69],"items_purged":[],"gold":107,"score":267,"play_id":"5e47a409-6dd3-4cd0-82f1-3c1fd94fa325","is_prod":false,"is_daily":false,"is_ascension_mode":false,"campfire_upgraded":0,"path_taken":["M","?","?","M","M","E","R","M","T","R","M","M","$","M","R","BOSS","M","M","?","?","?","M","R","?","T","E","R","?","?","?","R","BOSS"],"build_version":"2018-02-08-PROD1","purchased_purges":0,"victory":false,"master_deck":["Defend_G+1","Defend_G+1","Defend_G+1","Defend_G+1","Defend_G+1","Strike_G+1","Strike_G+1","Strike_G+1","Strike_G+1","Strike_G+1","Survivor","Neutralize","Dodge and Roll+1","Deflect","Die Die Die+1","Deflect","Flying Knee","Adrenaline","Backflip","Infinite Blades","Backstab+1","Venomology","Outmaneuver","Prepared","Writhe","PiercingWail","Tools of the Trade","All Out Attack"],"max_hp_per_floor":[70,70,70,70,70,77,77,77,77,77,77,77,77,77,77,77,77,77,77,77,77,77,77,77,77,77,77,77,77,77,77,77],"relics":["Ring of the Snake","Strawberry","Ice Cream","Happy Flower","The Specimen","Ninja Scroll","Enchiridion","Orichalcum","Peace Pipe","Dodecahedron","Toxic Egg 2","Whetstone"],"card_choices":[{"not_picked":["Quick Slash","Masterful Stab"],"picked":"Dodge and Roll"},{"not_picked":["Sucker Punch","Dodge and Roll"],"picked":"Deflect"},{"not_picked":["Flechettes","PiercingWail"],"picked":"Die Die Die"},{"not_picked":["PiercingWail","Bouncing Flask"],"picked":"Deflect"},{"not_picked":["Acrobatics","Slice"],"picked":"Flying Knee"},{"not_picked":["Quick Slash","Choke"],"picked":"Adrenaline"},{"not_picked":["Dagger Spray","Deadly Poison"],"picked":"Backflip"},{"not_picked":["Dodge and Roll","Prepared"],"picked":"Backstab"},{"not_picked":["Tools of the Trade","Wraith Form"],"picked":"Venomology"},{"not_picked":["Dagger Throw","Dagger Spray"],"picked":"Outmaneuver"},{"not_picked":["Sucker Punch","Dodge and Roll"],"picked":"Prepared"},{"not_picked":["Deflect","Acrobatics"],"picked":"PiercingWail"},{"not_picked":["Dagger Throw","Eviscerate"],"picked":"Tools of the Trade"},{"not_picked":["Skewer","Acrobatics"],"picked":"All Out Attack"}],"player_experience":22276,"potions_floor_usage":[16,16,19,19,23,27,27,27,27,29,33],"damage_taken":[{"damage":5,"enemies":"Jaw Worm","floor":1,"turns":6},{"damage":0,"enemies":"Blue Slaver","floor":4,"turns":7},{"damage":0,"enemies":"2 Louse","floor":5,"turns":4},{"damage":49,"enemies":"Gremlin Nob","floor":6,"turns":6},{"damage":0,"enemies":"Exordium Wildlife","floor":8,"turns":5},{"damage":0,"enemies":"Looter","floor":11,"turns":3},{"damage":0,"enemies":"Large Slime","floor":12,"turns":8},{"damage":0,"enemies":"3 Louse","floor":14,"turns":3},{"damage":32,"enemies":"Hexaghost","floor":16,"turns":15},{"damage":12,"enemies":"3 Byrds","floor":18,"turns":8},{"damage":14,"enemies":"Spheric Guardian","floor":19,"turns":4},{"damage":9,"enemies":"Slaver and Parasite","floor":23,"turns":13},{"damage":20,"enemies":"Book of Stabbing","floor":27,"turns":8},{"damage":21,"enemies":"Sentry and Sphere","floor":29,"turns":8},{"damage":70,"enemies":"Automaton","floor":33,"turns":10}],"event_choices":[{"event_name":"Golden Shrine","player_choice":"Pray","floor":2,"damage_taken":0},{"event_name":"Shining Light","player_choice":"Entered Light","floor":3,"damage_taken":0},{"event_name":"The Mausoleum","player_choice":"Yes","floor":20,"damage_taken":0},{"event_name":"Cursed Tome","player_choice":"Obtained Book","floor":21,"damage_taken":0},{"event_name":"Back to Basics","player_choice":"Simplicity","floor":22,"damage_taken":0},{"event_name":"Addict","player_choice":"Obtained Relic","floor":25,"damage_taken":0}],"boss_relics":[{"not_picked":["White Beast Statue","Lizard Tail"],"picked":"The Specimen"}],"potions_floor_spawned":[8,11,12,18,23],"seed_played":"-8268865279996911196","killed_by":"Automaton","ascension_level":0,"is_trial":false}