{"gold_per_floor":[118,118,137,137,137,137,166,166,166,181,193,212,212,229,229,229],"floor_reached":16,"playtime":491,"items_purged":[],"score":184,"play_id":"9a18a230-73ab-45f8-89ad-30548814f5a6","local_time":"20181221034749","is_ascension_mode":true,"campfire_choices":[{"floor":6,"key":"REST"},{"floor":8,"key":"REST"},{"data":"Redo","floor":15,"key":"SMITH"}],"neow_cost":"CURSE","seed_source_timestamp":38194038263228,"circlet_count":0,"master_deck":["AscendersBane","Strike_B","Strike_B","Strike_B+1","Strike_B","Defend_B","Defend_B","Defend_B","Defend_B","Zap","Dualcast+1","Electrodynamics","Redo+1","BootSequence","Hologram","Ball Lightning","Conserve Battery","Gash","Conserve Battery"],"relics":["Cracked Core","Art of War","Mango"],"potions_floor_usage":[16],"damage_taken":[{"damage":10,"enemies":"Jaw Worm","floor":1,"turns":3},{"damage":2,"enemies":"Small Slimes","floor":3,"turns":3},{"damage":15,"enemies":"Lagavulin","floor":7,"turns":6},{"damage":0,"enemies":"Cultist","floor":10,"turns":3},{"damage":1,"enemies":"Looter","floor":11,"turns":3},{"damage":4,"enemies":"Red Slaver","floor":12,"turns":3},{"damage":2,"enemies":"Lots of Slimes","floor":14,"turns":2},{"damage":62,"enemies":"Hexaghost","floor":16,"turns":11}],"seed_played":"-192392176047659383","potions_obtained":[{"floor":3,"key":"Block Potion"},{"floor":5,"key":"Energy Potion"}],"is_trial":false,"path_per_floor":["M","?","M","?","?","R","E","R","T","M","M","M","?","M","R","B"],"character_chosen":"DEFECT","items_purchased":[],"campfire_rested":2,"item_purchase_floors":[],"current_hp_per_floor":[54,47,45,24,24,45,30,51,65,65,64,60,60,58,58,0],"gold":229,"neow_bonus":"THREE_RARE_CARDS","is_prod":false,"is_daily":false,"chose_seed":false,"campfire_upgraded":1,"win_rate":0,"timestamp":1545374869,"path_taken":["M","?","M","?","?","R","E","R","T","M","M","?","?","M","R","BOSS"],"build_version":"2018-12-20","purchased_purges":0,"victory":false,"max_hp_per_floor":[71,71,71,71,71,71,71,71,85,85,85,85,85,85,85,85],"card_choices":[{"not_picked":["All For One","Creative AI"],"picked":"Electrodynamics","floor":0},{"not_picked":["Recycle","White Noise"],"picked":"Redo","floor":1},{"not_picked":["Redo","Skim"],"picked":"BootSequence","floor":3},{"not_picked":["Skim","Stack"],"picked":"Hologram","floor":7},{"not_picked":["Barrage","Rebound"],"picked":"Ball Lightning","floor":10},{"not_picked":["Gash","Steam"],"picked":"Conserve Battery","floor":11},{"not_picked":["Steam","Conserve Battery"],"picked":"Gash","floor":12},{"not_picked":["FTL","Compile Driver"],"picked":"Conserve Battery","floor":14}],"player_experience":579990,"relics_obtained":[{"floor":7,"key":"Art of War"},{"floor":9,"key":"Mango"}],"event_choices":[{"cards_removed":["Pain"],"damage_healed":0,"gold_gain":0,"player_choice":"Card Removal","damage_taken":7,"max_hp_gain":0,"max_hp_loss":0,"event_name":"Golden Wing","floor":2,"gold_loss":0},{"damage_healed":0,"gold_gain":0,"player_choice":"Entered Light","damage_taken":21,"max_hp_gain":0,"max_hp_loss":0,"event_name":"Shining Light","floor":4,"gold_loss":0,"cards_upgraded":["Strike_B","Dualcast"]},{"damage_healed":0,"gold_gain":0,"player_choice":"Got Potions","damage_taken":0,"max_hp_gain":0,"max_hp_loss":0,"event_name":"Lab","floor":5,"gold_loss":0},{"damage_healed":0,"gold_gain":0,"player_choice":"Ignored","damage_taken":0,"max_hp_gain":0,"max_hp_loss":0,"event_name":"Liars Game","floor":13,"gold_loss":0}],"is_beta":false,"boss_relics":[],"items_purged_floors":[],"is_endless":false,"potions_floor_spawned":[3,10,11],"killed_by":"Hexaghost","ascension_level":16}