{"gold_per_floor":[114,114,79,93,142,169,169,195,241,241,272,14,46,57,57,156,156,176,176,31,45,45,71,88,88,111,146,79,99,109,123,123,226,276,289,308,14,14,14,14],"floor_reached":40,"playtime":2112,"items_purged":[],"score":620,"play_id":"42a137bb-377f-48cb-a7e6-81e5cfa56dcf","local_time":"20181029230353","is_ascension_mode":true,"campfire_choices":[{"floor":7,"key":"REST"},{"floor":15,"key":"REST"},{"data":"Hello World","floor":25,"key":"SMITH"},{"floor":32,"key":"REST"}],"neow_cost":"NONE","seed_source_timestamp":2603332159623673,"circlet_count":0,"master_deck":["Defend_B","Defend_B","Defend_B","Defend_B","Zap","Dualcast","Doom and Gloom","Leap","Stack","Static Discharge","Ball Lightning","BootSequence","Lockon","Gash+1","Ball Lightning","Scrape+1","Mayhem+1","Ball Lightning+1","Hologram+1","Bite","Bite","Bite","Bite","Bite","Self Repair+1","Self Repair+1","Gash+1","Hello World+1","Gash","Auto Shields","Gash","Machine Learning","Coolheaded","Amplify","Hello World","Capacitor+1","Gash+1"],"relics":["Cracked Core","Boot","Oddly Smooth Stone","Omamori","Matryoshka","Ancient Tea Set","Bag of Preparation","Happy Flower","Astrolabe","DataDisk","Potion Belt","Pen Nib","Anchor","Torii","Tiny House","Emotion Chip"],"potions_floor_usage":[6,6,18,24,24,27,33,35,39,39],"damage_taken":[{"damage":6,"enemies":"Jaw Worm","floor":1,"turns":4},{"damage":10,"enemies":"Small Slimes","floor":4,"turns":4},{"damage":23,"enemies":"Gremlin Nob","floor":6,"turns":4},{"damage":16,"enemies":"Lagavulin","floor":8,"turns":5},{"damage":14,"enemies":"3 Sentries","floor":11,"turns":6},{"damage":14,"enemies":"Gremlin Nob","floor":13,"turns":4},{"damage":0,"enemies":"2 Louse","floor":14,"turns":2},{"damage":37,"enemies":"Hexaghost","floor":16,"turns":8},{"damage":8,"enemies":"2 Thieves","floor":18,"turns":3},{"damage":15,"enemies":"Shell Parasite","floor":21,"turns":4},{"damage":9,"enemies":"Gremlin Leader","floor":23,"turns":7},{"damage":29,"enemies":"Sentry and Sphere","floor":24,"turns":4},{"damage":40,"enemies":"Slavers","floor":27,"turns":6},{"damage":45,"enemies":"Cultist and Chosen","floor":29,"turns":5},{"damage":25,"enemies":"Snake Plant","floor":30,"turns":4},{"damage":13,"enemies":"Shelled Parasite and Fungi","floor":31,"turns":6},{"damage":54,"enemies":"Champ","floor":33,"turns":8},{"damage":55,"enemies":"3 Darklings","floor":35,"turns":6},{"damage":24,"enemies":"Orb Walker","floor":36,"turns":4},{"damage":29,"enemies":"Writhing Mass","floor":39,"turns":4},{"damage":62,"enemies":"Nemesis","floor":40,"turns":6}],"seed_played":"-513975665431646844","potions_obtained":[{"floor":1,"key":"Swift Potion"},{"floor":4,"key":"Weak Potion"},{"floor":11,"key":"SteroidPotion"},{"floor":16,"key":"Block Potion"},{"floor":18,"key":"SmokeBomb"},{"floor":23,"key":"SteroidPotion"},{"floor":24,"key":"PowerPotion"},{"floor":30,"key":"FearPotion"},{"floor":31,"key":"Block Potion"},{"floor":34,"key":"SteroidPotion"},{"floor":36,"key":"AttackPotion"}],"is_trial":false,"path_per_floor":["M","?","?","M","T","E","R","E","T","?","E","$","E","M","R","B",null,"M","?","$","M","?","E","M","R","T","E","$","M","M","M","R","B",null,"M","M","$","?","M"],"character_chosen":"DEFECT","items_purchased":["Bag of Preparation","BootSequence","Lockon","DataDisk","Auto Shields","Emotion Chip"],"campfire_rested":3,"item_purchase_floors":[12,12,12,20,28,37],"current_hp_per_floor":[69,54,72,62,62,39,61,47,47,47,35,35,23,25,47,12,75,67,67,67,60,60,75,68,68,68,54,54,37,26,41,63,17,80,47,33,33,53,50,0],"gold":14,"neow_bonus":"RANDOM_COLORLESS","is_prod":false,"is_daily":false,"chose_seed":false,"campfire_upgraded":1,"win_rate":0,"timestamp":1540868633,"path_taken":["M","?","?","M","?","E","R","E","T","?","E","$","E","?","R","BOSS","M","?","$","M","?","E","M","R","T","E","$","M","M","?","R","BOSS","M","M","$","?","?","E"],"build_version":"2018-10-25v2","purchased_purges":0,"victory":false,"max_hp_per_floor":[75,75,75,75,75,75,75,75,75,75,75,75,75,75,75,75,75,75,75,75,75,75,75,75,75,75,75,75,75,75,75,75,75,80,80,80,80,80,80,80],"card_choices":[{"not_picked":["Double Energy","Coolheaded"],"picked":"Doom and Gloom","floor":1},{"not_picked":["Static Discharge","Barrage"],"picked":"Leap","floor":4},{"not_picked":["Scrape","Steam"],"picked":"Stack","floor":6},{"not_picked":["Stack","Loop"],"picked":"Static Discharge","floor":8},{"not_picked":["Tempest","Streamline"],"picked":"Ball Lightning","floor":11},{"not_picked":["Sweeping Beam","Skim"],"picked":"Gash","floor":13},{"not_picked":["Go for the Eyes","Sunder"],"picked":"Ball Lightning","floor":14},{"not_picked":["All For One","Meteor Strike"],"picked":"Hyperbeam","floor":16},{"not_picked":["Cold Snap+1","Compile Driver+1"],"picked":"Hologram+1","floor":18},{"not_picked":["Leap+1","Compile Driver"],"picked":"Self Repair+1","floor":21},{"not_picked":["Cold Snap","Ball Lightning"],"picked":"Gash+1","floor":23},{"not_picked":["Beam Cell+1","Steam"],"picked":"Hello World","floor":24},{"not_picked":["Doom and Gloom","Rebound"],"picked":"Gash","floor":27},{"not_picked":["Sunder","Reinforced Body"],"picked":"Gash","floor":29},{"not_picked":["Tempest","Gash"],"picked":"Machine Learning","floor":30},{"not_picked":["Chill","Barrage+1"],"picked":"Coolheaded","floor":31},{"not_picked":["Multi-Cast","All For One"],"picked":"Amplify","floor":33},{"not_picked":["Beam Cell+1","Barrage"],"picked":"Hello World","floor":34},{"not_picked":["Steam","Beam Cell+1"],"picked":"Capacitor+1","floor":35},{"not_picked":["Chill+1","Stack+1"],"picked":"Gash+1","floor":36}],"player_experience":204621,"relics_obtained":[{"floor":5,"key":"Boot"},{"floor":6,"key":"Blood Vial"},{"floor":8,"key":"Oddly Smooth Stone"},{"floor":9,"key":"Omamori"},{"floor":11,"key":"Ancient Tea Set"},{"floor":13,"key":"Happy Flower"},{"floor":23,"key":"Potion Belt"},{"floor":26,"key":"Pen Nib"},{"floor":26,"key":"Anchor"},{"floor":27,"key":"Torii"}],"event_choices":[{"damage_healed":0,"gold_gain":0,"player_choice":"Entered Light","damage_taken":15,"max_hp_gain":0,"max_hp_loss":0,"event_name":"Shining Light","floor":2,"gold_loss":0,"cards_upgraded":["Strike_B","Forethought"]},{"damage_healed":18,"gold_gain":0,"player_choice":"Healed","damage_taken":0,"max_hp_gain":0,"max_hp_loss":0,"event_name":"The Cleric","floor":3,"gold_loss":35},{"damage_healed":0,"gold_gain":0,"player_choice":"Searched \u00272\u0027 times","damage_taken":0,"relics_obtained":["Matryoshka"],"max_hp_gain":0,"max_hp_loss":0,"event_name":"Dead Adventurer","floor":10,"gold_loss":0},{"damage_healed":0,"gold_gain":0,"player_choice":"Became a vampire (Vial)","damage_taken":0,"max_hp_gain":0,"max_hp_loss":0,"event_name":"Vampires","floor":19,"relics_lost":["Blood Vial"],"gold_loss":0,"cards_obtained":["Bite","Bite","Bite","Bite","Bite"]},{"damage_healed":0,"gold_gain":0,"player_choice":"Copied","damage_taken":0,"max_hp_gain":0,"max_hp_loss":0,"event_name":"Duplicator","floor":22,"gold_loss":0,"cards_obtained":["Self Repair"]},{"damage_healed":20,"gold_gain":0,"player_choice":"Writhe","damage_taken":0,"max_hp_gain":0,"max_hp_loss":0,"event_name":"Winding Halls","floor":38,"gold_loss":0,"cards_obtained":["Writhe"]}],"is_beta":false,"boss_relics":[{"not_picked":["Empty Cage","Pandora\u0027s Box"],"picked":"Astrolabe"},{"not_picked":["Runic Dome","Runic Pyramid"],"picked":"Tiny House"}],"items_purged_floors":[],"is_endless":false,"potions_floor_spawned":[1,4,11,16,18,23,24,30,31,36,39],"killed_by":"Nemesis","ascension_level":4}