{"gold_per_floor":[111,286,301,316,336,336,336,336,361,137,137,137,57,57,57,153,153,153,153,153,153,153,153,153,153,153,153,153,153,153,153,153,153,153,153,153,153,153,153,153,153,153,153,153,33,33,33,33,33,33,33,33,10,10,10],"floor_reached":55,"playtime":3052,"items_purged":["Strike_G","Bite"],"score":731,"play_id":"867fbf54-fd8c-48ea-817c-b49811614ead","local_time":"20181223015707","is_ascension_mode":false,"campfire_choices":[{"data":"Finisher","floor":6,"key":"SMITH"},{"data":"Deflect","floor":8,"key":"SMITH"},{"data":"Noxious Fumes","floor":11,"key":"SMITH"},{"data":"Noxious Fumes","floor":15,"key":"SMITH"},{"data":"Night Terror","floor":23,"key":"SMITH"},{"floor":28,"key":"REST"},{"floor":32,"key":"REST"},{"data":"Wraith Form v2","floor":40,"key":"SMITH"},{"floor":46,"key":"REST"},{"floor":49,"key":"RECALL"},{"data":"Calculated Gamble","floor":52,"key":"SMITH"}],"neow_cost":"NONE","seed_source_timestamp":15385327478547,"circlet_count":0,"master_deck":["Defend_G","Defend_G","Defend_G","Defend_G","Defend_G","Survivor","Neutralize+1","Quick Slash","Dagger Throw","Deflect+1","Finisher+1","Noxious Fumes+1","Calculated Gamble+1","Noxious Fumes+1","Night Terror+1","Crippling Poison","Deadly Poison+1","PiercingWail","Blur","Blur","Bite","Bite","Bite","Bite","Wraith Form v2+1","Caltrops+1","Dark Shackles","Backflip+1","Catalyst+1","After Image","PiercingWail"],"relics":["Ring of the Serpent","Anchor","Ectoplasm","Juzu Bracelet","Smiling Mask","GremlinMask","Potion Belt","Omamori","Bottled Lightning","Snake Skull"],"potions_floor_usage":[16,42,42,44,50,50,55,55],"damage_taken":[{"damage":0,"enemies":"Jaw Worm","floor":1,"turns":4},{"damage":0,"enemies":"Small Slimes","floor":3,"turns":3},{"damage":0,"enemies":"Cultist","floor":4,"turns":3},{"damage":9,"enemies":"Large Slime","floor":5,"turns":7},{"damage":16,"enemies":"Slime Boss","floor":16,"turns":8},{"damage":0,"enemies":"Shell Parasite","floor":18,"turns":5},{"damage":3,"enemies":"Chosen","floor":19,"turns":5},{"damage":35,"enemies":"Slavers","floor":24,"turns":7},{"damage":0,"enemies":"Centurion and Healer","floor":25,"turns":7},{"damage":20,"enemies":"Sentry and Sphere","floor":30,"turns":7},{"damage":38,"enemies":"Automaton","floor":33,"turns":10},{"damage":7,"enemies":"3 Darklings","floor":35,"turns":5},{"damage":10,"enemies":"Orb Walker","floor":38,"turns":5},{"damage":20,"enemies":"Transient","floor":42,"turns":5},{"damage":18,"enemies":"Spire Growth","floor":44,"turns":5},{"damage":21,"enemies":"Reptomancer","floor":47,"turns":9},{"damage":4,"enemies":"4 Shapes","floor":48,"turns":6},{"damage":15,"enemies":"Donu and Deca","floor":50,"turns":9},{"damage":38,"enemies":"Shield and Spear","floor":54,"turns":9},{"damage":48,"enemies":"The Heart","floor":55,"turns":3}],"seed_played":"3838492598778802999","potions_obtained":[{"floor":3,"key":"GamblersBrew"},{"floor":18,"key":"Weak Potion"},{"floor":24,"key":"LiquidBronze"},{"floor":30,"key":"Explosive Potion"},{"floor":35,"key":"Strength Potion"},{"floor":38,"key":"SneckoOil"},{"floor":42,"key":"Energy Potion"},{"floor":54,"key":"Fire Potion"}],"is_trial":false,"path_per_floor":["M","?","M","M","M","R","?","R","T","$","R","?","$","?","R","B",null,"M","M","?","?","?","R","E","M","T","?","R","?","M","T","R","B",null,"M","?","?","M","$","R","?","M","T","M","$","R","E","M","R","B",null,"R","$","E","B"],"character_chosen":"THE_SILENT","items_purchased":["Noxious Fumes","Calculated Gamble","Noxious Fumes","After Image","PiercingWail"],"campfire_rested":3,"item_purchase_floors":[10,10,13,45,53],"current_hp_per_floor":[70,70,70,70,61,61,66,66,66,66,66,48,48,48,48,32,75,75,72,56,56,42,42,7,7,7,7,31,31,23,23,39,11,56,53,53,53,45,45,45,45,29,29,17,17,32,21,25,25,18,53,53,53,23,0],"gold":10,"neow_bonus":"UPGRADE_CARD","is_prod":false,"is_daily":false,"chose_seed":false,"campfire_upgraded":7,"win_rate":0,"timestamp":1545541027,"path_taken":["M","?","M","M","M","R","?","R","T","$","R","?","$","?","R","BOSS","M","M","?","?","?","R","E","M","T","?","R","?","M","?","R","BOSS","M","?","?","M","?","R","?","M","T","M","$","R","E","M","R","BOSS","R","$","E","BOSS"],"build_version":"2018-12-20","purchased_purges":2,"victory":false,"max_hp_per_floor":[70,70,70,70,70,70,75,75,75,75,75,75,75,75,75,75,75,75,75,75,75,80,80,80,80,80,80,80,56,56,56,56,56,56,56,56,56,56,56,56,53,53,53,53,53,53,53,53,53,53,53,53,53,53,53],"card_choices":[{"not_picked":["Acrobatics","Eviscerate"],"picked":"Quick Slash","floor":1},{"not_picked":["Tactician","Acrobatics"],"picked":"Dagger Throw","floor":3},{"not_picked":["Dodge and Roll","PiercingWail"],"picked":"Deflect","floor":4},{"not_picked":["Outmaneuver","Quick Slash"],"picked":"Finisher","floor":5},{"not_picked":["A Thousand Cuts","Tools of the Trade"],"picked":"Night Terror","floor":16},{"not_picked":["Bane+1","Sucker Punch"],"picked":"Crippling Poison","floor":18},{"not_picked":["Quick Slash","Flying Knee+1"],"picked":"Deadly Poison+1","floor":19},{"not_picked":["Night Terror","Masterful Stab"],"picked":"Blur","floor":24},{"not_picked":["Dagger Throw","Bane"],"picked":"Blur","floor":25},{"not_picked":["Crippling Poison","Setup","Quick Slash"],"picked":"SKIP","floor":30},{"not_picked":["Unload","Grand Finale"],"picked":"Wraith Form v2","floor":33},{"not_picked":["Blade Dance","Cloak And Dagger"],"picked":"Caltrops+1","floor":35},{"not_picked":["The Bomb","HandOfGreed"],"picked":"Dark Shackles","floor":36},{"not_picked":["Poisoned Stab","PiercingWail"],"picked":"Backflip+1","floor":38},{"not_picked":["Cloak And Dagger","Terror"],"picked":"Catalyst+1","floor":42},{"not_picked":["Escape Plan","Predator","Flying Knee"],"picked":"SKIP","floor":44},{"not_picked":["Quick Slash","A Thousand Cuts","Outmaneuver"],"picked":"SKIP","floor":47},{"not_picked":["Quick Slash","A Thousand Cuts","Outmaneuver"],"picked":"SKIP","floor":47},{"not_picked":["Tactician","Slice","Prepared"],"picked":"SKIP","floor":48},{"not_picked":["Predator","Terror","All Out Attack"],"picked":"SKIP","floor":54}],"player_experience":612283,"relics_obtained":[{"floor":24,"key":"Juzu Bracelet"},{"floor":26,"key":"Smiling Mask"},{"floor":31,"key":"Potion Belt"},{"floor":43,"key":"Omamori"},{"floor":47,"key":"Bottled Lightning"},{"floor":54,"key":"Snake Skull"}],"event_choices":[{"damage_healed":0,"gold_gain":175,"player_choice":"AGREE","damage_taken":0,"max_hp_gain":0,"max_hp_loss":0,"event_name":"Liars Game","floor":2,"gold_loss":0,"cards_obtained":["Doubt"]},{"damage_healed":0,"gold_gain":0,"player_choice":"Donut","damage_taken":0,"max_hp_gain":5,"max_hp_loss":0,"event_name":"Big Fish","floor":7,"gold_loss":0},{"damage_healed":0,"gold_gain":0,"player_choice":"Success","damage_taken":18,"relics_obtained":["Anchor"],"max_hp_gain":0,"max_hp_loss":0,"event_name":"Scrap Ooze","floor":12,"gold_loss":0},{"cards_removed":["Doubt"],"damage_healed":0,"gold_gain":0,"player_choice":"Purged","damage_taken":0,"max_hp_gain":0,"max_hp_loss":0,"event_name":"Purifier","floor":14,"gold_loss":0},{"damage_healed":0,"gold_gain":0,"player_choice":"Obtained Book","damage_taken":16,"max_hp_gain":0,"max_hp_loss":0,"event_name":"Cursed Tome","floor":20,"gold_loss":0},{"damage_healed":0,"gold_gain":0,"player_choice":"Read","damage_taken":0,"max_hp_gain":0,"max_hp_loss":0,"event_name":"The Library","floor":21,"gold_loss":0,"cards_obtained":["PiercingWail"]},{"damage_healed":0,"gold_gain":0,"player_choice":"Shed Blood","damage_taken":19,"max_hp_gain":5,"max_hp_loss":0,"event_name":"Forgotten Altar","floor":22,"gold_loss":0},{"damage_healed":0,"gold_gain":0,"player_choice":"Trade","damage_taken":0,"relics_obtained":["GremlinMask"],"max_hp_gain":0,"max_hp_loss":0,"event_name":"FaceTrader","floor":27,"gold_loss":0},{"damage_healed":0,"gold_gain":0,"player_choice":"Became a vampire","damage_taken":0,"max_hp_gain":0,"max_hp_loss":24,"event_name":"Vampires","floor":29,"gold_loss":0,"cards_obtained":["Bite","Bite","Bite","Bite","Bite"]},{"damage_healed":0,"gold_gain":0,"player_choice":"Memory 1","damage_taken":0,"max_hp_gain":0,"max_hp_loss":0,"event_name":"SensoryStone","floor":36,"gold_loss":0},{"damage_healed":0,"gold_gain":0,"player_choice":"Ignored","damage_taken":0,"max_hp_gain":0,"max_hp_loss":0,"event_name":"Mysterious Sphere","floor":37,"gold_loss":0},{"damage_healed":0,"gold_gain":0,"player_choice":"Max HP","damage_taken":0,"max_hp_gain":0,"max_hp_loss":3,"event_name":"Winding Halls","floor":41,"gold_loss":0}],"is_beta":false,"boss_relics":[{"not_picked":["WristBlade","Velvet Choker"],"picked":"Ectoplasm"},{"not_picked":["Black Star","Orrery"],"picked":"Ring of the Serpent"}],"items_purged_floors":[10,45],"is_endless":false,"potions_floor_spawned":[3,18,24,30,35,38,42,54],"killed_by":"The Heart","ascension_level":0}