{"gold_per_floor":[110,124,124,138,149,149,204,204,228,228,238,265,284,359,359,463,463,475,490,242,293,325,337,361,401,461,322,322,335,354,384,384,384],"floor_reached":33,"playtime":2506,"items_purged":[],"score":478,"play_id":"4ce825d1-2453-47b7-a682-5e06d83f9565","local_time":"20190325180357","is_ascension_mode":true,"campfire_choices":[{"data":"Neutralize","floor":6,"key":"SMITH"},{"floor":8,"key":"REST"},{"data":"Malaise","floor":10,"key":"SMITH"},{"data":"Predator","floor":15,"key":"SMITH"},{"floor":23,"key":"REST"},{"floor":28,"key":"REST"},{"floor":32,"key":"REST"}],"neow_cost":"NONE","seed_source_timestamp":1038506909947443,"circlet_count":0,"master_deck":["AscendersBane","Defend_G","Defend_G","Defend_G","Defend_G","Defend_G","Strike_G","Strike_G","Strike_G","Strike_G","Strike_G","Survivor","Neutralize+1","Backstab","Masterful Stab","Malaise+1","All Out Attack","Dagger Throw","Dash","Predator+1","Burst","Corpse Explosion","Sucker Punch+1","Acrobatics","Terror+1","Deflect+1","Blade Dance+1","Concentrate+1","Deadly Poison+1","Leg Sweep+1"],"relics":["Ring of the Snake","Tiny Chest","Pen Nib","Juzu Bracelet","Velvet Choker","Toxic Egg 2","MawBank","Bird Faced Urn","Ancient Tea Set","Oddly Smooth Stone","Singing Bowl"],"potions_floor_usage":[16,31,31],"damage_taken":[{"damage":2,"enemies":"Small Slimes","floor":1,"turns":5},{"damage":0,"enemies":"2 Louse","floor":2,"turns":2},{"damage":0,"enemies":"Cultist","floor":4,"turns":3},{"damage":0,"enemies":"2 Fungi Beasts","floor":5,"turns":4},{"damage":23,"enemies":"Gremlin Nob","floor":7,"turns":6},{"damage":0,"enemies":"Looter","floor":11,"turns":3},{"damage":17,"enemies":"Lagavulin","floor":12,"turns":8},{"damage":0,"enemies":"Exordium Wildlife","floor":13,"turns":2},{"damage":9,"enemies":"The Guardian","floor":16,"turns":10},{"damage":1,"enemies":"Chosen","floor":18,"turns":4},{"damage":8,"enemies":"Spheric Guardian","floor":19,"turns":6},{"damage":24,"enemies":"Snake Plant","floor":22,"turns":5},{"damage":0,"enemies":"Cultist and Chosen","floor":24,"turns":3},{"damage":21,"enemies":"Book of Stabbing","floor":25,"turns":6},{"damage":3,"enemies":"Chosen and Byrds","floor":29,"turns":3},{"damage":13,"enemies":"Snake Plant","floor":30,"turns":6},{"damage":10,"enemies":"Slavers","floor":31,"turns":2},{"damage":62,"enemies":"Champ","floor":33,"turns":11}],"seed_played":"-6524401922819061788","potions_obtained":[{"floor":4,"key":"SkillPotion"},{"floor":5,"key":"SpeedPotion"},{"floor":11,"key":"Strength Potion"},{"floor":16,"key":"Regen Potion"},{"floor":18,"key":"Energy Potion"},{"floor":31,"key":"GamblersBrew"}],"is_trial":false,"path_per_floor":["M","M","?","M","M","R","E","R","T","R","M","E","M","?","R","B",null,"M","M","$","T","M","R","M","E","T","$","R","M","M","E","R","B"],"character_chosen":"THE_SILENT","items_purchased":["Toxic Egg 2","Oddly Smooth Stone"],"campfire_rested":4,"item_purchase_floors":[20,27],"current_hp_per_floor":[68,68,68,68,68,68,45,68,68,68,68,51,51,44,44,35,67,66,58,58,58,34,57,57,36,36,36,59,56,43,38,61,0],"gold":384,"neow_bonus":"TEN_PERCENT_HP_BONUS","is_prod":false,"is_daily":false,"chose_seed":false,"campfire_upgraded":3,"win_rate":0,"timestamp":1553551437,"path_taken":["M","M","?","M","M","R","E","R","T","R","M","E","M","?","R","BOSS","M","M","$","?","M","R","M","E","T","$","R","M","M","E","R","BOSS"],"build_version":"2019-01-23","purchased_purges":0,"victory":false,"max_hp_per_floor":[77,77,77,77,77,77,77,77,77,77,77,77,77,77,77,77,77,77,77,77,77,77,77,77,77,77,77,77,77,77,77,77,77],"card_choices":[{"not_picked":["Poisoned Stab","Bane"],"picked":"Backstab","floor":1},{"not_picked":["Bane","Underhanded Strike"],"picked":"Masterful Stab","floor":2},{"not_picked":["Prepared","Noxious Fumes"],"picked":"Malaise","floor":4},{"not_picked":["Slice","Reflex"],"picked":"All Out Attack","floor":5},{"not_picked":["Dodge and Roll","Outmaneuver"],"picked":"Dagger Throw","floor":7},{"not_picked":["Flying Knee","Quick Slash"],"picked":"Dash","floor":11},{"not_picked":["Cloak And Dagger","Blade Dance"],"picked":"Predator","floor":12},{"not_picked":["Slice","Terror"],"picked":"Burst","floor":13},{"not_picked":["A Thousand Cuts","Grand Finale"],"picked":"Corpse Explosion","floor":16},{"not_picked":["Dodge and Roll","Blade Dance+1"],"picked":"Sucker Punch+1","floor":18},{"not_picked":["Dodge and Roll","Flechettes"],"picked":"Acrobatics","floor":19},{"not_picked":["Poisoned Stab","Finisher"],"picked":"Terror+1","floor":22},{"not_picked":["Dagger Throw","Distraction+1"],"picked":"Deflect+1","floor":24},{"not_picked":["Choke","Prepared+1"],"picked":"Blade Dance+1","floor":25},{"not_picked":["Flying Knee+1","Slice+1"],"picked":"Concentrate+1","floor":29},{"not_picked":["Prepared+1","Sucker Punch"],"picked":"Deadly Poison+1","floor":30},{"not_picked":["All Out Attack","Well Laid Plans"],"picked":"Leg Sweep+1","floor":31}],"player_experience":376512,"relics_obtained":[{"floor":7,"key":"Tiny Chest"},{"floor":9,"key":"Pen Nib"},{"floor":12,"key":"Juzu Bracelet"},{"floor":21,"key":"MawBank"},{"floor":25,"key":"Bird Faced Urn"},{"floor":26,"key":"Ancient Tea Set"},{"floor":31,"key":"Singing Bowl"}],"event_choices":[{"damage_healed":0,"gold_gain":0,"player_choice":"Leave","damage_taken":0,"max_hp_gain":0,"max_hp_loss":0,"event_name":"The Cleric","floor":3,"gold_loss":0},{"damage_healed":0,"gold_gain":75,"player_choice":"Touch","damage_taken":7,"max_hp_gain":0,"max_hp_loss":0,"event_name":"FaceTrader","floor":14,"gold_loss":0}],"is_beta":false,"boss_relics":[{"not_picked":["Ectoplasm","Tiny House"],"picked":"Velvet Choker"}],"items_purged_floors":[],"is_endless":false,"potions_floor_spawned":[4,5,11,16,18,19,24,31],"killed_by":"Champ","ascension_level":12}