{"gold_per_floor":[115,115,14,29,42,42,42,42,42,42,42,42,63,79,79,168,168,184,208,229,229,229,229,248,248,272,287,301,37,87,103,103,103],"floor_reached":33,"playtime":1324,"items_purged":["Writhe","Strike_R+1"],"score":430,"play_id":"8767cbf4-64e8-478e-9214-112bb7b0833f","local_time":"20181216201153","is_ascension_mode":true,"campfire_choices":[{"data":"Whirlwind","floor":6,"key":"SMITH"},{"data":"Bash","floor":8,"key":"SMITH"},{"data":"Disarm","floor":10,"key":"SMITH"},{"data":"Wild Strike","floor":12,"key":"SMITH"},{"floor":15,"key":"REST"},{"data":"Immolate","floor":23,"key":"SMITH"},{"floor":25,"key":"REST"},{"data":"Limit Break","floor":32,"key":"SMITH"}],"neow_cost":"CURSE","seed_source_timestamp":16260102102950,"circlet_count":0,"master_deck":["AscendersBane","Strike_R+1","Strike_R+1","Strike_R+1","Strike_R+1","Defend_R+1","Defend_R+1","Defend_R+1","Defend_R+1","Bash+1","Disarm+1","Wild Strike+1","Shrug It Off","Whirlwind+1","Limit Break+1","Anger","Immolate+1","Iron Wave","Iron Wave+1","Headbutt","Battle Trance","Intimidate"],"relics":["Burning Blood","Unceasing Top","Golden Idol","Bronze Scales","Blue Candle","Philosopher\u0027s Stone","Mummified Hand","Vajra","Lantern"],"potions_floor_usage":[16,16,33],"damage_taken":[{"damage":7,"enemies":"Jaw Worm","floor":1,"turns":3},{"damage":4,"enemies":"2 Louse","floor":4,"turns":3},{"damage":0,"enemies":"Small Slimes","floor":5,"turns":2},{"damage":15,"enemies":"Exordium Wildlife","floor":13,"turns":4},{"damage":12,"enemies":"Large Slime","floor":14,"turns":5},{"damage":22,"enemies":"Slime Boss","floor":16,"turns":7},{"damage":9,"enemies":"Chosen","floor":18,"turns":4},{"damage":24,"enemies":"2 Thieves","floor":19,"turns":4},{"damage":5,"enemies":"Chosen and Byrds","floor":20,"turns":4},{"damage":12,"enemies":"3 Cultists","floor":24,"turns":4},{"damage":0,"enemies":"Centurion and Healer","floor":27,"turns":5},{"damage":12,"enemies":"Snecko","floor":28,"turns":3},{"damage":14,"enemies":"3 Cultists","floor":31,"turns":3},{"damage":73,"enemies":"Collector","floor":33,"turns":7}],"seed_played":"8452141663165969415","potions_obtained":[{"floor":13,"key":"Fire Potion"},{"floor":14,"key":"Energy Potion"},{"floor":20,"key":"Swift Potion"},{"floor":24,"key":"BloodPotion"},{"floor":27,"key":"PowerPotion"}],"is_trial":false,"path_per_floor":["M","?","$","M","M","R","?","R","T","R","?","R","M","M","R","B",null,"M","M","M","?","T","R","M","R","T","M","M","$","?","M","R","B"],"character_chosen":"IRONCLAD","items_purchased":["Wild Strike","Lantern"],"campfire_rested":2,"item_purchase_floors":[3,29],"current_hp_per_floor":[67,41,41,43,49,49,44,44,44,44,44,44,35,29,51,35,65,62,44,45,45,45,45,39,61,61,67,61,61,61,53,53,0],"gold":103,"neow_bonus":"ONE_RARE_RELIC","is_prod":false,"is_daily":false,"chose_seed":false,"campfire_upgraded":6,"win_rate":0,"timestamp":1545001913,"path_taken":["M","?","$","M","M","R","?","R","T","R","?","R","M","?","R","BOSS","M","M","M","?","?","R","M","R","T","?","M","$","?","M","R","BOSS"],"build_version":"2018-12-13","purchased_purges":2,"victory":false,"max_hp_per_floor":[75,75,75,75,75,75,75,75,75,75,75,75,75,75,75,75,75,75,75,75,75,75,75,75,75,75,75,75,75,75,75,75,75],"card_choices":[{"not_picked":["Power Through","True Grit"],"picked":"Disarm","floor":1},{"not_picked":["Cleave","Havoc"],"picked":"Shrug It Off","floor":4},{"not_picked":["Twin Strike","Power Through"],"picked":"Whirlwind","floor":5},{"not_picked":["Iron Wave","Flex"],"picked":"Limit Break","floor":13},{"not_picked":["Perfected Strike","Thunderclap"],"picked":"Anger","floor":14},{"not_picked":["Berserk","Juggernaut"],"picked":"Immolate","floor":16},{"not_picked":["Twin Strike","Armaments"],"picked":"Iron Wave","floor":18},{"not_picked":["Entrench","Seeing Red"],"picked":"Iron Wave+1","floor":19},{"not_picked":["Heavy Blade","Fire Breathing"],"picked":"Headbutt","floor":20},{"not_picked":["Cleave","Dark Embrace","Sever Soul"],"picked":"SKIP","floor":24},{"not_picked":["Armaments+1","Clash"],"picked":"Battle Trance","floor":27},{"not_picked":["Disarm","Pommel Strike"],"picked":"Intimidate","floor":28},{"not_picked":["Corruption","Armaments","Clash"],"picked":"SKIP","floor":31}],"player_experience":557033,"relics_obtained":[{"floor":9,"key":"Blue Candle"},{"floor":22,"key":"Mummified Hand"},{"floor":26,"key":"Vajra"}],"event_choices":[{"damage_healed":0,"gold_gain":0,"player_choice":"Take Damage","damage_taken":26,"relics_obtained":["Golden Idol"],"max_hp_gain":0,"max_hp_loss":0,"event_name":"Golden Idol","floor":2,"gold_loss":0},{"damage_healed":0,"gold_gain":0,"player_choice":"Success","damage_taken":5,"relics_obtained":["Bronze Scales"],"max_hp_gain":0,"max_hp_loss":0,"event_name":"Scrap Ooze","floor":7,"gold_loss":0},{"damage_healed":0,"gold_gain":0,"player_choice":"Ignored","damage_taken":0,"max_hp_gain":0,"max_hp_loss":0,"event_name":"Liars Game","floor":11,"gold_loss":0},{"damage_healed":0,"gold_gain":0,"player_choice":"Simplicity","damage_taken":0,"max_hp_gain":0,"max_hp_loss":0,"event_name":"Back to Basics","floor":21,"gold_loss":0,"cards_upgraded":["Strike_R","Strike_R","Strike_R","Strike_R","Strike_R","Defend_R","Defend_R","Defend_R","Defend_R"]},{"damage_healed":0,"gold_gain":50,"player_choice":"Stole From Cult","damage_taken":0,"max_hp_gain":0,"max_hp_loss":0,"event_name":"Nest","floor":30,"gold_loss":0}],"is_beta":false,"boss_relics":[{"not_picked":["White Beast Statue","Coffee Dripper"],"picked":"Philosopher\u0027s Stone"}],"items_purged_floors":[3,29],"is_endless":false,"potions_floor_spawned":[13,14,20,24,27,31],"killed_by":"Collector","ascension_level":16}