{"gold_per_floor":[20,95,95,115,290,307,325,325,406,420,420,28,28,43,43,174,174,194,208,85,105,20,20],"floor_reached":23,"playtime":994,"items_purged":["Doubt"],"score":201,"play_id":"ccc60115-c45c-4562-83f9-4edc5fecf626","local_time":"20181015221207","is_ascension_mode":true,"campfire_choices":[{"data":"Entrench","floor":11,"key":"SMITH"},{"data":"Armaments","floor":13,"key":"SMITH"},{"data":"Second Wind","floor":15,"key":"SMITH"}],"neow_cost":"NO_GOLD","seed_source_timestamp":24391634021084,"circlet_count":0,"master_deck":["Strike_R","Strike_R","Strike_R","Strike_R","Strike_R","Defend_R","Defend_R","Defend_R","Defend_R","Bash","Combust+1","Entrench+1","True Grit","Armaments+1","Second Wind+1","True Grit","Reaper+1","Pommel Strike+1","Havoc","Shrug It Off","Shockwave","Armaments"],"relics":["Burning Blood","Dead Branch","Golden Idol","Pear","Molten Egg 2","Runic Dome","Lantern"],"potions_floor_usage":[14,16,19,21],"damage_taken":[{"damage":0,"enemies":"Small Slimes","floor":1,"turns":3},{"damage":4,"enemies":"2 Louse","floor":4,"turns":3},{"damage":9,"enemies":"Jaw Worm","floor":6,"turns":4},{"damage":7,"enemies":"2 Fungi Beasts","floor":7,"turns":3},{"damage":12,"enemies":"Red Slaver","floor":10,"turns":4},{"damage":7,"enemies":"Exordium Thugs","floor":14,"turns":3},{"damage":15,"enemies":"Slime Boss","floor":16,"turns":9},{"damage":34,"enemies":"Spheric Guardian","floor":18,"turns":6},{"damage":38,"enemies":"3 Byrds","floor":19,"turns":4},{"damage":27,"enemies":"Shelled Parasite and Fungi","floor":21,"turns":5},{"damage":31,"enemies":"Gremlin Leader","floor":23,"turns":7}],"seed_played":"-5393864733419228487","potions_obtained":[{"floor":1,"key":"Fire Potion"},{"floor":4,"key":"Explosive Potion"},{"floor":7,"key":"Block Potion"},{"floor":14,"key":"Fire Potion"},{"floor":19,"key":"SkillPotion"},{"floor":21,"key":"BloodPotion"}],"is_trial":false,"path_per_floor":["M","?","?","M","?","M","M","?","T","M","R","$","R","M","R","B",null,"M","M","$","M","?"],"character_chosen":"IRONCLAD","items_purchased":["Second Wind","Molten Egg 2","Shrug It Off","Shockwave"],"campfire_rested":0,"item_purchase_floors":[12,12,20,20],"current_hp_per_floor":[80,69,69,71,71,68,67,67,77,71,71,71,71,70,70,61,84,56,30,30,9,9,0],"gold":20,"neow_bonus":"ONE_RARE_RELIC","is_prod":false,"is_daily":false,"chose_seed":false,"campfire_upgraded":3,"win_rate":0,"timestamp":1539652327,"path_taken":["M","?","?","M","?","M","M","?","T","M","R","$","R","M","R","BOSS","M","M","$","M","?","E"],"build_version":"2018-10-11","purchased_purges":1,"victory":false,"max_hp_per_floor":[80,80,80,80,80,80,80,74,84,84,84,84,84,84,84,84,84,84,84,84,84,84,84],"card_choices":[{"not_picked":["Dual Wield","Heavy Blade"],"picked":"Combust","floor":1},{"not_picked":["Power Through","Cleave"],"picked":"Entrench","floor":4},{"not_picked":["Burning Pact","Sword Boomerang"],"picked":"True Grit","floor":6},{"not_picked":["Sword Boomerang","Entrench"],"picked":"Armaments","floor":7},{"not_picked":["Combust","Twin Strike","Intimidate"],"picked":"SKIP","floor":10},{"not_picked":["Intimidate","Battle Trance"],"picked":"True Grit","floor":14},{"not_picked":["Berserk","Immolate+1"],"picked":"Reaper+1","floor":16},{"not_picked":["Clash+1","Sword Boomerang+1"],"picked":"Pommel Strike+1","floor":18},{"not_picked":["Perfected Strike+1","Thunderclap+1"],"picked":"Havoc","floor":19},{"not_picked":["Headbutt+1","Dual Wield"],"picked":"Armaments","floor":21}],"player_experience":157549,"relics_obtained":[{"floor":9,"key":"Pear"}],"event_choices":[{"event_name":"World of Goop","player_choice":"Gather Gold","floor":2,"damage_taken":0},{"event_name":"Living Wall","player_choice":"Grow","floor":3,"damage_taken":0},{"event_name":"Liars Game","player_choice":"agreed","floor":5,"damage_taken":0},{"event_name":"Golden Idol","player_choice":"Lose Max HP","floor":8,"damage_taken":0},{"event_name":"Addict","player_choice":"Obtained Relic","floor":22,"damage_taken":0}],"is_beta":false,"boss_relics":[{"not_picked":["Orrery","Ectoplasm"],"picked":"Runic Dome"}],"items_purged_floors":[12],"is_endless":false,"potions_floor_spawned":[1,4,7,14,19,21],"killed_by":"Gremlin Leader","ascension_level":2}