{"gold_per_floor":[114,114,189,189,189,189,189,208,233,271,271,309,347,366,366,491,491,510,510,510,13,0,38,76,76],"floor_reached":25,"playtime":749,"items_purged":[],"score":353,"play_id":"db671c3b-3f0c-4b34-9d11-0a7f569183bb","local_time":"20190104182551","daily_mods":["Shiny","Flight","Terminal"],"is_ascension_mode":false,"campfire_choices":[{"data":"Armaments","floor":15,"key":"SMITH"}],"neow_cost":"","seed_source_timestamp":0,"circlet_count":0,"master_deck":["Double Tap","Demon Form","Bludgeon","Feed","Limit Break","Barricade","Fiend Fire+1","Dark Embrace","Berserk","Impervious","Juggernaut","Brutality","Reaper","Exhume","Offering","Immolate","Anger","Regret","Injury","Armaments+1","Flex","Cleave+1","Carnage","Havoc","Demon Form","Inflame","Writhe","Flash of Steel+1","Twin Strike+1","Infernal Blade"],"special_seed":17900,"relics":["Burning Blood","Lantern","Golden Idol","Blood Vial","Du-Vu Doll","Ice Cream","Incense Burner","Red Skull","Busted Crown","Girya","Molten Egg 2","Anchor","Whetstone","Pen Nib"],"potions_floor_usage":[24,25],"damage_taken":[{"damage":0,"enemies":"Small Slimes","floor":1,"turns":1},{"damage":5,"enemies":"2 Louse","floor":8,"turns":2},{"damage":11,"enemies":"3 Sentries","floor":10,"turns":3},{"damage":6,"enemies":"Gremlin Nob","floor":12,"turns":1},{"damage":25,"enemies":"Lagavulin","floor":13,"turns":5},{"damage":1,"enemies":"Cultist","floor":14,"turns":3},{"damage":11,"enemies":"Slime Boss","floor":16,"turns":5},{"damage":6,"enemies":"Spheric Guardian","floor":18,"turns":2},{"damage":44,"enemies":"Slavers","floor":23,"turns":3},{"damage":0,"enemies":"Book of Stabbing","floor":24,"turns":2},{"damage":36,"enemies":"Slavers","floor":25,"turns":2}],"seed_played":"8207971978240580140","potions_obtained":[{"floor":10,"key":"SkillPotion"},{"floor":16,"key":"Block Potion"},{"floor":23,"key":"AttackPotion"}],"is_trial":false,"path_per_floor":["M","?","?","?","$","?","$","M","T","E","?","E","E","M","R","B",null,"M","?","?","$","?","E","E","E"],"character_chosen":"IRONCLAD","items_purchased":["Molten Egg 2","Anchor","Flash of Steel+1"],"campfire_rested":0,"item_purchase_floors":[21,21,21],"current_hp_per_floor":[78,77,66,66,66,66,66,70,70,72,71,70,51,58,58,62,65,67,66,65,64,63,25,33,0],"gold":76,"neow_bonus":"","is_prod":false,"is_daily":true,"chose_seed":false,"campfire_upgraded":1,"win_rate":0,"timestamp":1546644351,"path_taken":["M","?","?","?","$","?","?","M","T","E","?","E","E","?","R","BOSS","M","?","?","$","?","E","E","E"],"build_version":"2019-01-03v4","purchased_purges":0,"victory":false,"max_hp_per_floor":[78,77,76,75,74,73,72,74,73,72,71,70,69,68,67,66,65,67,66,65,64,63,62,61,61],"card_choices":[{"not_picked":["Thunderclap","Second Wind"],"picked":"Anger","floor":1},{"not_picked":["Power Through","Sentinel"],"picked":"Armaments","floor":8},{"not_picked":["Seeing Red","Heavy Blade"],"picked":"Flex","floor":10},{"not_picked":["Clothesline","Intimidate"],"picked":"Cleave","floor":12},{"not_picked":["Whirlwind","Dropkick"],"picked":"Carnage","floor":13},{"not_picked":["Pommel Strike","Burning Pact"],"picked":"Havoc","floor":14},{"not_picked":["Immolate","Impervious"],"picked":"Demon Form","floor":16},{"not_picked":[],"picked":"Inflame","floor":18},{"not_picked":[],"picked":"Twin Strike+1","floor":23},{"not_picked":[],"picked":"Infernal Blade","floor":24}],"player_experience":275589,"relics_obtained":[{"floor":9,"key":"Blood Vial"},{"floor":10,"key":"Du-Vu Doll"},{"floor":12,"key":"Incense Burner"},{"floor":13,"key":"Red Skull"},{"floor":23,"key":"Whetstone"},{"floor":24,"key":"Pen Nib"}],"event_choices":[{"damage_healed":0,"gold_gain":0,"player_choice":"Leave","damage_taken":0,"max_hp_gain":0,"max_hp_loss":0,"event_name":"The Cleric","floor":2,"gold_loss":0},{"damage_healed":0,"gold_gain":75,"player_choice":"Gather Gold","damage_taken":11,"max_hp_gain":0,"max_hp_loss":0,"event_name":"World of Goop","floor":3,"gold_loss":0},{"damage_healed":0,"gold_gain":0,"player_choice":"Box","damage_taken":0,"relics_obtained":["Lantern"],"max_hp_gain":0,"max_hp_loss":0,"event_name":"Big Fish","floor":4,"gold_loss":0,"cards_obtained":["Regret"]},{"damage_healed":0,"gold_gain":0,"player_choice":"Take Wound","damage_taken":0,"relics_obtained":["Golden Idol"],"max_hp_gain":0,"max_hp_loss":0,"event_name":"Golden Idol","floor":6,"gold_loss":0,"cards_obtained":["Injury"]},{"damage_healed":0,"gold_gain":0,"player_choice":"Gave Potion","damage_taken":0,"relics_obtained":["Ice Cream"],"max_hp_gain":0,"max_hp_loss":0,"event_name":"WeMeetAgain","floor":11,"gold_loss":0},{"damage_healed":0,"gold_gain":0,"player_choice":"Ignored","damage_taken":0,"max_hp_gain":0,"max_hp_loss":0,"event_name":"Beggar","floor":19,"gold_loss":0},{"damage_healed":0,"gold_gain":0,"player_choice":"Opened","damage_taken":0,"relics_obtained":["Girya"],"max_hp_gain":0,"max_hp_loss":0,"event_name":"The Mausoleum","floor":20,"gold_loss":0,"cards_obtained":["Writhe"]},{"damage_healed":0,"gold_gain":0,"player_choice":"Paid Fearfully","damage_taken":0,"max_hp_gain":0,"max_hp_loss":0,"event_name":"Masked Bandits","floor":22,"gold_loss":13}],"is_beta":false,"boss_relics":[{"not_picked":["Eternal Feather","Empty Cage"],"picked":"Busted Crown"}],"items_purged_floors":[],"is_endless":false,"potions_floor_spawned":[10,16,23],"killed_by":"Slavers","ascension_level":0}