{"gold_per_floor":[118,118,118,132,148,178,178,26,77,112,112,130,230,255,255,355,355,368,1,21,21,21,21,41,41,41,66,66,40,40,53,53,53],"floor_reached":33,"playtime":2814,"items_purged":["Strike_G"],"score":337,"play_id":"5eda3481-c11a-4283-8681-2e6e3fdfbab0","local_time":"20190616122445","is_ascension_mode":true,"campfire_choices":[{"floor":7.0,"key":"REST"},{"floor":11.0,"key":"REST"},{"floor":15.0,"key":"REST"},{"floor":28,"key":"REST"},{"data":"Deadly Poison","floor":30,"key":"SMITH"},{"floor":32,"key":"REST"}],"neow_cost":"NONE","seed_source_timestamp":0,"circlet_count":0,"master_deck":["Defend_G","Defend_G","Defend_G","Defend_G","Strike_G+1","Strike_G+1","Survivor","Neutralize+1","Dagger Throw","Well Laid Plans","Outmaneuver","Tools of the Trade","Skewer","Deadly Poison","Dagger Spray","Wraith Form v2+1","Doppelganger+1","Prepared+1","Grand Finale+1","Flying Knee","Setup+1","Shame","Deadly Poison+1","Envenom+1","Dagger Throw","Footwork+1"],"special_seed":0,"relics":["Ring of the Snake","NeowsBlessing","Lantern","Strawberry","Bag of Marbles","Vajra","Frozen Egg 2","Whetstone","Astrolabe","Torii","Omamori","Dodecahedron","WarpedTongs","Paper Crane","Art of War","Letter Opener"],"potions_floor_usage":[27,27,33],"damage_taken":[{"damage":0.0,"enemies":"Small Slimes","floor":1.0,"turns":1.0},{"damage":0.0,"enemies":"2 Louse","floor":4.0,"turns":1.0},{"damage":0.0,"enemies":"Cultist","floor":5.0,"turns":1.0},{"damage":38.0,"enemies":"Lagavulin","floor":6.0,"turns":9.0},{"damage":23.0,"enemies":"3 Sentries","floor":10.0,"turns":10.0},{"damage":3.0,"enemies":"Exordium Wildlife","floor":12.0,"turns":4.0},{"damage":18.0,"enemies":"Gremlin Nob","floor":14.0,"turns":4.0},{"damage":41.0,"enemies":"Hexaghost","floor":16.0,"turns":10.0},{"damage":14.0,"enemies":"2 Thieves","floor":18.0,"turns":5.0},{"damage":0.0,"enemies":"Spheric Guardian","floor":20.0,"turns":3.0},{"damage":21.0,"enemies":"Centurion and Healer","floor":24.0,"turns":5.0},{"damage":23,"enemies":"Slavers","floor":27,"turns":3},{"damage":24,"enemies":"Snake Plant","floor":31,"turns":3},{"damage":43,"enemies":"Collector","floor":33,"turns":9}],"seed_played":"-465595036608235118","potions_obtained":[{"floor":6.0,"key":"PowerPotion"},{"floor":10.0,"key":"GamblersBrew"},{"floor":14.0,"key":"SmokeBomb"},{"floor":24.0,"key":"Block Potion"},{"floor":31,"key":"Weak Potion"}],"is_trial":false,"path_per_floor":["M","?","?","M","M","E","R","$","T","E","R","M","?","E","R","B",null,"M","$","M","?","?","?","M","T","T","E","R","$","R","M","R","B"],"character_chosen":"THE_SILENT","items_purchased":["Bag of Marbles","Torii","Dagger Throw"],"campfire_rested":5,"item_purchase_floors":[8,19,29],"current_hp_per_floor":[70,70,63,63,63,32,55,55,55,32,55,52,52,34,57,16,77,63,63,63,63,63,63,42,42,42,19,42,42,42,18,41,0],"gold":53,"neow_bonus":"THREE_ENEMY_KILL","is_prod":false,"is_daily":false,"chose_seed":false,"campfire_upgraded":1,"win_rate":0,"timestamp":1560713085,"path_taken":["M","?","?","M","M","E","R","$","T","E","R","M","?","E","R","BOSS","M","?","M","?","?","?","?","?","T","E","R","?","R","M","R","BOSS"],"build_version":"2019-01-23","purchased_purges":1,"victory":false,"max_hp_per_floor":[70,70,70,70,70,77,77,77,77,77,77,77,77,77,77,77,77,77,77,77,77,77,77,77,77,77,77,77,77,77,77,77,77],"card_choices":[{"not_picked":["Prepared","Bane"],"picked":"Dagger Throw","floor":1.0},{"not_picked":["Bane","Sucker Punch"],"picked":"Well Laid Plans","floor":4.0},{"not_picked":["Acrobatics","Blade Dance"],"picked":"Outmaneuver","floor":5.0},{"not_picked":["Distraction","Cloak And Dagger"],"picked":"Tools of the Trade","floor":6.0},{"not_picked":["Dash","Deflect"],"picked":"Skewer","floor":10.0},{"not_picked":["Backflip","Acrobatics"],"picked":"Deadly Poison","floor":12.0},{"not_picked":["All Out Attack","Quick Slash"],"picked":"Dagger Spray","floor":14.0},{"not_picked":["After Image+1","Grand Finale"],"picked":"Wraith Form v2+1","floor":16.0},{"not_picked":["Choke","Finisher"],"picked":"Flying Knee","floor":18.0},{"not_picked":["Outmaneuver+1","Blade Dance"],"picked":"Setup+1","floor":20.0},{"not_picked":["Blade Dance+1","Backflip"],"picked":"Deadly Poison","floor":24.0},{"not_picked":["Slice","Deflect+1"],"picked":"Envenom+1","floor":27},{"not_picked":["Slice","Distraction"],"picked":"Footwork+1","floor":31}],"player_experience":260829,"relics_obtained":[{"floor":6.0,"key":"Strawberry"},{"floor":9.0,"key":"Vajra"},{"floor":10.0,"key":"Frozen Egg 2"},{"floor":14.0,"key":"Whetstone"},{"floor":25.0,"key":"Paper Crane"},{"floor":26.0,"key":"Art of War"},{"floor":27,"key":"Letter Opener"}],"event_choices":[{"damage_healed":0.0,"max_hp_gain":0.0,"max_hp_loss":0.0,"gold_gain":0.0,"event_name":"Living Wall","player_choice":"Grow","floor":2.0,"gold_loss":0.0,"damage_taken":0.0,"cards_upgraded":["Neutralize"]},{"damage_healed":0.0,"max_hp_gain":0.0,"max_hp_loss":0.0,"gold_gain":0.0,"event_name":"Scrap Ooze","player_choice":"Success","floor":3.0,"gold_loss":0.0,"damage_taken":7.0,"relics_obtained":["Lantern"]},{"damage_healed":0.0,"max_hp_gain":0.0,"max_hp_loss":0.0,"gold_gain":100.0,"event_name":"Golden Shrine","player_choice":"Pray","floor":13.0,"gold_loss":0.0,"damage_taken":0.0},{"damage_healed":0.0,"max_hp_gain":0.0,"max_hp_loss":0.0,"gold_gain":0.0,"event_name":"Addict","player_choice":"Stole Relic","floor":21.0,"gold_loss":0.0,"damage_taken":0.0,"relics_obtained":["Omamori"],"cards_obtained":["Shame"]},{"damage_healed":0.0,"max_hp_gain":0.0,"max_hp_loss":0.0,"gold_gain":0.0,"event_name":"The Mausoleum","player_choice":"Opened","floor":22.0,"gold_loss":0.0,"damage_taken":0.0,"relics_obtained":["Dodecahedron"]},{"damage_healed":0.0,"max_hp_gain":0.0,"max_hp_loss":0.0,"gold_gain":0.0,"event_name":"Accursed Blacksmith","player_choice":"Rummage","floor":23.0,"gold_loss":0.0,"damage_taken":0.0,"relics_obtained":["WarpedTongs"],"cards_obtained":["Pain"]}],"is_beta":false,"boss_relics":[{"not_picked":["Sozu","White Beast Statue"],"picked":"Astrolabe"}],"items_purged_floors":[19],"is_endless":false,"potions_floor_spawned":[6,10,14,24,31],"killed_by":"Collector","ascension_level":4}