{"gold_per_floor":[116,116,132,97,111,145,145,161,184,68,81,81,99,24,24,24],"floor_reached":16,"playtime":650,"items_purged":[],"score":122,"play_id":"fe5ed972-a6e3-491f-a1c2-4ab386ad7683","local_time":"20181031025109","is_ascension_mode":true,"campfire_choices":[{"data":"Terror","floor":7,"key":"SMITH"},{"floor":15,"key":"REST"}],"neow_cost":"TEN_PERCENT_HP_LOSS","seed_source_timestamp":7452632075173,"circlet_count":0,"master_deck":["Defend_G","Defend_G","Defend_G","Strike_G","Strike_G","Strike_G","Strike_G","Survivor","Neutralize","Bane","Outmaneuver","Terror+1","Blade Dance","Blade Dance","Infinite Blades","Deflect","Dagger Spray","Dodge and Roll","Well Laid Plans"],"relics":["Ring of the Snake","Bag of Marbles","MawBank","Golden Idol"],"potions_floor_usage":[6,8,8,16],"damage_taken":[{"damage":0,"enemies":"2 Louse","floor":1,"turns":2},{"damage":1,"enemies":"Jaw Worm","floor":3,"turns":4},{"damage":4,"enemies":"Small Slimes","floor":5,"turns":3},{"damage":17,"enemies":"3 Sentries","floor":6,"turns":7},{"damage":11,"enemies":"Exordium Thugs","floor":8,"turns":3},{"damage":6,"enemies":"2 Fungi Beasts","floor":11,"turns":3},{"damage":0,"enemies":"Looter","floor":13,"turns":2},{"damage":44,"enemies":"Hexaghost","floor":16,"turns":9}],"seed_played":"-7500297503621587895","potions_obtained":[{"floor":1,"key":"EssenceOfSteel"},{"floor":5,"key":"PowerPotion"},{"floor":6,"key":"Explosive Potion"},{"floor":13,"key":"Fire Potion"}],"is_trial":false,"path_per_floor":["M","?","M","?","M","E","R","M","T","$","M","?","M","$","R"],"character_chosen":"THE_SILENT","items_purchased":["Infinite Blades","Deflect","Well Laid Plans"],"campfire_rested":1,"item_purchase_floors":[10,10,14],"current_hp_per_floor":[63,56,55,63,59,42,42,31,31,31,25,25,25,25,42,0],"gold":24,"neow_bonus":"REMOVE_TWO","is_prod":false,"is_daily":false,"chose_seed":false,"campfire_upgraded":1,"win_rate":0,"timestamp":1540965069,"path_taken":["M","?","M","?","M","E","R","M","T","$","?","?","M","$","R","BOSS"],"build_version":"2018-10-25v2","purchased_purges":0,"victory":false,"max_hp_per_floor":[63,63,63,63,63,63,63,63,63,63,63,58,58,58,58,58],"card_choices":[{"not_picked":["Heel Hook","Masterful Stab"],"picked":"Bane","floor":1},{"not_picked":["PiercingWail","Concentrate"],"picked":"Outmaneuver","floor":3},{"not_picked":["Well Laid Plans","Phantasmal Killer"],"picked":"Terror","floor":5},{"not_picked":["Well Laid Plans","Outmaneuver"],"picked":"Blade Dance","floor":6},{"not_picked":["Flying Knee","Bouncing Flask"],"picked":"Blade Dance","floor":8},{"not_picked":["Bane","Riddle With Holes"],"picked":"Dagger Spray","floor":11},{"not_picked":["Outmaneuver","Predator"],"picked":"Dodge and Roll","floor":13}],"player_experience":199273,"relics_obtained":[{"floor":6,"key":"Bag of Marbles"},{"floor":9,"key":"MawBank"}],"event_choices":[{"cards_removed":["Defend_G"],"damage_healed":0,"gold_gain":0,"player_choice":"Card Removal","damage_taken":7,"max_hp_gain":0,"max_hp_loss":0,"event_name":"Golden Wing","floor":2,"gold_loss":0},{"damage_healed":15,"gold_gain":0,"player_choice":"Healed","damage_taken":0,"max_hp_gain":0,"max_hp_loss":0,"event_name":"The Cleric","floor":4,"gold_loss":35},{"damage_healed":0,"gold_gain":0,"player_choice":"Lose Max HP","damage_taken":0,"relics_obtained":["Golden Idol"],"max_hp_gain":0,"max_hp_loss":5,"event_name":"Golden Idol","floor":12,"gold_loss":0}],"is_beta":false,"boss_relics":[],"items_purged_floors":[],"is_endless":false,"potions_floor_spawned":[1,5,6,13],"killed_by":"Hexaghost","ascension_level":4}