{"gold_per_floor":[115,126,126,139,155,173,173,208,231,243,243,357,357,357,357,455,455,468,497,146,146,146,172,291,291],"floor_reached":25,"playtime":1300,"items_purged":[],"score":323,"play_id":"533445ed-0d6e-481f-8ce1-e038d9a57693","local_time":"20190130000129","is_ascension_mode":false,"campfire_choices":[],"neow_cost":"","seed_source_timestamp":2115467740193392,"circlet_count":0,"master_deck":["Strike_B","Strike_B","Strike_B","Defend_B","Defend_B","Defend_B","Zap","Dualcast","Streamline+1","strawberrySpire:Disconnect","Turbo","BootSequence","strawberrySpire:Adapter","Auto Shields","ReplayTheSpireMod:Omega Cannon","Conserve Battery","Stack","Clumsy","Seek","Barrage","Darkness","Ball Lightning","strawberrySpire:Compressor+1","Defragment"],"relics":["Bronze Scales","Pondfish Scales","infinitespire:Golems Mask","Pet Ghost","infinitespire:Cubic Diamond","strawberrySpire:Fadefruit","Fusion Hammer","Red Mask","infinitespire:Magic Flask","Gremlin Food","Nloth\u0027s Gift","Replay:Wax Seal"],"potions_floor_usage":[8,18,23,23],"damage_taken":[{"damage":0,"enemies":"2 Louse","floor":1,"turns":2},{"damage":4,"enemies":"Cultist","floor":2,"turns":3},{"damage":0,"enemies":"Small Slimes","floor":4,"turns":2},{"damage":0,"enemies":"3 Louse","floor":5,"turns":2},{"damage":17,"enemies":"Large Slime","floor":6,"turns":4},{"damage":7,"enemies":"3 Sentries","floor":8,"turns":4},{"damage":0,"enemies":"Looter","floor":10,"turns":2},{"damage":0,"enemies":"Gremlin Gang","floor":12,"turns":3},{"damage":13,"enemies":"Fading Forest","floor":16,"turns":11},{"damage":5,"enemies":"Chosen","floor":18,"turns":5},{"damage":3,"enemies":"Masked Bandits","floor":19,"turns":3},{"damage":24,"enemies":"Book of Stabbing","floor":23,"turns":4},{"damage":9,"enemies":"Shell Parasite","floor":24,"turns":4},{"damage":37,"enemies":"Gremlin Leader","floor":25,"turns":5}],"seed_played":"2998042635023679634","potions_obtained":[{"floor":2,"key":"Elixir"},{"floor":5,"key":"Swift Potion"},{"floor":12,"key":"SteroidPotion"},{"floor":16,"key":"Block Potion"},{"floor":19,"key":"Milkshake"},{"floor":23,"key":"Elixir"}],"is_trial":false,"path_per_floor":["M","M","?","M","M","M","T","E","T","M","?","M","?","?","R","B",null,"M","?","$","?","?","E","M","E"],"character_chosen":"DEFECT","items_purchased":["Streamline+1","Bronze Scales","infinitespire:Magic Flask","Ball Lightning"],"campfire_rested":0,"item_purchase_floors":[0,0,20,20],"current_hp_per_floor":[75,71,71,71,71,54,54,47,47,47,40,40,40,40,40,37,75,70,70,70,70,70,46,37,0],"gold":291,"neow_bonus":"","is_prod":false,"is_daily":false,"chose_seed":false,"campfire_upgraded":0,"win_rate":0,"timestamp":1548824489,"path_taken":["M","M","?","?","M","M","?","E","T","M","?","?","?","?","R","BOSS","M","?","$","?","?","E","M","E"],"build_version":"2019-01-23","purchased_purges":0,"victory":false,"max_hp_per_floor":[75,75,75,75,75,75,75,75,75,75,75,75,75,75,75,75,75,75,75,75,75,75,75,75,75],"card_choices":[{"not_picked":["Steam","Barrage"],"picked":"strawberrySpire:Disconnect","floor":1},{"not_picked":["strawberrySpire:DataDump","Compile Driver"],"picked":"Turbo","floor":2},{"not_picked":["Sweeping Beam","Beam Cell"],"picked":"BootSequence","floor":4},{"not_picked":["Rebound","ReplaySort"],"picked":"strawberrySpire:Adapter","floor":5},{"not_picked":["strawberrySpire:THEL","Streamline"],"picked":"Auto Shields","floor":6},{"not_picked":["strawberrySpire:DataDump","Beam Cell"],"picked":"ReplayTheSpireMod:Omega Cannon","floor":8},{"not_picked":["Fusion","strawberrySpire:Disconnect"],"picked":"Conserve Battery","floor":10},{"not_picked":["Compile Driver","strawberrySpire:DataDump"],"picked":"Stack","floor":12},{"not_picked":["ReplayTheSpireMod:Omega Cannon","Reboot"],"picked":"Seek","floor":16},{"not_picked":["Time Bomb","Aggregate+1"],"picked":"Barrage","floor":18},{"not_picked":["Gash","Cold Snap"],"picked":"Darkness","floor":19},{"not_picked":["Double Energy","strawberrySpire:ReturnNull"],"picked":"strawberrySpire:Compressor+1","floor":23},{"not_picked":["Fission","BasicCrystalCard"],"picked":"Defragment","floor":24}],"player_experience":377691,"relics_obtained":[{"floor":7,"key":"Pondfish Scales"},{"floor":8,"key":"infinitespire:Golems Mask"},{"floor":9,"key":"Pet Ghost"},{"floor":15,"key":"strawberrySpire:Fadefruit"},{"floor":19,"key":"Red Mask"},{"floor":23,"key":"Replay:Wax Seal"}],"event_choices":[{"cards_removed":["Defend_B"],"damage_healed":0,"gold_gain":0,"player_choice":"Purged","damage_taken":0,"max_hp_gain":0,"max_hp_loss":0,"event_name":"Purifier","floor":3,"gold_loss":0},{"damage_healed":0,"gold_gain":0,"player_choice":"Damaged","damage_taken":7,"max_hp_gain":0,"max_hp_loss":0,"event_name":"Wheel of Change","floor":11,"gold_loss":0},{"damage_healed":0,"gold_gain":0,"player_choice":"Fought Bandits","damage_taken":0,"max_hp_gain":0,"max_hp_loss":0,"event_name":"Masked Bandits","floor":19,"gold_loss":0},{"damage_healed":0,"gold_gain":0,"player_choice":"Traded Relic","damage_taken":0,"relics_obtained":["Nloth\u0027s Gift"],"max_hp_gain":0,"max_hp_loss":0,"event_name":"N\u0027loth","floor":22,"relics_lost":["Slimebound:AbsorbEndCombat"],"gold_loss":0}],"is_beta":false,"boss_relics":[{"not_picked":["Replay:Wanted Poster","Coffee Dripper"],"picked":"Fusion Hammer"}],"items_purged_floors":[],"is_endless":false,"potions_floor_spawned":[2,5,12,16,19,23],"killed_by":"Gremlin Leader","ascension_level":0}