{"gold_per_floor":[113,113,127,197,211,211,237,237,283,315,333,333,349,378,378,378],"floor_reached":16,"playtime":581,"items_purged":[],"score":247,"play_id":"bc389e27-e2ce-4872-a415-f1fb4abdb2af","local_time":"20190531174407","is_ascension_mode":true,"campfire_choices":[{"floor":6,"key":"REST"},{"floor":8,"key":"REST"},{"floor":12,"key":"REST"},{"floor":15,"key":"REST"}],"neow_cost":"NONE","seed_source_timestamp":1433313560248485,"circlet_count":0,"master_deck":["AscendersBane","Defend_G","Defend_G","Defend_G","Defend_G","Defend_G","Strike_G","Strike_G","Strike_G","Strike_G","Strike_G","Survivor","Neutralize","PiercingWail","Masterful Stab","Poisoned Stab","PiercingWail","Crippling Poison"],"relics":["Ring of the Snake","Singing Bowl","Lantern","Boot","Strawberry","Dodecahedron"],"potions_floor_usage":[10,10,14],"damage_taken":[{"damage":9,"enemies":"2 Louse","floor":1,"turns":4},{"damage":23,"enemies":"Jaw Worm","floor":3,"turns":8},{"damage":9,"enemies":"Small Slimes","floor":5,"turns":4},{"damage":40,"enemies":"Gremlin Nob","floor":7,"turns":5},{"damage":15,"enemies":"Lagavulin","floor":10,"turns":4},{"damage":1,"enemies":"Red Slaver","floor":11,"turns":4},{"damage":0,"enemies":"Blue Slaver","floor":13,"turns":4},{"damage":11,"enemies":"3 Sentries","floor":14,"turns":9},{"damage":80,"enemies":"Hexaghost","floor":16,"turns":14}],"seed_played":"-534263342320615343","potions_obtained":[{"floor":1,"key":"Poison Potion"},{"floor":3,"key":"Strength Potion"},{"floor":10,"key":"SteroidPotion"}],"is_trial":false,"path_per_floor":["M","?","M","T","M","R","E","R","T","E","M","R","M","E","R","B"],"character_chosen":"THE_SILENT","items_purchased":[],"campfire_rested":4,"item_purchase_floors":[],"current_hp_per_floor":[56,61,38,38,29,52,12,35,35,29,30,56,56,47,74,0],"gold":378,"neow_bonus":"TEN_PERCENT_HP_BONUS","is_prod":false,"is_daily":false,"chose_seed":false,"campfire_upgraded":0,"win_rate":0,"timestamp":1559339047,"path_taken":["M","?","M","?","M","R","E","R","T","E","?","R","M","E","R","BOSS"],"build_version":"2019-01-23","purchased_purges":0,"victory":false,"max_hp_per_floor":[72,77,77,77,77,77,77,77,77,86,88,88,88,90,90,90],"card_choices":[{"not_picked":["Well Laid Plans","Flying Knee"],"picked":"PiercingWail","floor":1},{"not_picked":["Footwork","Caltrops"],"picked":"Masterful Stab","floor":3},{"not_picked":["Deflect","Slice"],"picked":"Poisoned Stab","floor":5},{"not_picked":["Poisoned Stab","Reflex"],"picked":"PiercingWail","floor":7},{"not_picked":["Endless Agony","Poisoned Stab","Slice"],"picked":"Singing Bowl","floor":10},{"not_picked":["Dagger Spray","PiercingWail","Deflect"],"picked":"Singing Bowl","floor":11},{"not_picked":["Prepared","Sucker Punch"],"picked":"Crippling Poison","floor":13},{"not_picked":["Cloak And Dagger","Caltrops","Prepared"],"picked":"Singing Bowl","floor":14}],"player_experience":753745,"relics_obtained":[{"floor":4,"key":"Singing Bowl"},{"floor":7,"key":"Lantern"},{"floor":9,"key":"Boot"},{"floor":10,"key":"Strawberry"},{"floor":14,"key":"Dodecahedron"}],"event_choices":[{"damage_healed":0,"gold_gain":0,"player_choice":"Donut","damage_taken":0,"max_hp_gain":5,"max_hp_loss":0,"event_name":"Big Fish","floor":2,"gold_loss":0}],"is_beta":false,"boss_relics":[],"items_purged_floors":[],"is_endless":false,"potions_floor_spawned":[1,3,5,10],"killed_by":"Hexaghost","ascension_level":17}