{"gold_per_floor":[114,114,129,144,144,174,189,204,254,90,90,120,135,150,150,250,250,235,235,215,168,168,198,198,213,213,213,228,278,278,278],"floor_reached":31,"playtime":1831,"items_purged":[],"score":367,"play_id":"7cb46e61-f811-4784-9067-f894c63a67ee","local_time":"20180921175722","daily_mods":["Diverse","Time Dilation","Hoarder"],"is_ascension_mode":false,"campfire_choices":[{"data":"Creative AI","floor":11,"key":"SMITH"},{"floor":15,"key":"REST"},{"floor":24,"key":"REST"}],"neow_cost":"","seed_source_timestamp":0,"circlet_count":0,"master_deck":["Defend_G+1","Defend_G+1","Defend_G+1","Defend_G+1","Defend_G+1","Survivor","Neutralize","Hello World","Hello World","Hello World","Auto Shields+1","Auto Shields","Auto Shields","Slice","Slice","Slice","Slice","Slice","Slice","White Noise","White Noise","White Noise","Dodge and Roll","Dodge and Roll","Dodge and Roll","Creative AI+1","Creative AI","Creative AI","Sucker Punch","Sucker Punch","Sucker Punch","Blade Dance","Blade Dance","Blade Dance","Fire Breathing","Fire Breathing","Fire Breathing","Envenom","Envenom","Envenom","Cold Snap","Cold Snap","Cold Snap","Prepared","Prepared","Prepared","Quick Slash","Quick Slash","Quick Slash","FTL+1","FTL+1","FTL+1","Cleave","Cleave","Cleave","Bite","Bite","Bite","Bite","Bite","Bite","Bite","Bite","Bite","Bite","Bite","Bite","Bite","Bite","Bite","Cloak And Dagger","Cloak And Dagger","Cloak And Dagger"],"special_seed":17795,"relics":["Ring of the Snake","Bag of Marbles","Ancient Tea Set","Paper Crane","White Beast Statue","Dream Catcher","Orichalcum","Omamori"],"potions_floor_usage":[8,13,13,16,23,23,25,28,30,30],"damage_taken":[{"damage":0,"enemies":"2 Louse","floor":1,"turns":3},{"damage":8,"enemies":"Jaw Worm","floor":3,"turns":4},{"damage":1,"enemies":"Cultist","floor":4,"turns":4},{"damage":14,"enemies":"Lagavulin","floor":6,"turns":10},{"damage":6,"enemies":"Red Slaver","floor":7,"turns":3},{"damage":0,"enemies":"2 Fungi Beasts","floor":8,"turns":3},{"damage":29,"enemies":"3 Sentries","floor":12,"turns":9},{"damage":13,"enemies":"Exordium Thugs","floor":13,"turns":6},{"damage":0,"enemies":"Looter","floor":14,"turns":1},{"damage":23,"enemies":"Slime Boss","floor":16,"turns":8},{"damage":16,"enemies":"2 Thieves","floor":18,"turns":4},{"damage":30,"enemies":"Slavers","floor":23,"turns":8},{"damage":19,"enemies":"Shell Parasite","floor":25,"turns":5},{"damage":8,"enemies":"Shelled Parasite and Fungi","floor":28,"turns":7},{"damage":16,"enemies":"Sentry and Sphere","floor":30,"turns":6},{"damage":20,"enemies":"Snake Plant","floor":31,"turns":5}],"seed_played":"-8895511355168584513","potions_obtained":[{"floor":3,"key":"Poison Potion"},{"floor":6,"key":"Block Potion"},{"floor":7,"key":"Block Potion"},{"floor":12,"key":"Regen Potion"},{"floor":16,"key":"Swift Potion"},{"floor":18,"key":"Energy Potion"},{"floor":20,"key":"SmokeBomb"},{"floor":23,"key":"AttackPotion"},{"floor":25,"key":"Weak Potion"},{"floor":28,"key":"EssenceOfSteel"}],"is_trial":false,"path_per_floor":["M","?","M","M","?","E","M","M","T","$","R","E","M","M","R","B",null,"M","?","?","$","?","E","R","M","T","?","M","T","M"],"character_chosen":"THE_SILENT","items_purchased":["Creative AI","Prepared"],"campfire_rested":2,"item_purchase_floors":[10,21],"current_hp_per_floor":[70,70,62,61,61,47,41,41,41,41,41,12,13,13,34,11,70,54,54,54,54,41,11,33,14,14,14,18,18,8,0],"gold":278,"neow_bonus":"","is_prod":false,"is_daily":true,"chose_seed":false,"campfire_upgraded":1,"win_rate":0,"timestamp":1537567042,"path_taken":["M","?","?","M","?","E","M","M","T","?","R","E","M","M","R","BOSS","M","?","?","$","?","E","R","M","T","?","M","?","M","?"],"build_version":"2018-09-20","purchased_purges":0,"victory":false,"max_hp_per_floor":[70,70,70,70,70,70,70,70,70,70,70,70,70,70,70,70,70,70,70,70,70,75,75,75,75,75,52,52,52,52,52],"card_choices":[{"not_picked":["Wild Strike","Rebound"],"picked":"Hello World","floor":1},{"not_picked":["Beam Cell","Recycle"],"picked":"Auto Shields","floor":3},{"not_picked":["Dagger Spray","Flying Knee"],"picked":"Slice","floor":4},{"not_picked":["Clothesline","Iron Wave"],"picked":"Slice","floor":6},{"not_picked":["Double Energy","Coolheaded"],"picked":"White Noise","floor":7},{"not_picked":["Expertise","Rupture"],"picked":"Dodge and Roll","floor":8},{"not_picked":["Beam Cell","Heavy Blade"],"picked":"Sucker Punch","floor":12},{"not_picked":["Masterful Stab","Pommel Strike"],"picked":"Blade Dance","floor":13},{"not_picked":["Headbutt","Double Energy"],"picked":"Fire Breathing","floor":14},{"not_picked":["Machine Learning","Grand Finale"],"picked":"Envenom","floor":16},{"not_picked":["Streamline","Rage"],"picked":"Cold Snap","floor":18},{"not_picked":["Setup+1","Accuracy+1"],"picked":"Quick Slash","floor":23},{"not_picked":["True Grit","Power Through"],"picked":"FTL+1","floor":24},{"not_picked":["Cold Snap+1","Clash"],"picked":"Cleave","floor":25},{"not_picked":["Barrage","Shockwave"],"picked":"Cloak And Dagger","floor":28}],"player_experience":163182,"relics_obtained":[{"floor":6,"key":"Bag of Marbles"},{"floor":9,"key":"Ancient Tea Set"},{"floor":12,"key":"Paper Crane"},{"floor":23,"key":"Dream Catcher"},{"floor":26,"key":"Orichalcum"},{"floor":29,"key":"Omamori"}],"event_choices":[{"event_name":"The Cleric","player_choice":"Leave","floor":2,"damage_taken":0},{"event_name":"Upgrade Shrine","player_choice":"Upgraded","floor":5,"damage_taken":0},{"event_name":"Back to Basics","player_choice":"Simplicity","floor":19,"damage_taken":0},{"event_name":"The Woman in Blue","player_choice":"Bought 1 Potion","floor":20,"damage_taken":0},{"event_name":"Forgotten Altar","player_choice":"Shed Blood","floor":22,"damage_taken":0},{"event_name":"Vampires","player_choice":"Became a vampire","floor":27,"damage_taken":0}],"is_beta":false,"boss_relics":[{"not_picked":["Lizard Tail","Ectoplasm"],"picked":"White Beast Statue"}],"items_purged_floors":[],"is_endless":false,"potions_floor_spawned":[3,6,7,12,16,18,23,25,28,30],"killed_by":"Snake Plant","ascension_level":0}