{"gold_per_floor":[109,125,145,145,145,145,180,248,248,248,266,266,278,297,297,297],"floor_reached":16,"playtime":749,"items_purged":[],"score":184,"play_id":"72e37a04-bc3d-466b-bb65-e83f9789ea71","local_time":"20190618090501","is_ascension_mode":true,"campfire_choices":[{"data":"Dash","floor":6,"key":"SMITH"},{"data":"Dodge and Roll","floor":12,"key":"SMITH"},{"data":"Neutralize","floor":15,"key":"SMITH"}],"neow_cost":"NONE","seed_source_timestamp":486851875551199,"circlet_count":0,"master_deck":["AscendersBane","Defend_G","Defend_G","Defend_G","Defend_G","Defend_G","Strike_G","Strike_G","Strike_G+1","Strike_G","Survivor+1","Neutralize+1","Dodge and Roll+1","Dash+1","Escape Plan"],"relics":["Ring of the Snake","Bag of Marbles","The Courier","Ninja Scroll"],"potions_floor_usage":[7,11,16],"damage_taken":[{"damage":3,"enemies":"Cultist","floor":1,"turns":4},{"damage":1,"enemies":"Small Slimes","floor":2,"turns":6},{"damage":0,"enemies":"Jaw Worm","floor":3,"turns":5},{"damage":6,"enemies":"3 Sentries","floor":7,"turns":12},{"damage":1,"enemies":"2 Fungi Beasts","floor":11,"turns":4},{"damage":0,"enemies":"Blue Slaver","floor":13,"turns":2},{"damage":2,"enemies":"Gremlin Gang","floor":14,"turns":4},{"damage":70,"enemies":"Slime Boss","floor":16,"turns":14}],"seed_played":"-1340470825735131655","potions_obtained":[{"floor":3,"key":"Energy Potion"},{"floor":7,"key":"Regen Potion"},{"floor":13,"key":"EssenceOfSteel"}],"is_trial":false,"path_per_floor":["M","M","M","?","?","R","E","T","T","?","M","R","M","M","R","B"],"character_chosen":"THE_SILENT","items_purchased":[],"campfire_rested":0,"item_purchase_floors":[],"current_hp_per_floor":[62,61,61,54,32,32,26,26,26,50,61,61,61,59,59,0],"gold":297,"neow_bonus":"TEN_PERCENT_HP_BONUS","is_prod":false,"is_daily":false,"chose_seed":false,"campfire_upgraded":3,"win_rate":0,"timestamp":1560819901,"path_taken":["M","M","?","?","?","R","E","?","T","?","?","R","M","?","R","BOSS"],"build_version":"2019-01-23","purchased_purges":0,"victory":false,"max_hp_per_floor":[72,72,72,72,72,72,72,72,72,72,72,72,72,72,72,72],"card_choices":[{"not_picked":["Eviscerate","Outmaneuver"],"picked":"Dodge and Roll","floor":1},{"not_picked":["Slice","Accuracy"],"picked":"Dash","floor":2},{"not_picked":["Blade Dance","Slice","PiercingWail"],"picked":"SKIP","floor":3},{"not_picked":["A Thousand Cuts","Prepared"],"picked":"Escape Plan","floor":7},{"not_picked":["PiercingWail","Tactician","Riddle With Holes"],"picked":"SKIP","floor":11},{"not_picked":["Tactician","Calculated Gamble","Prepared"],"picked":"SKIP","floor":13},{"not_picked":["All Out Attack","Masterful Stab","Acrobatics"],"picked":"SKIP","floor":14}],"player_experience":908340,"relics_obtained":[{"floor":7,"key":"Bag of Marbles"},{"floor":8,"key":"The Courier"},{"floor":9,"key":"Ninja Scroll"}],"event_choices":[{"cards_removed":["Strike_G"],"damage_healed":0,"gold_gain":0,"player_choice":"Card Removal","damage_taken":7,"max_hp_gain":0,"max_hp_loss":0,"event_name":"Golden Wing","floor":4,"gold_loss":0},{"damage_healed":0,"gold_gain":0,"player_choice":"Entered Light","damage_taken":22,"max_hp_gain":0,"max_hp_loss":0,"event_name":"Shining Light","floor":5,"gold_loss":0,"cards_upgraded":["Strike_G","Survivor"]},{"damage_healed":24,"gold_gain":0,"player_choice":"Banana","damage_taken":0,"max_hp_gain":0,"max_hp_loss":0,"event_name":"Big Fish","floor":10,"gold_loss":0}],"is_beta":false,"boss_relics":[],"items_purged_floors":[],"is_endless":false,"potions_floor_spawned":[3,7,13],"killed_by":"Slime Boss","ascension_level":16}