{"gold_per_floor":[109,128,147,165,185,185,216,216,216,216,181,193,193,209,209,285,285,304,339,339,292,292],"floor_reached":22,"playtime":1057,"items_purged":[],"score":376,"play_id":"06112c73-de11-4395-a08e-686db8ec8498","local_time":"20190103012015","is_ascension_mode":true,"campfire_choices":[{"data":"Deadly Poison","floor":6,"key":"SMITH"},{"floor":10,"key":"REST"},{"floor":15,"key":"REST"}],"neow_cost":"NONE","seed_source_timestamp":35690413907624,"circlet_count":0,"master_deck":["AscendersBane","Defend_G","Defend_G","Defend_G","Defend_G","Defend_G","Strike_G","Strike_G","Strike_G","Strike_G","Strike_G","Survivor","Neutralize+1","Deadly Poison+1","Quick Slash","Crippling Poison","Dash","PiercingWail","Wraith Form v2","Crippling Poison","Decay","Deadly Poison+1"],"relics":["Ring of the Snake","Ninja Scroll","Blue Candle","Sozu","Red Mask"],"potions_floor_usage":[7,7,7,7,16,22],"damage_taken":[{"damage":1,"enemies":"Small Slimes","floor":1,"turns":4},{"damage":0,"enemies":"2 Louse","floor":2,"turns":2},{"damage":2,"enemies":"Jaw Worm","floor":3,"turns":5},{"damage":4,"enemies":"Blue Slaver","floor":4,"turns":5},{"damage":10,"enemies":"Lots of Slimes","floor":5,"turns":4},{"damage":32,"enemies":"3 Sentries","floor":7,"turns":11},{"damage":31,"enemies":"Exordium Thugs","floor":12,"turns":6},{"damage":14,"enemies":"Exordium Wildlife","floor":14,"turns":4},{"damage":9,"enemies":"The Guardian","floor":16,"turns":13},{"damage":10,"enemies":"Spheric Guardian","floor":18,"turns":7},{"damage":34,"enemies":"Masked Bandits","floor":19,"turns":6},{"damage":12,"enemies":"2 Thieves","floor":21,"turns":5},{"damage":8,"enemies":"Shelled Parasite and Fungi","floor":22,"turns":1}],"seed_played":"-64790708006894512","potions_obtained":[{"floor":1,"key":"Weak Potion"},{"floor":5,"key":"EntropicBrew"},{"floor":12,"key":"Dexterity Potion"},{"floor":14,"key":"Strength Potion"}],"is_trial":false,"path_per_floor":["M","M","M","M","M","R","E","?","T","R","?","M","?","M","R","B",null,"M","?","?","M","M"],"character_chosen":"THE_SILENT","items_purchased":[],"campfire_rested":2,"item_purchase_floors":[],"current_hp_per_floor":[58,58,56,52,42,42,10,10,10,29,45,14,36,22,41,32,58,48,14,14,2,0],"gold":292,"neow_bonus":"UPGRADE_CARD","is_prod":false,"is_daily":false,"chose_seed":false,"campfire_upgraded":1,"win_rate":0,"timestamp":1546489215,"path_taken":["M","M","M","M","M","R","E","?","T","R","?","M","?","M","R","BOSS","M","?","?","M","M"],"build_version":"2018-12-20","purchased_purges":0,"victory":false,"max_hp_per_floor":[66,66,66,66,66,66,66,66,66,66,66,66,66,66,66,66,66,66,66,66,66,66],"card_choices":[{"not_picked":["Reflex","Sucker Punch"],"picked":"Deadly Poison","floor":1},{"not_picked":["Blade Dance","Dagger Spray"],"picked":"Quick Slash","floor":2},{"not_picked":["Caltrops","Accuracy","Prepared"],"picked":"SKIP","floor":3},{"not_picked":["Expertise","Flying Knee"],"picked":"Crippling Poison","floor":4},{"not_picked":["Grand Finale","Flechettes","Deflect"],"picked":"SKIP","floor":5},{"not_picked":["Expertise","Doppelganger"],"picked":"Dash","floor":7},{"not_picked":["Endless Agony","Eviscerate","Tactician"],"picked":"SKIP","floor":12},{"not_picked":["Bouncing Flask","Quick Slash"],"picked":"PiercingWail","floor":14},{"not_picked":["A Thousand Cuts","Storm of Steel"],"picked":"Wraith Form v2","floor":16},{"not_picked":["Cloak And Dagger","Underhanded Strike"],"picked":"Crippling Poison","floor":18},{"not_picked":["Quick Slash","Choke"],"picked":"Deadly Poison+1","floor":21}],"player_experience":675450,"relics_obtained":[{"floor":7,"key":"Ninja Scroll"},{"floor":9,"key":"Blue Candle"},{"floor":19,"key":"Red Mask"}],"event_choices":[{"damage_healed":0,"gold_gain":0,"player_choice":"Fled","damage_taken":0,"max_hp_gain":0,"max_hp_loss":0,"event_name":"Scrap Ooze","floor":8,"gold_loss":0},{"damage_healed":16,"gold_gain":0,"player_choice":"Healed","damage_taken":0,"max_hp_gain":0,"max_hp_loss":0,"event_name":"The Cleric","floor":11,"gold_loss":35},{"damage_healed":22,"gold_gain":0,"player_choice":"Banana","damage_taken":0,"max_hp_gain":0,"max_hp_loss":0,"event_name":"Big Fish","floor":13,"gold_loss":0},{"damage_healed":0,"gold_gain":0,"player_choice":"Fought Bandits","damage_taken":0,"max_hp_gain":0,"max_hp_loss":0,"event_name":"Masked Bandits","floor":19,"gold_loss":0},{"damage_healed":0,"gold_gain":0,"player_choice":"Smashed Altar","damage_taken":0,"max_hp_gain":0,"max_hp_loss":0,"event_name":"Forgotten Altar","floor":20,"gold_loss":0,"cards_obtained":["Decay"]}],"is_beta":false,"boss_relics":[{"not_picked":["Lizard Tail","Black Star"],"picked":"Sozu"}],"items_purged_floors":[],"is_endless":false,"potions_floor_spawned":[1,5,12,14,19,21],"killed_by":"Shelled Parasite and Fungi","ascension_level":20}