{"gold_per_floor":[112,112,62,73,73,73,100,100,180,198,224,281,298,310,310,408,408,424,146,146,146,157,157,183,183,210,210,240,260,185,201,201,201],"floor_reached":33,"playtime":1464,"items_purged":[],"score":509,"play_id":"3135fbce-1ce6-45ac-aca5-f4bba53cf654","local_time":"20190326020003","is_ascension_mode":true,"campfire_choices":[{"data":"Neutralize","floor":6,"key":"SMITH"},{"data":"Unload","floor":8,"key":"SMITH"},{"floor":15,"key":"REST"},{"floor":23,"key":"REST"},{"floor":25,"key":"REST"},{"data":"Footwork","floor":27,"key":"SMITH"},{"floor":32,"key":"REST"}],"neow_cost":"NONE","seed_source_timestamp":1068120365793551,"circlet_count":0,"master_deck":["AscendersBane","Defend_G+1","Defend_G+1","Defend_G","Defend_G","Defend_G","Strike_G+1","Strike_G","Strike_G","Survivor","Neutralize+1","Dagger Throw","Poisoned Stab+1","Unload+1","Acrobatics","Crippling Poison","Backflip","Doppelganger","Glass Knife","Footwork+1","Footwork","PiercingWail","Necronomicurse","Riddle With Holes+1","Terror","Leg Sweep","Caltrops","Backflip"],"relics":["Ring of the Snake","NeowsBlessing","Smiling Mask","Regal Pillow","Gremlin Horn","Bottled Lightning","Bronze Scales","Snecko Eye","Whetstone","Necronomicon","MutagenicStrength","War Paint","Oddly Smooth Stone","Happy Flower"],"potions_floor_usage":[11,12,14,16,22,33],"damage_taken":[{"damage":0,"enemies":"Small Slimes","floor":1,"turns":1},{"damage":0,"enemies":"2 Louse","floor":4,"turns":1},{"damage":0,"enemies":"3 Sentries","floor":7,"turns":1},{"damage":0,"enemies":"Cultist","floor":10,"turns":2},{"damage":24,"enemies":"Gremlin Nob","floor":11,"turns":4},{"damage":27,"enemies":"Lagavulin Event","floor":12,"turns":6},{"damage":3,"enemies":"Looter","floor":13,"turns":3},{"damage":1,"enemies":"3 Louse","floor":14,"turns":3},{"damage":23,"enemies":"Slime Boss","floor":16,"turns":8},{"damage":0,"enemies":"3 Byrds","floor":18,"turns":2},{"damage":4,"enemies":"Shell Parasite","floor":22,"turns":4},{"damage":38,"enemies":"Gremlin Leader","floor":24,"turns":6},{"damage":11,"enemies":"Slavers","floor":28,"turns":5},{"damage":0,"enemies":"Centurion and Healer","floor":29,"turns":3},{"damage":7,"enemies":"Snake Plant","floor":31,"turns":3},{"damage":81,"enemies":"Automaton","floor":33,"turns":6}],"seed_played":"-2691778180724338245","potions_obtained":[{"floor":4,"key":"Weak Potion"},{"floor":10,"key":"SpeedPotion"},{"floor":11,"key":"Swift Potion"},{"floor":13,"key":"Regen Potion"},{"floor":16,"key":"SpeedPotion"},{"floor":28,"key":"SkillPotion"},{"floor":29,"key":"FearPotion"}],"is_trial":false,"path_per_floor":["M","?","?","M","?","R","E","R","T","M","E","?","M","M","R","B",null,"M","$","?","?","M","R","E","R","T","R","E","M","?","M","R","B"],"character_chosen":"THE_SILENT","items_purchased":["Whetstone","Footwork","PiercingWail"],"campfire_rested":4,"item_purchase_floors":[19,19,19],"current_hp_per_floor":[63,63,63,63,63,63,63,63,63,63,39,12,9,17,53,30,60,60,60,44,44,40,70,32,68,68,68,57,57,57,50,70,0],"gold":201,"neow_bonus":"THREE_ENEMY_KILL","is_prod":false,"is_daily":false,"chose_seed":false,"campfire_upgraded":3,"win_rate":0,"timestamp":1553580003,"path_taken":["M","?","?","M","?","R","E","R","T","?","E","?","M","M","R","BOSS","M","$","?","?","M","R","E","R","T","R","E","M","?","M","R","BOSS"],"build_version":"2019-01-23","purchased_purges":0,"victory":false,"max_hp_per_floor":[70,70,70,70,70,70,70,70,70,70,70,70,70,70,70,70,70,70,70,70,70,70,70,70,70,70,70,70,70,70,70,70,70],"card_choices":[{"not_picked":["PiercingWail","Quick Slash"],"picked":"Dagger Throw","floor":1},{"not_picked":["Heel Hook","Sucker Punch"],"picked":"Poisoned Stab","floor":4},{"not_picked":["Calculated Gamble","Storm of Steel"],"picked":"Unload","floor":7},{"not_picked":["Flying Knee","Poisoned Stab"],"picked":"Acrobatics","floor":10},{"not_picked":["Acrobatics","Deflect"],"picked":"Crippling Poison","floor":11},{"not_picked":["Choke","Dodge and Roll"],"picked":"Backflip","floor":12},{"not_picked":["Endless Agony","Bane","Flying Knee"],"picked":"SKIP","floor":13},{"not_picked":["Catalyst","Prepared"],"picked":"Doppelganger","floor":14},{"not_picked":["Grand Finale","Adrenaline"],"picked":"Glass Knife","floor":16},{"not_picked":["Dagger Throw","Underhanded Strike"],"picked":"Footwork","floor":18},{"not_picked":["Well Laid Plans+1","Dagger Throw"],"picked":"Riddle With Holes+1","floor":22},{"not_picked":["Underhanded Strike","Distraction"],"picked":"Terror","floor":24},{"not_picked":["All Out Attack","Dodge and Roll"],"picked":"Leg Sweep","floor":28},{"not_picked":["Deflect","Backflip"],"picked":"Caltrops","floor":29},{"not_picked":["Slice+1","Outmaneuver"],"picked":"Backflip","floor":31}],"player_experience":383988,"relics_obtained":[{"floor":7,"key":"Regal Pillow"},{"floor":9,"key":"Gremlin Horn"},{"floor":11,"key":"Bottled Lightning"},{"floor":20,"key":"Necronomicon"},{"floor":24,"key":"War Paint"},{"floor":26,"key":"Oddly Smooth Stone"},{"floor":28,"key":"Happy Flower"}],"event_choices":[{"damage_healed":0,"gold_gain":0,"player_choice":"Box","damage_taken":0,"relics_obtained":["Smiling Mask"],"max_hp_gain":0,"max_hp_loss":0,"event_name":"Big Fish","floor":2,"gold_loss":0,"cards_obtained":["Regret"]},{"cards_removed":["Regret"],"damage_healed":0,"gold_gain":0,"player_choice":"Card Removal","damage_taken":0,"max_hp_gain":0,"max_hp_loss":0,"event_name":"The Cleric","floor":3,"gold_loss":50},{"cards_removed":["Strike_G"],"damage_healed":0,"gold_gain":0,"player_choice":"Purged","damage_taken":0,"max_hp_gain":0,"max_hp_loss":0,"event_name":"Purifier","floor":5,"gold_loss":0},{"damage_healed":0,"gold_gain":30,"player_choice":"Searched \u00273\u0027 times","damage_taken":0,"relics_obtained":["Bronze Scales"],"max_hp_gain":0,"max_hp_loss":0,"event_name":"Dead Adventurer","floor":12,"gold_loss":0},{"damage_healed":0,"gold_gain":0,"player_choice":"Obtained Book","damage_taken":16,"max_hp_gain":0,"max_hp_loss":0,"event_name":"Cursed Tome","floor":20,"gold_loss":0},{"damage_healed":0,"gold_gain":0,"player_choice":"Inject Mutagens","damage_taken":0,"relics_obtained":["MutagenicStrength"],"max_hp_gain":0,"max_hp_loss":0,"event_name":"Drug Dealer","floor":21,"gold_loss":0},{"cards_removed":["Strike_G"],"damage_healed":0,"gold_gain":0,"player_choice":"Gave Gold","damage_taken":0,"max_hp_gain":0,"max_hp_loss":0,"event_name":"Beggar","floor":30,"gold_loss":75}],"is_beta":false,"boss_relics":[{"not_picked":["Runic Dome","Calling Bell"],"picked":"Snecko Eye"}],"items_purged_floors":[],"is_endless":false,"potions_floor_spawned":[4,10,11,13,16,28,29],"killed_by":"Automaton","ascension_level":12}