{"gold_per_floor":[114,189,204,217,233,258,258,289,289,289,300,300,300,329,329,431,481,499,514,439,538,22,47,59,105,117,139,165,177,221,248,260,272],"floor_reached":33,"playtime":2607,"items_purged":[],"score":496,"play_id":"00c7e2c6-3f09-4986-8d99-5741dd0bcae8","local_time":"20190318174435","is_ascension_mode":true,"campfire_choices":[{"floor":7,"key":"REST"},{"data":"Predator","floor":12,"key":"SMITH"},{"floor":15,"key":"REST"},{"data":"Cloak And Dagger","floor":29,"key":"SMITH"},{"floor":32,"key":"REST"}],"neow_cost":"NONE","seed_source_timestamp":432382857068673,"circlet_count":0,"master_deck":["Defend_G","Defend_G","Defend_G","Defend_G","Defend_G","Strike_G","Strike_G","Strike_G","Strike_G","Survivor","Neutralize","Leg Sweep","Prepared","Dagger Spray","Poisoned Stab","Deadly Poison+1","Tools of the Trade","Cloak And Dagger+1","Predator+1","Venomology","Acrobatics+1","Backflip","Well Laid Plans","Dash","Accuracy+1"],"special_seed":0,"relics":["Ring of the Snake","Boot","Singing Bowl","Ninja Scroll","Pantograph","Anchor","Tiny House","Gremlin Horn","Toy Ornithopter","MawBank","The Specimen","Ornamental Fan","Bottled Lightning","Lantern"],"potions_floor_usage":[8,8,16,23,23,25,25,27,28,30,31,31,33,33],"damage_taken":[{"damage":0.0,"enemies":"Small Slimes","floor":1.0,"turns":4.0},{"damage":0,"enemies":"Cultist","floor":3,"turns":5},{"damage":0,"enemies":"2 Louse","floor":4,"turns":2},{"damage":4,"enemies":"Blue Slaver","floor":5,"turns":5},{"damage":42,"enemies":"Gremlin Nob","floor":6,"turns":5},{"damage":16,"enemies":"3 Sentries","floor":8,"turns":6},{"damage":3,"enemies":"Large Slime","floor":11,"turns":6},{"damage":20,"enemies":"Lagavulin","floor":14,"turns":6},{"damage":43,"enemies":"Slime Boss","floor":16,"turns":13},{"damage":3,"enemies":"Shell Parasite","floor":18,"turns":5},{"damage":3,"enemies":"Chosen","floor":19,"turns":5},{"damage":2,"enemies":"Slavers","floor":23,"turns":6},{"damage":39,"enemies":"Book of Stabbing","floor":25,"turns":5},{"damage":20,"enemies":"Centurion and Healer","floor":27,"turns":8},{"damage":6,"enemies":"Chosen and Byrds","floor":28,"turns":5},{"damage":2,"enemies":"Gremlin Leader","floor":30,"turns":7},{"damage":21,"enemies":"Sentry and Sphere","floor":31,"turns":7},{"damage":136,"enemies":"Champ","floor":33,"turns":16}],"seed_played":"-8280986245242625013","potions_obtained":[{"floor":3,"key":"LiquidBronze"},{"floor":4,"key":"SpeedPotion"},{"floor":6,"key":"EssenceOfSteel"},{"floor":17,"key":"SkillPotion"},{"floor":18,"key":"Block Potion"},{"floor":23,"key":"Regen Potion"},{"floor":28,"key":"Block Potion"}],"is_trial":false,"path_per_floor":["M","?","M","M","M","E","R","E","T","?","M","R","T","E","R","B",null,"M","M","?","?","$","E","T","E","T","M","M","R","E","M","R","B"],"character_chosen":"THE_SILENT","items_purchased":["Gremlin Horn","Toy Ornithopter","Well Laid Plans"],"campfire_rested":3,"item_purchase_floors":[22,22,22],"current_hp_per_floor":[63,56,56,56,52,10,31,15,15,38,35,35,35,17,38,20,66,63,60,60,60,60,70,70,41,41,43,44,44,49,38,64,0],"gold":272,"neow_bonus":"THREE_CARDS","is_prod":false,"is_daily":false,"chose_seed":false,"campfire_upgraded":2,"win_rate":0,"timestamp":1552945475,"path_taken":["M","?","?","M","M","E","R","E","T","?","M","R","?","E","R","BOSS","M","M","?","?","$","E","?","E","T","M","?","R","E","M","R","BOSS"],"build_version":"2019-01-23","purchased_purges":0,"victory":false,"max_hp_per_floor":[70,70,70,70,70,70,70,70,70,70,70,70,70,72,72,72,79,79,79,79,79,79,81,81,81,81,83,85,85,87,87,87,87],"card_choices":[{"not_picked":["Dagger Spray","Dagger Throw"],"picked":"Leg Sweep","floor":0.0},{"not_picked":["Slice","Heel Hook"],"picked":"Prepared","floor":1.0},{"not_picked":["Deflect","Prepared"],"picked":"Dagger Spray","floor":3},{"not_picked":["Bouncing Flask","Outmaneuver"],"picked":"Poisoned Stab","floor":4},{"not_picked":["Quick Slash","All Out Attack"],"picked":"Deadly Poison","floor":5},{"not_picked":["Deflect","Dodge and Roll"],"picked":"Tools of the Trade","floor":6},{"not_picked":["PiercingWail","Accuracy"],"picked":"Cloak And Dagger","floor":8},{"not_picked":["Distraction","PiercingWail"],"picked":"Predator","floor":11},{"not_picked":["Deflect","Grand Finale","Deadly Poison"],"picked":"Singing Bowl","floor":14},{"not_picked":["Unload","Storm of Steel"],"picked":"Venomology","floor":16},{"not_picked":["Leg Sweep","Deflect","Poisoned Stab"],"picked":"Singing Bowl","floor":17},{"not_picked":["Tactician","Choke"],"picked":"Acrobatics+1","floor":18},{"not_picked":["Underhanded Strike","Slice"],"picked":"Backflip","floor":19},{"not_picked":["Quick Slash+1","Slice+1","Burst"],"picked":"Singing Bowl","floor":23},{"not_picked":["Flying Knee+1","Calculated Gamble"],"picked":"Dash","floor":25},{"not_picked":["Quick Slash","Prepared","Deflect"],"picked":"Singing Bowl","floor":27},{"not_picked":["Skewer","Deflect","Poisoned Stab"],"picked":"Singing Bowl","floor":28},{"not_picked":["Underhanded Strike","Cloak And Dagger","Poisoned Stab"],"picked":"Singing Bowl","floor":30},{"not_picked":["Distraction","Masterful Stab+1"],"picked":"Accuracy+1","floor":31}],"player_experience":197580,"relics_obtained":[{"floor":6,"key":"Boot"},{"floor":8,"key":"Singing Bowl"},{"floor":9,"key":"Ninja Scroll"},{"floor":13,"key":"Pantograph"},{"floor":14,"key":"Anchor"},{"floor":23,"key":"MawBank"},{"floor":24,"key":"The Specimen"},{"floor":25,"key":"Ornamental Fan"},{"floor":26,"key":"Bottled Lightning"},{"floor":30,"key":"Lantern"}],"event_choices":[{"damage_healed":0,"gold_gain":75,"player_choice":"Touch","damage_taken":7,"max_hp_gain":0,"max_hp_loss":0,"event_name":"FaceTrader","floor":2,"gold_loss":0},{"damage_healed":23,"gold_gain":0,"player_choice":"Banana","damage_taken":0,"max_hp_gain":0,"max_hp_loss":0,"event_name":"Big Fish","floor":10,"gold_loss":0},{"cards_removed":["Strike_G"],"damage_healed":0,"gold_gain":0,"player_choice":"Gave Gold","damage_taken":0,"max_hp_gain":0,"max_hp_loss":0,"event_name":"Beggar","floor":20,"gold_loss":75},{"damage_healed":0,"gold_gain":99,"player_choice":"Stole From Cult","damage_taken":0,"max_hp_gain":0,"max_hp_loss":0,"event_name":"Nest","floor":21,"gold_loss":0}],"is_beta":false,"boss_relics":[{"not_picked":["Fusion Hammer","Coffee Dripper"],"picked":"Tiny House"}],"items_purged_floors":[],"is_endless":false,"potions_floor_spawned":[3,4,6,18,19,23,28],"killed_by":"Champ","ascension_level":9}