{"gold_per_floor":[119,119,235,235,350,482,482,496,496,524,540,540,540,566,566,664,664,679,494,594,191,201,201,213,213,265,265,297,297,315,241,241,241],"floor_reached":33,"playtime":1408,"items_purged":["Sickly"],"score":253,"play_id":"118a5530-b378-477f-8288-388a63576ef4","local_time":"20190130002508","is_ascension_mode":false,"campfire_choices":[{"floor":12,"key":"RECALL"},{"floor":15,"key":"REST"},{"data":"infinitespire:Punishment","floor":23,"key":"SMITH"},{"data":"BootSequence","floor":25,"key":"SMITH"},{"floor":32,"key":"REST"}],"neow_cost":"NONE","seed_source_timestamp":2116779296405345,"circlet_count":0,"master_deck":["Strike_B","Strike_B+1","Strike_B+1","Strike_B","Defend_B","Defend_B","Defend_B","Defend_B","Zap","Dualcast","Ball Lightning","Hologram","Leap","Turbo","Streamline","BootSequence+1","Skim","All For One","ReplayTheSpireMod:Faulty Equipment","Melter","infinitespire:Punishment+1","strawberrySpire:Ronchyble+1","Streamline","Streamline","strawberrySpire:Refactor","strawberrySpire:DataDump+1","Biased Cognition+1","Recycle+1","Sunder+1","Barrage","strawberrySpire:Adapter"],"relics":["Cracked Core","Simple Rune","Bronze Scales","infinitespire:Freezer","Symbiotic Virus","Juzu Bracelet","Frozen Egg 2","Calling Bell","Turnip","Question Card","strawberrySpire:ElefentMask","theJungle:Creamberry","ReplayTheSpireMod:CursedCoin","Dream Catcher","Bag of Marbles","Shovel","Cables","theJungle:SpiritDisease"],"potions_floor_usage":[10,16,33,33,33],"damage_taken":[{"damage":1,"enemies":"2 Louse","floor":1,"turns":3},{"damage":0,"enemies":"Small Slimes","floor":3,"turns":2},{"damage":0,"enemies":"Cultist","floor":5,"turns":2},{"damage":13,"enemies":"3 Sentries","floor":6,"turns":7},{"damage":0,"enemies":"2 Fungi Beasts","floor":8,"turns":3},{"damage":16,"enemies":"Gremlin Nob","floor":10,"turns":3},{"damage":0,"enemies":"Red Slaver","floor":11,"turns":2},{"damage":23,"enemies":"Fading Forest","floor":16,"turns":11},{"damage":0,"enemies":"theJungle:5_Spyders","floor":18,"turns":3},{"damage":10,"enemies":"Shell Parasite","floor":22,"turns":3},{"damage":25,"enemies":"theJungle:JungleHuntersEncounter","floor":24,"turns":5},{"damage":9,"enemies":"theJungle:2_Snecko_Cultists","floor":28,"turns":5},{"damage":0,"enemies":"theJungle:2_Snecko_Cultists","floor":30,"turns":3},{"damage":62,"enemies":"theJungle:TotemBoss","floor":33,"turns":4}],"seed_played":"5435939862117752681","potions_obtained":[{"floor":1,"key":"Languid Potion"},{"floor":3,"key":"FearPotion"},{"floor":10,"key":"Explosive Potion"},{"floor":16,"key":"Toxic Potion"},{"floor":30,"key":"Swift Potion"}],"is_trial":false,"path_per_floor":["M","?","M","?","M","E","?","M","T","E","M","R","?","T","R","B",null,"M","?","?","$","M","R","M","R","T","?","MIM","?","M","$","R","B"],"character_chosen":"DEFECT","items_purchased":["ReplayTheSpireMod:CursedCoin","Dream Catcher","strawberrySpire:Ronchyble+1","Streamline","strawberrySpire:Refactor","Barrage","PowerPotion"],"campfire_rested":2,"item_purchase_floors":[21,21,21,21,21,31,31],"current_hp_per_floor":[81,78,78,78,78,65,65,65,65,49,49,49,49,49,73,62,82,82,82,77,77,67,67,42,42,42,42,33,33,33,33,57,0],"gold":241,"neow_bonus":"TEN_PERCENT_HP_BONUS","is_prod":false,"is_daily":false,"chose_seed":false,"campfire_upgraded":2,"win_rate":0,"timestamp":1548825908,"path_taken":["M","?","M","?","?","E","?","M","T","E","M","R","?","?","R","BOSS","M","?","?","$","M","R","M","R","T","?","?","?","M","$","R","BOSS"],"build_version":"2019-01-23","purchased_purges":1,"victory":false,"max_hp_per_floor":[82,82,82,82,82,82,82,82,82,82,82,82,82,82,82,82,82,82,82,82,82,82,82,82,82,82,82,82,82,82,82,82,82],"card_choices":[{"not_picked":["strawberrySpire:Adapter","Leap"],"picked":"Ball Lightning","floor":1},{"not_picked":["strawberrySpire:BlasterWyrm","Force Field"],"picked":"Hologram","floor":3},{"not_picked":["Compile Driver","strawberrySpire:Adapter"],"picked":"Leap","floor":5},{"not_picked":["Recycle","Heatsinks"],"picked":"Turbo","floor":6},{"not_picked":["Redo","ReplayGash"],"picked":"Streamline","floor":8},{"not_picked":["Leap","Reprogram"],"picked":"BootSequence","floor":10},{"not_picked":["Reprogram","Reinforced Body"],"picked":"Skim","floor":11},{"not_picked":["Reboot","ReplayTheSpireMod:Omega Cannon"],"picked":"All For One","floor":16},{"not_picked":["Skim","BasicCrystalCard","Compile Driver"],"picked":"Melter","floor":18},{"not_picked":["infinitespire:Gouge","ReplayTheSpireMod:??????????????????????"],"picked":"infinitespire:Punishment","floor":18},{"not_picked":["Barrage","Tempest+1","Hologram"],"picked":"strawberrySpire:DataDump+1","floor":22},{"not_picked":["Coolheaded+1","strawberrySpire:FocalLaser+1","BasicCrystalCard+1"],"picked":"Biased Cognition+1","floor":24},{"not_picked":["Lockon+1","Compile Driver+1","Force Field+1"],"picked":"Recycle+1","floor":28},{"not_picked":["strawberrySpire:Disconnect","Glacier+1","Redo"],"picked":"Sunder+1","floor":30},{"not_picked":["Compile Driver+1","Barrage","BasicCrystalCard"],"picked":"strawberrySpire:Adapter","floor":32}],"player_experience":378991,"relics_obtained":[{"floor":6,"key":"Bronze Scales"},{"floor":9,"key":"Symbiotic Virus"},{"floor":10,"key":"Juzu Bracelet"},{"floor":13,"key":"Frozen Egg 2"},{"floor":17,"key":"Turnip"},{"floor":17,"key":"Question Card"},{"floor":17,"key":"strawberrySpire:ElefentMask"},{"floor":26,"key":"Bag of Marbles"},{"floor":28,"key":"Cables"}],"event_choices":[{"damage_healed":0,"gold_gain":0,"player_choice":"Success","damage_taken":3,"relics_obtained":["Simple Rune"],"max_hp_gain":0,"max_hp_loss":0,"event_name":"Scrap Ooze","floor":2,"gold_loss":0},{"damage_healed":0,"gold_gain":0,"player_choice":"Ignored","damage_taken":0,"max_hp_gain":0,"max_hp_loss":0,"event_name":"NoteForYourself","floor":4,"gold_loss":0},{"damage_healed":0,"gold_gain":0,"player_choice":"Gave Potion","damage_taken":0,"relics_obtained":["infinitespire:Freezer"],"max_hp_gain":0,"max_hp_loss":0,"event_name":"WeMeetAgain","floor":7,"gold_loss":0}],"is_beta":false,"boss_relics":[{"not_picked":["ReplayTheSpireMod:SealedPack","Honey Jar"],"picked":"Calling Bell"}],"items_purged_floors":[21],"is_endless":false,"potions_floor_spawned":[1,3,10,16,30],"killed_by":"theJungle:TotemBoss","ascension_level":0}