{"gold_per_floor":[119,137,137,137,153,153,163,5,32,43,71,85,50,50,50,50],"floor_reached":16,"playtime":738,"items_purged":["Strike_G"],"score":204,"play_id":"a7cac06f-379a-4d63-9681-94186a217772","local_time":"20190103155321","is_ascension_mode":true,"campfire_choices":[{"floor":6,"key":"REST"},{"data":"Deadly Poison","floor":15,"key":"SMITH"}],"neow_cost":"NONE","seed_source_timestamp":13723862293762,"circlet_count":0,"master_deck":["AscendersBane","Defend_G","Defend_G","Defend_G","Defend_G","Defend_G","Strike_G","Strike_G+1","Strike_G+1","Survivor","Neutralize","Skewer+1","Dagger Throw+1","Deadly Poison+1","After Image","Leg Sweep"],"relics":["Ring of the Snake","Strawberry","Smiling Mask","Whetstone","Golden Idol"],"potions_floor_usage":[11,16,16],"damage_taken":[{"damage":6,"enemies":"2 Louse","floor":1,"turns":5},{"damage":3,"enemies":"Small Slimes","floor":2,"turns":5},{"damage":1,"enemies":"Jaw Worm","floor":5,"turns":4},{"damage":4,"enemies":"2 Fungi Beasts","floor":7,"turns":4},{"damage":8,"enemies":"Looter","floor":10,"turns":4},{"damage":21,"enemies":"3 Sentries","floor":11,"turns":9},{"damage":2,"enemies":"Large Slime","floor":12,"turns":5},{"damage":32,"enemies":"Slime Boss","floor":16,"turns":10}],"seed_played":"2901933267586230918","potions_obtained":[{"floor":1,"key":"Swift Potion"},{"floor":2,"key":"Block Potion"},{"floor":11,"key":"GamblersBrew"}],"is_trial":false,"path_per_floor":["M","M","?","?","M","R","M","$","T","M","E","M","?","?","R","B"],"character_chosen":"THE_SILENT","items_purchased":["After Image"],"campfire_rested":1,"item_purchase_floors":[8],"current_hp_per_floor":[60,57,50,28,27,48,44,44,44,36,15,13,31,31,31,0],"gold":50,"neow_bonus":"RANDOM_COMMON_RELIC","is_prod":false,"is_daily":false,"chose_seed":false,"campfire_upgraded":1,"win_rate":0,"timestamp":1546541601,"path_taken":["M","M","?","?","M","R","M","$","T","M","E","?","?","?","R","BOSS"],"build_version":"2018-12-20","purchased_purges":1,"victory":false,"max_hp_per_floor":[73,73,73,73,73,73,73,73,73,73,73,73,73,66,66,66],"card_choices":[{"not_picked":["Distraction","Escape Plan"],"picked":"Skewer","floor":1},{"not_picked":["Bane","Deflect"],"picked":"Dagger Throw","floor":2},{"not_picked":["Poisoned Stab","Deflect","Quick Slash"],"picked":"SKIP","floor":5},{"not_picked":["Malaise","Bane"],"picked":"Deadly Poison","floor":7},{"not_picked":["Dagger Throw","Cloak And Dagger"],"picked":"Leg Sweep","floor":10},{"not_picked":["Sucker Punch","Distraction","Quick Slash"],"picked":"SKIP","floor":11},{"not_picked":["Acrobatics","Cloak And Dagger","Dagger Spray"],"picked":"SKIP","floor":12}],"player_experience":684636,"relics_obtained":[{"floor":9,"key":"Smiling Mask"},{"floor":11,"key":"Whetstone"}],"event_choices":[{"cards_removed":["Strike_G"],"damage_healed":0,"gold_gain":0,"player_choice":"Card Removal","damage_taken":7,"max_hp_gain":0,"max_hp_loss":0,"event_name":"Golden Wing","floor":3,"gold_loss":0},{"damage_healed":0,"gold_gain":0,"player_choice":"Entered Light","damage_taken":22,"max_hp_gain":0,"max_hp_loss":0,"event_name":"Shining Light","floor":4,"gold_loss":0,"cards_upgraded":["Dagger Throw","Skewer"]},{"damage_healed":18,"gold_gain":0,"player_choice":"Healed","damage_taken":0,"max_hp_gain":0,"max_hp_loss":0,"event_name":"The Cleric","floor":13,"gold_loss":35},{"damage_healed":0,"gold_gain":0,"player_choice":"Lose Max HP","damage_taken":0,"relics_obtained":["Golden Idol"],"max_hp_gain":0,"max_hp_loss":7,"event_name":"Golden Idol","floor":14,"gold_loss":0}],"is_beta":false,"boss_relics":[],"items_purged_floors":[8],"is_endless":false,"potions_floor_spawned":[1,2,11],"killed_by":"Slime Boss","ascension_level":20}