{"gold_per_floor":[114,129,144,111,111,111,126,126,151,181,181,196,166,196,196,296,296,311,126,141,141,156,186,216,216,253,3,18,18,33,48,48,148,148,163,178,193,193],"floor_reached":38,"playtime":2361,"items_purged":[],"score":603,"play_id":"04782c14-9bfa-4c27-8b09-4004a3a08b3c","local_time":"20190110213855","daily_mods":["Chimera","Uncertain Future","DeadlyEvents"],"is_ascension_mode":false,"campfire_choices":[{"data":"Fire Breathing","floor":6,"key":"SMITH"},{"data":"Havoc","floor":8,"key":"SMITH"},{"data":"Run Through","floor":15,"key":"SMITH"},{"floor":25,"key":"REST"},{"data":"ReplayReversal","floor":29,"key":"SMITH"},{"floor":32,"key":"REST"}],"neow_cost":"","seed_source_timestamp":0,"circlet_count":0,"master_deck":["Survivor","Zap","Strike_R","Strike_G","Strike_B","Defend_R","Defend_G","Defend_B","Fire Breathing+1","Run Through","Run Through+1","Havoc+1","Havoc","Survivor","Neutralize","Metallicize+1","Shockwave+1","Metallicize","Headbutt","Rupture","Eclipse+1","Headbutt+1","Life Link+1","Rage","Shockwave+1","Bloodletting","Sentinel","Run Through+1","ReplayReversal+1","ReplayReversal","Heavy Blade+1","Demonic Infusion+1","Anger","Havoc+1","Carnage"],"special_seed":17907,"relics":["Burning Blood","Durian","Golden Egg","Velvet Choker","Guide Book","Nloth\u0027s Gift","Happy Flower","Paper Frog","Frozen Egg 2","Black Star"],"potions_floor_usage":[10,16,24,26,33,38],"damage_taken":[{"damage":11,"enemies":"Jaw Worm","floor":1,"turns":3},{"damage":2,"enemies":"Small Slimes","floor":2,"turns":3},{"damage":1,"enemies":"Cultist","floor":3,"turns":3},{"damage":7,"enemies":"Blue Slaver","floor":7,"turns":4},{"damage":6,"enemies":"Gremlin Nob","floor":10,"turns":3},{"damage":5,"enemies":"Red Slaver","floor":12,"turns":4},{"damage":0,"enemies":"Looter","floor":13,"turns":4},{"damage":10,"enemies":"Lagavulin","floor":14,"turns":5},{"damage":12,"enemies":"Fading Forest","floor":16,"turns":11},{"damage":5,"enemies":"3 Byrds","floor":18,"turns":4},{"damage":3,"enemies":"Chosen","floor":20,"turns":4},{"damage":18,"enemies":"Snecko","floor":22,"turns":6},{"damage":9,"enemies":"Replay:Snechameleon","floor":23,"turns":6},{"damage":39,"enemies":"Slavers","floor":24,"turns":5},{"damage":0,"enemies":"Shelled Parasite and Fungi","floor":26,"turns":8},{"damage":25,"enemies":"Shelled Parasite and Fungi","floor":28,"turns":5},{"damage":19,"enemies":"Centurion and Healer","floor":30,"turns":5},{"damage":6,"enemies":"Snecko","floor":31,"turns":7},{"damage":24,"enemies":"Pondfish","floor":33,"turns":15},{"damage":21,"enemies":"3 Darklings","floor":35,"turns":8},{"damage":12,"enemies":"Orb Walker","floor":36,"turns":4},{"damage":43,"enemies":"3 Darklings","floor":37,"turns":8},{"damage":49,"enemies":"Maw","floor":38,"turns":8}],"seed_played":"3536575198636057260","potions_obtained":[{"floor":1,"key":"PowerPotion"},{"floor":2,"key":"Reflective Coating"},{"floor":18,"key":"Languid Potion"},{"floor":20,"key":"Dexterity Potion"},{"floor":24,"key":"Regen Potion"},{"floor":31,"key":"Explosive Potion"},{"floor":35,"key":"FairyPotion"}],"is_trial":false,"path_per_floor":["M","M","M","$","?","R","M","R","T","E","?","M","M","E","R","B",null,"M","$","M","?","M","E","E","R","MIM","$","M","R","M","M","R","B",null,"M","M","M","M"],"character_chosen":"IRONCLAD","items_purchased":["Havoc","Life Link","Guide Book","Frozen Egg 2"],"campfire_rested":2,"item_purchase_floors":[4,19,19,27],"current_hp_per_floor":[75,79,80,80,80,80,79,79,79,84,84,85,85,81,81,85,85,85,85,85,85,73,70,37,62,83,83,66,66,53,53,78,65,85,70,64,27,0],"gold":193,"neow_bonus":"","is_prod":false,"is_daily":true,"chose_seed":false,"campfire_upgraded":4,"win_rate":0,"timestamp":1547174335,"path_taken":["M","M","M","$","?","R","M","R","T","E","?","M","M","?","R","BOSS","M","$","M","?","M","?","E","R","MIM","?","M","R","M","M","R","BOSS","M","M","M","M"],"build_version":"2019-01-10","purchased_purges":0,"victory":false,"max_hp_per_floor":[80,80,80,80,80,80,80,80,80,85,85,85,85,85,85,85,85,85,85,85,85,85,85,85,85,85,85,85,85,85,85,85,85,85,85,85,85,85],"card_choices":[{"not_picked":["Sever Soul","True Grit"],"picked":"Fire Breathing","floor":1},{"not_picked":["ReplayTheSpireMod:Stacked","Clothesline"],"picked":"Run Through","floor":2},{"not_picked":["Clothesline","Heavy Blade"],"picked":"Run Through","floor":3},{"not_picked":["Thunderclap","Spot Weakness"],"picked":"Metallicize","floor":7},{"not_picked":["Warcry","Run Through"],"picked":"Shockwave","floor":10},{"not_picked":["True Grit","Havoc"],"picked":"Metallicize","floor":12},{"not_picked":["Perfected Strike","Body Slam"],"picked":"Headbutt","floor":13},{"not_picked":["Wild Strike","Pommel Strike"],"picked":"Rupture","floor":14},{"not_picked":["Exhume","Dark Embrace"],"picked":"Eclipse","floor":16},{"not_picked":["True Grit","Cleave"],"picked":"Headbutt+1","floor":18},{"not_picked":["Havoc","True Grit"],"picked":"Rage","floor":20},{"not_picked":["Perfected Strike","Flex"],"picked":"Shockwave+1","floor":22},{"not_picked":["Heavy Blade","Dark Embrace"],"picked":"Bloodletting","floor":23},{"not_picked":["Clash","Bloodletting"],"picked":"Sentinel","floor":24},{"not_picked":["Clash","Cleave"],"picked":"Run Through+1","floor":26},{"not_picked":["Thunderclap","Headbutt"],"picked":"ReplayReversal","floor":28},{"not_picked":["Dropkick+1","Cleave"],"picked":"ReplayReversal","floor":30},{"not_picked":["Shockwave","Impervious"],"picked":"Heavy Blade+1","floor":31},{"not_picked":["Berserk+1","Immolate"],"picked":"Demonic Infusion","floor":33},{"not_picked":["Sever Soul+1","Replay:Undeath\u0027s Touch"],"picked":"Anger","floor":35},{"not_picked":["Body Slam","Dual Wield+1"],"picked":"Havoc+1","floor":36},{"not_picked":["Pommel Strike+1","Shrug It Off"],"picked":"Carnage","floor":37}],"player_experience":306385,"relics_obtained":[{"floor":9,"key":"PreservedInsect"},{"floor":10,"key":"Durian"},{"floor":14,"key":"Golden Egg"},{"floor":23,"key":"Happy Flower"},{"floor":24,"key":"Paper Frog"}],"event_choices":[{"damage_healed":0,"gold_gain":0,"player_choice":"Ignored","damage_taken":0,"max_hp_gain":0,"max_hp_loss":0,"event_name":"Purifier","floor":11,"gold_loss":0},{"damage_healed":0,"gold_gain":0,"player_choice":"Traded Relic","damage_taken":0,"relics_obtained":["Nloth\u0027s Gift"],"max_hp_gain":0,"max_hp_loss":0,"event_name":"N\u0027loth","floor":21,"relics_lost":["PreservedInsect"],"gold_loss":0}],"is_beta":false,"boss_relics":[{"not_picked":["Kintsugi","ReplayTheSpireMod:Onyx Gauntlets"],"picked":"Velvet Choker"},{"not_picked":["Sozu","Philosopher\u0027s Stone"],"picked":"Black Star"}],"items_purged_floors":[],"is_endless":false,"potions_floor_spawned":[1,2,18,20,24,31,35],"killed_by":"Maw","ascension_level":0}