{"gold_per_floor":[119,119,138,148,159,159,186,198,198,198,232,197,208,208,208,307,307,296,296,314,14,14,14],"floor_reached":23,"playtime":1496,"items_purged":["Reflex+1"],"score":322,"play_id":"ca87f4e7-d98c-455e-80cd-d71accf2537e","local_time":"20190427235033","is_ascension_mode":true,"campfire_choices":[{"data":"Neutralize","floor":6,"key":"SMITH"},{"floor":10,"key":"REST"},{"data":"After Image","floor":15,"key":"SMITH"}],"neow_cost":"NONE","seed_source_timestamp":222105744263415,"circlet_count":0,"master_deck":["AscendersBane","Defend_G","Defend_G","Defend_G","Strike_G","Strike_G","Survivor","Neutralize+1","Backflip","Blade Dance","Deflect","Underhanded Strike","After Image+1","Crippling Poison","Dash","All Out Attack","Envenom","Burst","Finisher+1","PiercingWail","Predator"],"relics":["Ring of the Snake","Smiling Mask","Ninja Scroll","Juzu Bracelet","Astrolabe","Kunai"],"potions_floor_usage":[7,7,11,16,23],"damage_taken":[{"damage":0,"enemies":"Jaw Worm","floor":1,"turns":5},{"damage":0,"enemies":"Cultist","floor":3,"turns":5},{"damage":0,"enemies":"Small Slimes","floor":4,"turns":5},{"damage":16,"enemies":"Exordium Wildlife","floor":5,"turns":8},{"damage":38,"enemies":"Lagavulin","floor":7,"turns":6},{"damage":1,"enemies":"Blue Slaver","floor":8,"turns":5},{"damage":8,"enemies":"3 Sentries","floor":11,"turns":12},{"damage":1,"enemies":"Lots of Slimes","floor":13,"turns":4},{"damage":45,"enemies":"Slime Boss","floor":16,"turns":17},{"damage":19,"enemies":"2 Thieves","floor":18,"turns":4},{"damage":0,"enemies":"Shell Parasite","floor":20,"turns":8},{"damage":26,"enemies":"Gremlin Leader","floor":23,"turns":8}],"seed_played":"8208954303843972006","potions_obtained":[{"floor":3,"key":"Fire Potion"},{"floor":5,"key":"SteroidPotion"},{"floor":8,"key":"Fire Potion"},{"floor":13,"key":"Weak Potion"},{"floor":16,"key":"LiquidBronze"},{"floor":18,"key":"Swift Potion"}],"is_trial":false,"path_per_floor":["M","?","M","M","M","R","E","M","T","R","E","?","M","?","R","B",null,"M","?","M","$","?","E"],"character_chosen":"THE_SILENT","items_purchased":["Kunai"],"campfire_rested":1,"item_purchase_floors":[21],"current_hp_per_floor":[70,70,70,70,54,54,16,15,15,38,30,49,48,48,48,3,59,40,40,40,40,26,0],"gold":14,"neow_bonus":"TEN_PERCENT_HP_BONUS","is_prod":false,"is_daily":false,"chose_seed":false,"campfire_upgraded":2,"win_rate":0,"timestamp":1556423433,"path_taken":["M","?","M","M","M","R","E","M","T","R","E","?","M","?","R","BOSS","M","?","M","$","?","E"],"build_version":"2019-01-23","purchased_purges":1,"victory":false,"max_hp_per_floor":[77,77,77,77,77,77,77,77,77,77,77,77,77,77,77,77,77,77,77,77,77,82,82],"card_choices":[{"not_picked":["Calculated Gamble","PiercingWail"],"picked":"Backflip","floor":1},{"not_picked":["Outmaneuver","Acrobatics"],"picked":"Blade Dance","floor":3},{"not_picked":["Slice","Calculated Gamble"],"picked":"Deflect","floor":4},{"not_picked":["Backflip","Escape Plan"],"picked":"Underhanded Strike","floor":5},{"not_picked":["Accuracy","Glass Knife"],"picked":"After Image","floor":7},{"not_picked":["Acrobatics","All Out Attack"],"picked":"Crippling Poison","floor":8},{"not_picked":["Dagger Spray","Deadly Poison"],"picked":"Dash","floor":11},{"not_picked":["Blur","Sucker Punch"],"picked":"All Out Attack","floor":13},{"not_picked":["Unload","Night Terror"],"picked":"Burst","floor":16},{"not_picked":["Reflex+1","Prepared"],"picked":"PiercingWail","floor":18},{"not_picked":["Underhanded Strike","Deflect"],"picked":"Predator","floor":20}],"player_experience":464108,"relics_obtained":[{"floor":7,"key":"Smiling Mask"},{"floor":9,"key":"Ninja Scroll"},{"floor":11,"key":"Juzu Bracelet"}],"event_choices":[{"cards_removed":["Defend_G"],"damage_healed":0,"gold_gain":0,"player_choice":"Purged","damage_taken":0,"max_hp_gain":0,"max_hp_loss":0,"event_name":"Purifier","floor":2,"gold_loss":0},{"damage_healed":19,"gold_gain":0,"player_choice":"Healed","damage_taken":0,"max_hp_gain":0,"max_hp_loss":0,"event_name":"The Cleric","floor":12,"gold_loss":35},{"damage_healed":0,"gold_gain":0,"cards_transformed":["Strike_G"],"player_choice":"Transformed","damage_taken":0,"max_hp_gain":0,"max_hp_loss":0,"event_name":"Transmorgrifier","floor":14,"gold_loss":0,"cards_obtained":["Envenom"]},{"cards_removed":["Setup"],"damage_healed":0,"gold_gain":0,"player_choice":"Elegance","damage_taken":0,"max_hp_gain":0,"max_hp_loss":0,"event_name":"Back to Basics","floor":19,"gold_loss":0},{"damage_healed":0,"gold_gain":0,"player_choice":"Shed Blood","damage_taken":19,"max_hp_gain":5,"max_hp_loss":0,"event_name":"Forgotten Altar","floor":22,"gold_loss":0}],"is_beta":false,"boss_relics":[{"not_picked":["Fusion Hammer","Ring of the Serpent"],"picked":"Astrolabe"}],"items_purged_floors":[21],"is_endless":false,"potions_floor_spawned":[3,5,8,13,16,18,20],"killed_by":"Gremlin Leader","ascension_level":12}