{"gold_per_floor":[114,114,139,89,89,127,165,66,66,85,85,55,74,112,112,237,237,256,69,69,69,88,126,126,126],"floor_reached":25,"playtime":1027,"items_purged":[],"score":235,"play_id":"b1f03ae7-0f1f-42f8-ad64-ee15bf821d6c","local_time":"20181220124621","daily_mods":["Heirloom","Flight","Elite Swarm"],"is_ascension_mode":false,"campfire_choices":[{"floor":15,"key":"REST"},{"floor":24,"key":"REST"}],"neow_cost":"","seed_source_timestamp":0,"circlet_count":0,"master_deck":["Strike_B","Strike_B","Strike_B","Strike_B","Defend_B","Defend_B","Defend_B","Zap","Dualcast","Auto Shields","Core Surge","Machine Learning","Conserve Battery","Hello World","Ball Lightning","Parasite","Hello World","Core Surge","Buffer","Compile Driver+1","Hello World","Beam Cell","Creative AI"],"special_seed":17885,"relics":["Cracked Core","Bird Faced Urn","Golden Idol","Potion Belt","Centennial Puzzle","Boot","Shuriken","Peace Pipe","White Beast Statue","Orichalcum","Singing Bowl"],"potions_floor_usage":[13,14,16,22,22,23,23,23,23,25],"damage_taken":[{"damage":5,"enemies":"Small Slimes","floor":1,"turns":3},{"damage":26,"enemies":"Lagavulin","floor":6,"turns":9},{"damage":25,"enemies":"3 Sentries","floor":7,"turns":9},{"damage":0,"enemies":"Jaw Worm","floor":10,"turns":3},{"damage":0,"enemies":"2 Louse","floor":13,"turns":4},{"damage":1,"enemies":"Lagavulin","floor":14,"turns":6},{"damage":9,"enemies":"Slime Boss","floor":16,"turns":9},{"damage":5,"enemies":"Chosen","floor":18,"turns":6},{"damage":14,"enemies":"Spheric Guardian","floor":22,"turns":5},{"damage":63,"enemies":"Slavers","floor":23,"turns":6},{"damage":59,"enemies":"Book of Stabbing","floor":25,"turns":5}],"seed_played":"7173682322352967117","potions_obtained":[{"floor":1,"key":"Weak Potion"},{"floor":10,"key":"Block Potion"},{"floor":12,"key":"Regen Potion"},{"floor":12,"key":"Dexterity Potion"},{"floor":13,"key":"Regen Potion"},{"floor":18,"key":"AttackPotion"},{"floor":21,"key":"SkillPotion"},{"floor":21,"key":"FocusPotion"},{"floor":22,"key":"Dexterity Potion"},{"floor":23,"key":"FocusPotion"}],"is_trial":false,"path_per_floor":["M","?","T","?","?","E","E","$","T","M","?","?","M","E","R","B",null,"M","$","?","?","M","E","R","E"],"character_chosen":"DEFECT","items_purchased":["Conserve Battery","Hello World","Orichalcum","Hello World"],"campfire_rested":2,"item_purchase_floors":[8,8,19,19],"current_hp_per_floor":[70,70,70,70,63,37,12,12,12,16,34,34,50,55,75,66,75,75,75,75,75,61,20,42,0],"gold":126,"neow_bonus":"","is_prod":false,"is_daily":true,"chose_seed":false,"campfire_upgraded":0,"win_rate":0,"timestamp":1545327981,"path_taken":["M","?","?","?","?","E","E","$","T","?","?","?","?","E","R","BOSS","M","$","?","?","?","E","R","E"],"build_version":"2018-12-13","purchased_purges":0,"victory":false,"max_hp_per_floor":[75,75,75,75,75,75,75,75,75,75,75,75,75,75,75,75,75,75,75,75,75,75,75,75,75],"card_choices":[{"not_picked":["Cold Snap","Sweeping Beam"],"picked":"Auto Shields","floor":1},{"not_picked":["Thunder Strike","Multi-Cast"],"picked":"Core Surge","floor":6},{"not_picked":["Seek","Thunder Strike"],"picked":"Machine Learning","floor":7},{"not_picked":["Conserve Battery","Rebound"],"picked":"Ball Lightning","floor":10},{"not_picked":["Auto Shields","Doom and Gloom"],"picked":"Hello World","floor":13},{"not_picked":["Rainbow","Biased Cognition"],"picked":"Core Surge","floor":14},{"not_picked":["Meteor Strike","Rainbow"],"picked":"Buffer","floor":16},{"not_picked":["Hologram","Steam"],"picked":"Compile Driver+1","floor":18},{"not_picked":["Rebound","Amplify"],"picked":"Beam Cell","floor":22},{"not_picked":["Multi-Cast","Meteor Strike"],"picked":"Creative AI","floor":23}],"player_experience":266531,"relics_obtained":[{"floor":3,"key":"Potion Belt"},{"floor":6,"key":"Centennial Puzzle"},{"floor":7,"key":"Boot"},{"floor":9,"key":"Shuriken"},{"floor":14,"key":"Peace Pipe"},{"floor":23,"key":"Singing Bowl"}],"event_choices":[{"damage_healed":0,"gold_gain":0,"player_choice":"Take Wound","damage_taken":0,"relics_obtained":["Golden Idol"],"max_hp_gain":0,"max_hp_loss":0,"event_name":"Golden Idol","floor":2,"gold_loss":0,"cards_obtained":["Injury"]},{"cards_removed":["Injury"],"damage_healed":0,"gold_gain":0,"player_choice":"Card Removal","damage_taken":0,"max_hp_gain":0,"max_hp_loss":0,"event_name":"The Cleric","floor":4,"gold_loss":50},{"cards_removed":["Defend_B"],"damage_healed":0,"gold_gain":0,"player_choice":"Card Removal","damage_taken":7,"max_hp_gain":0,"max_hp_loss":0,"event_name":"Golden Wing","floor":5,"gold_loss":0},{"damage_healed":18,"gold_gain":0,"player_choice":"Healed and dodged fight","damage_taken":0,"max_hp_gain":0,"max_hp_loss":0,"event_name":"Mushrooms","floor":11,"gold_loss":0,"cards_obtained":["Parasite"]},{"damage_healed":0,"gold_gain":0,"player_choice":"Bought 2 Potions","damage_taken":0,"max_hp_gain":0,"max_hp_loss":0,"event_name":"The Woman in Blue","floor":12,"gold_loss":0},{"damage_healed":0,"gold_gain":0,"player_choice":"Ignored","damage_taken":0,"max_hp_gain":0,"max_hp_loss":0,"event_name":"Beggar","floor":20,"gold_loss":0},{"damage_healed":0,"gold_gain":0,"player_choice":"Got Potions","damage_taken":0,"max_hp_gain":0,"max_hp_loss":0,"event_name":"Lab","floor":21,"gold_loss":0}],"is_beta":false,"boss_relics":[{"not_picked":["Lizard Tail","Snecko Eye"],"picked":"White Beast Statue"}],"items_purged_floors":[],"is_endless":false,"potions_floor_spawned":[1,10,13,18,22,23],"killed_by":"Book of Stabbing","ascension_level":0}