{"gold_per_floor":[117,117,117,82,82,114,133,133,157,172,185,201,211,227,227,330,330,344,344,89,101,114,114],"floor_reached":23,"playtime":1284,"items_purged":[],"score":195,"play_id":"dd6e8c77-de9c-4d6e-ad19-3104c92e122f","local_time":"20190115223746","is_ascension_mode":false,"campfire_choices":[{"floor":8,"key":"REST"},{"floor":15,"key":"REST"}],"neow_cost":"NONE","seed_source_timestamp":586047072106672,"circlet_count":0,"master_deck":["Defend_G","Defend_G","Defend_G","Defend_G+1","Defend_G","Strike_G","Strike_G","Strike_G","Strike_G","Strike_G","Survivor+1","Neutralize","Eviscerate+1","Riddle With Holes","Terror","Dash","Poisoned Stab","Blade Dance","Dagger Spray","Dagger Throw","Bullet Time","Dagger Spray","Noxious Fumes","Dagger Throw","Flying Knee","Cloak And Dagger","Backstab","Dagger Spray","Bouncing Flask+1","Prepared+1"],"relics":["Ring of the Snake","War Paint","Smiling Mask","Nunchaku","Bag of Preparation","Orrery","TwistedFunnel"],"potions_floor_usage":[16,16,16,23],"damage_taken":[{"damage":0,"enemies":"Jaw Worm","floor":1,"turns":6},{"damage":65,"enemies":"Gremlin Nob","floor":6,"turns":7},{"damage":0,"enemies":"Small Slimes","floor":7,"turns":4},{"damage":0,"enemies":"2 Louse","floor":10,"turns":2},{"damage":0,"enemies":"Exordium Thugs","floor":11,"turns":4},{"damage":7,"enemies":"Looter","floor":12,"turns":2},{"damage":0,"enemies":"Red Slaver","floor":13,"turns":3},{"damage":1,"enemies":"2 Fungi Beasts","floor":14,"turns":3},{"damage":24,"enemies":"Slime Boss","floor":16,"turns":8},{"damage":39,"enemies":"Spheric Guardian","floor":18,"turns":6},{"damage":12,"enemies":"Shell Parasite","floor":21,"turns":3},{"damage":19,"enemies":"3 Cultists","floor":22,"turns":5},{"damage":35,"enemies":"Book of Stabbing","floor":23,"turns":4}],"seed_played":"-2623588877238532011","potions_obtained":[{"floor":1,"key":"Strength Potion"},{"floor":6,"key":"FearPotion"},{"floor":11,"key":"FearPotion"},{"floor":16,"key":"Energy Potion"},{"floor":21,"key":"Ancient Potion"}],"is_trial":false,"path_per_floor":["M","?","?","?","?","E","M","R","T","M","M","M","M","M","R","B",null,"M","?","$","M","M","E"],"character_chosen":"THE_SILENT","items_purchased":["TwistedFunnel","Dagger Spray"],"campfire_rested":2,"item_purchase_floors":[20,20],"current_hp_per_floor":[70,75,63,75,75,10,10,32,32,32,32,25,25,24,46,22,75,36,61,61,49,30,0],"gold":114,"neow_bonus":"RANDOM_COMMON_RELIC","is_prod":false,"is_daily":false,"chose_seed":false,"campfire_upgraded":0,"win_rate":0.0,"timestamp":1547609866,"path_taken":["M","?","?","?","?","E","M","R","T","M","M","M","M","M","R","BOSS","M","?","?","M","M","E"],"build_version":"2019-01-10","purchased_purges":0,"victory":false,"max_hp_per_floor":[70,75,75,75,75,75,75,75,75,75,75,75,75,75,75,75,75,75,75,75,75,75,75],"card_choices":[{"not_picked":["Endless Agony","Backflip"],"picked":"Eviscerate","floor":1},{"not_picked":["Dodge and Roll","Backflip"],"picked":"Riddle With Holes","floor":6},{"not_picked":["Heel Hook","Outmaneuver"],"picked":"Terror","floor":7},{"not_picked":["Backflip","Poisoned Stab"],"picked":"Dash","floor":10},{"not_picked":["Backflip","Bane"],"picked":"Poisoned Stab","floor":11},{"not_picked":["Masterful Stab","Sucker Punch"],"picked":"Blade Dance","floor":12},{"not_picked":["Finisher","Dodge and Roll"],"picked":"Dagger Spray","floor":13},{"not_picked":["PiercingWail","Crippling Poison"],"picked":"Dagger Throw","floor":14},{"not_picked":["Unload","Phantasmal Killer"],"picked":"Bullet Time","floor":16},{"not_picked":["Cloak And Dagger","Backflip"],"picked":"Dagger Spray","floor":17},{"not_picked":["Caltrops","Catalyst"],"picked":"Noxious Fumes","floor":17},{"not_picked":["All Out Attack","Acrobatics"],"picked":"Dagger Throw","floor":17},{"not_picked":["Backflip","Dagger Throw"],"picked":"Flying Knee","floor":17},{"not_picked":["Crippling Poison","Dodge and Roll"],"picked":"Cloak And Dagger","floor":17},{"not_picked":["Dagger Throw","Cloak And Dagger"],"picked":"Backstab","floor":18},{"not_picked":["Underhanded Strike","Dagger Spray"],"picked":"Bouncing Flask+1","floor":21},{"not_picked":["Crippling Poison","Cloak And Dagger"],"picked":"Prepared+1","floor":22}],"player_experience":25992,"relics_obtained":[{"floor":6,"key":"Nunchaku"},{"floor":9,"key":"Bag of Preparation"}],"event_choices":[{"damage_healed":0,"gold_gain":0,"player_choice":"Donut","damage_taken":0,"max_hp_gain":5,"max_hp_loss":0,"event_name":"Big Fish","floor":2,"gold_loss":0},{"damage_healed":0,"gold_gain":0,"player_choice":"Success","damage_taken":12,"relics_obtained":["Smiling Mask"],"max_hp_gain":0,"max_hp_loss":0,"event_name":"Scrap Ooze","floor":3,"gold_loss":0},{"damage_healed":18,"gold_gain":0,"player_choice":"Healed","damage_taken":0,"max_hp_gain":0,"max_hp_loss":0,"event_name":"The Cleric","floor":4,"gold_loss":35},{"damage_healed":0,"gold_gain":0,"player_choice":"Grow","damage_taken":0,"max_hp_gain":0,"max_hp_loss":0,"event_name":"Living Wall","floor":5,"gold_loss":0,"cards_upgraded":["Eviscerate"]},{"damage_healed":25,"gold_gain":0,"player_choice":"Heal","damage_taken":0,"max_hp_gain":0,"max_hp_loss":0,"event_name":"The Library","floor":19,"gold_loss":0}],"is_beta":false,"boss_relics":[{"not_picked":["Ring of the Serpent","Empty Cage"],"picked":"Orrery"}],"items_purged_floors":[],"is_endless":false,"potions_floor_spawned":[1,6,11,16,21],"killed_by":"Book of Stabbing","ascension_level":0}