{"gold_per_floor":[116,216,230,249,266,296,306,306,306,318,348,348,177,195,195,292,292,272,272,288,306,10,10,10,40,40,2,2,2,2,19,19,123,123,140,140,159,174,174],"floor_reached":39,"playtime":2737,"items_purged":[],"score":659,"play_id":"4a882b29-7662-4b35-8d57-e9e054a22a8c","local_time":"20181226162136","is_ascension_mode":true,"campfire_choices":[{"data":"Armaments","floor":8,"key":"SMITH"},{"data":"Barricade","floor":12,"key":"SMITH"},{"floor":15,"key":"REST"},{"data":"Corruption","floor":23,"key":"SMITH"},{"data":"Searing Blow+1","floor":24,"key":"SMITH"},{"data":"Searing Blow+2","floor":28,"key":"SMITH"},{"data":"Searing Blow+3","floor":29,"key":"SMITH"},{"data":"Searing Blow+4","floor":30,"key":"SMITH"},{"data":"Searing Blow+5","floor":32,"key":"SMITH"}],"neow_cost":"NONE","seed_source_timestamp":357232746608151,"circlet_count":0,"master_deck":["Strike_R","Strike_R","Strike_R","Strike_R","Strike_R","Defend_R","Defend_R","Defend_R","Defend_R","Bash","Barricade+1","Iron Wave","Rage","Heavy Blade","Flame Barrier","Armaments+1","Entrench","Combust","Exhume","Corruption+1","Shrug It Off","Brutality","Blood for Blood+1","Good Instincts","Searing Blow+6","Headbutt","Impervious","True Grit","Body Slam","Exhume","Burning Pact+1","Exhume","True Grit","Battle Trance+1","Infernal Blade+1"],"relics":["Burning Blood","Ornamental Fan","Matryoshka","Kunai","Eternal Feather","WingedGreaves","Ancient Tea Set","The Courier","Boot","Orrery"],"potions_floor_usage":[6,11,11,18,21,25,33,38],"damage_taken":[{"damage":8,"enemies":"Small Slimes","floor":1,"turns":4},{"damage":1,"enemies":"Cultist","floor":3,"turns":3},{"damage":8,"enemies":"2 Louse","floor":4,"turns":3},{"damage":6,"enemies":"Exordium Wildlife","floor":5,"turns":5},{"damage":5,"enemies":"Lagavulin","floor":6,"turns":11},{"damage":0,"enemies":"Large Slime","floor":7,"turns":8},{"damage":4,"enemies":"Blue Slaver","floor":10,"turns":5},{"damage":50,"enemies":"Gremlin Nob","floor":11,"turns":5},{"damage":14,"enemies":"Exordium Wildlife","floor":14,"turns":5},{"damage":11,"enemies":"Slime Boss","floor":16,"turns":13},{"damage":16,"enemies":"2 Thieves","floor":18,"turns":4},{"damage":5,"enemies":"Spheric Guardian","floor":20,"turns":6},{"damage":36,"enemies":"Chosen and Byrds","floor":21,"turns":7},{"damage":52,"enemies":"Gremlin Leader","floor":25,"turns":8},{"damage":25,"enemies":"Cultist and Chosen","floor":31,"turns":10},{"damage":9,"enemies":"Champ","floor":33,"turns":9},{"damage":6,"enemies":"3 Shapes","floor":35,"turns":7},{"damage":44,"enemies":"3 Darklings","floor":37,"turns":9},{"damage":26,"enemies":"Maw","floor":38,"turns":6},{"damage":22,"enemies":"Spire Growth","floor":39,"turns":2}],"seed_played":"1186381117869152943","potions_obtained":[{"floor":3,"key":"Poison Potion"},{"floor":4,"key":"FearPotion"},{"floor":5,"key":"AttackPotion"},{"floor":14,"key":"Energy Potion"},{"floor":18,"key":"Dexterity Potion"},{"floor":31,"key":"SkillPotion"},{"floor":33,"key":"Energy Potion"},{"floor":35,"key":"Poison Potion"}],"is_trial":false,"path_per_floor":["M","?","M","M","M","E","M","R","T","M","E","R","$","M","R","B",null,"M","?","M","M","$","R","R","E","T","$","R","R","R","M","R","B",null,"M","?","M","M","M"],"character_chosen":"IRONCLAD","items_purchased":["Corruption","Shrug It Off","Block Potion","WingedGreaves","True Grit"],"campfire_rested":1,"item_purchase_floors":[13,13,13,22,27],"current_hp_per_floor":[70,70,75,73,73,74,80,80,80,80,36,36,36,28,52,47,72,62,38,39,9,9,24,39,12,12,12,27,42,57,38,53,50,73,73,73,35,15,0],"gold":174,"neow_bonus":"ONE_RANDOM_RARE_CARD","is_prod":false,"is_daily":false,"chose_seed":false,"campfire_upgraded":8,"win_rate":0,"timestamp":1545870096,"path_taken":["M","?","M","?","M","E","M","R","T","M","E","R","$","M","R","BOSS","M","?","M","?","?","R","R","E","T","$","R","R","R","M","R","BOSS","M","?","M","?","M"],"build_version":"2018-12-20","purchased_purges":0,"victory":false,"max_hp_per_floor":[80,80,80,80,80,80,80,80,80,80,80,80,80,80,80,80,80,80,80,80,80,80,80,80,80,80,80,80,80,80,80,80,80,80,80,80,80,80,80],"card_choices":[{"not_picked":["Twin Strike","Warcry"],"picked":"Iron Wave","floor":1},{"not_picked":["Blood for Blood","Sentinel"],"picked":"Rage","floor":3},{"not_picked":["Sword Boomerang","Iron Wave"],"picked":"Heavy Blade","floor":4},{"not_picked":["Shrug It Off","Infernal Blade"],"picked":"Flame Barrier","floor":5},{"not_picked":["True Grit","Blood for Blood"],"picked":"Armaments","floor":6},{"not_picked":["Iron Wave","Cleave"],"picked":"Entrench","floor":7},{"not_picked":["Cleave","Iron Wave"],"picked":"Combust","floor":10},{"not_picked":["Pommel Strike","Cleave"],"picked":"Exhume","floor":11},{"not_picked":["Bloodletting","Fire Breathing","Armaments"],"picked":"SKIP","floor":14},{"not_picked":["Fiend Fire","Double Tap"],"picked":"Brutality","floor":16},{"not_picked":["Twin Strike","Wild Strike+1"],"picked":"Blood for Blood+1","floor":18},{"not_picked":["Headbutt","Cleave"],"picked":"Searing Blow+1","floor":20},{"not_picked":["Twin Strike","Searing Blow"],"picked":"Headbutt","floor":21},{"not_picked":["Clash+1","Corruption+1"],"picked":"Impervious","floor":25},{"not_picked":["Burning Pact","True Grit"],"picked":"Body Slam","floor":31},{"not_picked":["Reaper","Juggernaut"],"picked":"Exhume","floor":33},{"not_picked":["Havoc","Anger"],"picked":"Burning Pact+1","floor":34},{"not_picked":["Twin Strike+1","Wild Strike+1","Pommel Strike"],"picked":"SKIP","floor":35},{"not_picked":["Metallicize","Warcry+1"],"picked":"Battle Trance+1","floor":37},{"not_picked":["Pommel Strike","Twin Strike+1"],"picked":"Infernal Blade+1","floor":38}],"player_experience":122464,"relics_obtained":[{"floor":6,"key":"Ornamental Fan"},{"floor":9,"key":"Matryoshka"},{"floor":11,"key":"Kunai"},{"floor":25,"key":"Ancient Tea Set"},{"floor":26,"key":"The Courier"},{"floor":26,"key":"Boot"}],"event_choices":[{"damage_healed":0,"gold_gain":100,"player_choice":"Pray","damage_taken":0,"max_hp_gain":0,"max_hp_loss":0,"event_name":"Golden Shrine","floor":2,"gold_loss":0},{"damage_healed":0,"gold_gain":0,"player_choice":"CARD POTION ","damage_taken":24,"max_hp_gain":0,"max_hp_loss":0,"event_name":"Knowing Skull","floor":19,"potions_obtained":["FairyPotion"],"gold_loss":0,"cards_obtained":["Good Instincts"]},{"damage_healed":0,"gold_gain":0,"player_choice":"2 cards matched","damage_taken":0,"max_hp_gain":0,"max_hp_loss":0,"event_name":"Match and Keep!","floor":36,"gold_loss":0,"cards_obtained":["Exhume","True Grit"]}],"is_beta":false,"boss_relics":[{"not_picked":["Fusion Hammer","Coffee Dripper"],"picked":"Eternal Feather"},{"not_picked":["Runic Cube","Philosopher\u0027s Stone"],"picked":"Orrery"}],"items_purged_floors":[],"is_endless":false,"potions_floor_spawned":[3,4,5,14,18,20,31,33,35],"killed_by":"Spire Growth","ascension_level":6}