{"gold_per_floor":[110,130,130,130,150,183,203,219,219,219,232,64,142,142,142,270,270,307,307,146,156,195,195,250,250,323,323,323,341,341,374,374,374],"floor_reached":33,"playtime":2243,"items_purged":[],"score":409,"play_id":"9b99c40b-c0e7-48e5-a053-a2e4a97d3580","local_time":"20181226150953","is_ascension_mode":true,"campfire_choices":[{"data":"Armaments","floor":10,"key":"SMITH"},{"floor":15,"key":"REST"},{"data":"Clothesline","floor":23,"key":"SMITH"},{"data":"Feel No Pain","floor":25,"key":"SMITH"},{"data":"Bash","floor":28,"key":"SMITH"},{"floor":30,"key":"REST"},{"floor":32,"key":"REST"}],"neow_cost":"NONE","seed_source_timestamp":353423589358395,"circlet_count":0,"master_deck":["Defend_R","Defend_R","Defend_R","Defend_R","Bash+1","Shrug It Off+1","Rampage","Armaments+1","Disarm","Fiend Fire+1","Clothesline+1","Ghostly Armor+1","Feel No Pain+1","HandOfGreed+1","Whirlwind+1","True Grit","Fiend Fire+1","Combust+1","Iron Wave+1","Body Slam+1","Clothesline+1","Bite+1","Bite+1","Bite+1","Bite+1","Bite+1","Feel No Pain+1","Flex","Iron Wave+1","Pommel Strike+1"],"relics":["Burning Blood","The Courier","Dream Catcher","Molten Egg 2","Bottled Lightning","Eternal Feather","Toy Ornithopter","War Paint","Pear","Strawberry"],"potions_floor_usage":[8,13,16,24,24,24,31],"damage_taken":[{"damage":1,"enemies":"Cultist","floor":1,"turns":3},{"damage":8,"enemies":"2 Louse","floor":2,"turns":3},{"damage":0,"enemies":"Small Slimes","floor":5,"turns":3},{"damage":29,"enemies":"Lagavulin","floor":6,"turns":9},{"damage":8,"enemies":"Blue Slaver","floor":7,"turns":5},{"damage":12,"enemies":"Exordium Thugs","floor":8,"turns":4},{"damage":24,"enemies":"Lots of Slimes","floor":11,"turns":5},{"damage":14,"enemies":"3 Sentries","floor":13,"turns":8},{"damage":47,"enemies":"Slime Boss","floor":16,"turns":9},{"damage":3,"enemies":"Shell Parasite","floor":18,"turns":6},{"damage":3,"enemies":"3 Byrds","floor":21,"turns":3},{"damage":26,"enemies":"Snake Plant","floor":22,"turns":6},{"damage":48,"enemies":"Slavers","floor":24,"turns":4},{"damage":87,"enemies":"Sentry and Sphere","floor":29,"turns":10},{"damage":55,"enemies":"Book of Stabbing","floor":31,"turns":8},{"damage":84,"enemies":"Automaton","floor":33,"turns":6}],"seed_played":"8675088975386479280","potions_obtained":[{"floor":6,"key":"Swift Potion"},{"floor":7,"key":"EssenceOfSteel"},{"floor":11,"key":"Poison Potion"},{"floor":16,"key":"Ancient Potion"},{"floor":18,"key":"Strength Potion"},{"floor":19,"key":"Explosive Potion"},{"floor":29,"key":"SkillPotion"}],"is_trial":false,"path_per_floor":["M","M","?","?","M","E","M","M","T","R","M","$","E","?","R","B",null,"M","?","$","M","M","R","E","R","T","?","R","M","R","E","R","B"],"character_chosen":"IRONCLAD","items_purchased":["Feel No Pain","HandOfGreed+1","Toy Ornithopter"],"campfire_rested":3,"item_purchase_floors":[12,12,20],"current_hp_per_floor":[85,83,76,76,82,59,57,51,51,51,33,33,25,25,51,10,69,72,72,72,75,55,70,43,58,68,68,68,11,46,24,61,0],"gold":374,"neow_bonus":"TEN_PERCENT_HP_BONUS","is_prod":false,"is_daily":false,"chose_seed":false,"campfire_upgraded":4,"win_rate":0,"timestamp":1545865793,"path_taken":["M","M","?","?","M","E","M","M","T","R","M","$","E","?","R","BOSS","M","?","$","?","?","R","E","R","T","?","R","M","R","E","R","BOSS"],"build_version":"2018-12-20","purchased_purges":0,"victory":false,"max_hp_per_floor":[88,88,88,88,88,88,88,88,88,88,88,88,88,88,88,88,88,88,88,88,88,88,88,88,88,98,68,68,68,68,75,75,75],"card_choices":[{"not_picked":["Sword Boomerang","Perfected Strike"],"picked":"Shrug It Off","floor":1},{"not_picked":["Rupture","Thunderclap"],"picked":"Rampage","floor":2},{"not_picked":["Wild Strike","Pommel Strike"],"picked":"Armaments","floor":5},{"not_picked":["Hemokinesis","Twin Strike"],"picked":"Disarm","floor":6},{"not_picked":["Wild Strike","Havoc"],"picked":"Fiend Fire","floor":7},{"not_picked":["Perfected Strike","Cleave"],"picked":"Clothesline","floor":8},{"not_picked":["Perfected Strike+1","Flex"],"picked":"Ghostly Armor","floor":11},{"not_picked":["Twin Strike+1","Body Slam+1"],"picked":"Whirlwind+1","floor":13},{"not_picked":["Berserk","Thunderclap+1"],"picked":"True Grit","floor":15},{"not_picked":["Barricade","Demon Form"],"picked":"Fiend Fire+1","floor":16},{"not_picked":["Warcry","Clash+1"],"picked":"Combust+1","floor":18},{"not_picked":["Reckless Charge+1","Cleave+1"],"picked":"Iron Wave+1","floor":21},{"not_picked":["Anger+1","Armaments"],"picked":"Body Slam+1","floor":22},{"not_picked":["Twin Strike+1","Clash+1"],"picked":"Clothesline+1","floor":24},{"not_picked":["Shrug It Off","Infernal Blade"],"picked":"Feel No Pain+1","floor":29},{"not_picked":["Limit Break","Cleave+1"],"picked":"Flex","floor":30},{"not_picked":["Clothesline+1","Heavy Blade+1"],"picked":"Iron Wave+1","floor":31},{"not_picked":["Flex","Whirlwind+1"],"picked":"Pommel Strike+1","floor":32}],"player_experience":118676,"relics_obtained":[{"floor":6,"key":"Dream Catcher"},{"floor":9,"key":"Molten Egg 2"},{"floor":13,"key":"Bottled Lightning"},{"floor":24,"key":"War Paint"},{"floor":26,"key":"Pear"},{"floor":31,"key":"Strawberry"}],"event_choices":[{"damage_healed":0,"gold_gain":0,"player_choice":"Success","damage_taken":7,"relics_obtained":["The Courier"],"max_hp_gain":0,"max_hp_loss":0,"event_name":"Scrap Ooze","floor":3,"gold_loss":0},{"damage_healed":0,"gold_gain":0,"player_choice":"Ignored","damage_taken":0,"max_hp_gain":0,"max_hp_loss":0,"event_name":"Golden Wing","floor":4,"gold_loss":0},{"damage_healed":0,"gold_gain":0,"player_choice":"Grow","damage_taken":0,"max_hp_gain":0,"max_hp_loss":0,"event_name":"Living Wall","floor":14,"gold_loss":0,"cards_upgraded":["Fiend Fire"]},{"damage_healed":0,"gold_gain":0,"player_choice":"Got Potions","damage_taken":0,"max_hp_gain":0,"max_hp_loss":0,"event_name":"Lab","floor":19,"gold_loss":0},{"damage_healed":0,"gold_gain":0,"player_choice":"Became a vampire","damage_taken":0,"max_hp_gain":0,"max_hp_loss":30,"event_name":"Vampires","floor":27,"gold_loss":0,"cards_obtained":["Bite","Bite","Bite","Bite","Bite"]}],"is_beta":false,"boss_relics":[{"not_picked":["Runic Cube","Empty Cage"],"picked":"Eternal Feather"}],"items_purged_floors":[],"is_endless":false,"potions_floor_spawned":[6,7,11,16,18,29],"killed_by":"Automaton","ascension_level":6}