{"gold_per_floor":[14,14,26,40,51,51,85,85,132,160,190,204,222,397,397,497,497,511,511,287,307,324,351,351,380,380,398,413,413,413,413,413,513,513,532,532,532,582,120,154,172,199,199,199,199,40,53,64,64,64],"floor_reached":51,"playtime":5178,"items_purged":[],"score":896,"play_id":"ebf41c3f-bd3a-4c3f-a7b2-c86bf9bfeb29","local_time":"20190122195158","is_ascension_mode":true,"campfire_choices":[{"floor":6,"key":"REST"},{"data":"Feed","floor":8,"key":"SMITH"},{"floor":15,"key":"REST"},{"data":"Immolate","floor":24,"key":"SMITH"},{"data":"Double Tap","floor":30,"key":"SMITH"},{"floor":32,"key":"REST"},{"data":"Inflame","floor":44,"key":"SMITH"},{"floor":49,"key":"REST"}],"neow_cost":"NO_GOLD","seed_source_timestamp":1176980576770430,"circlet_count":0,"master_deck":["Strike_R","Strike_R","Defend_R","Defend_R","Defend_R","Bash","Offering","Carnage","Inflame+1","Shockwave","Body Slam","Feed+1","Shrug It Off","Flame Barrier","Impervious","Metallicize+1","Immolate+1","Carnage","Pommel Strike","Spot Weakness+1","Havoc+1","Double Tap+1","Feed+1","Rampage+1","Dropkick+1","Ghostly Armor+1","Whirlwind+1","Burning Pact+1","Impervious","Shockwave+1","Metallicize+1","Reaper+1","Armaments+1","Headbutt+1"],"relics":["Burning Blood","Ornamental Fan","PreservedInsect","Omamori","Gambling Chip","Odd Mushroom","Snecko Eye","Bronze Scales","Molten Egg 2","Bag of Preparation","Astrolabe","Mango","Bag of Marbles","Sundial","Toxic Egg 2","Boot","Blood Vial"],"potions_floor_usage":[16,16,16,25,33,33,42,47,48,50,50],"damage_taken":[{"damage":9,"enemies":"2 Louse","floor":1,"turns":4},{"damage":13,"enemies":"Jaw Worm","floor":3,"turns":2},{"damage":0,"enemies":"Cultist","floor":4,"turns":4},{"damage":14,"enemies":"3 Louse","floor":5,"turns":4},{"damage":31,"enemies":"3 Sentries","floor":7,"turns":6},{"damage":22,"enemies":"Gremlin Nob","floor":10,"turns":3},{"damage":26,"enemies":"The Mushroom Lair","floor":11,"turns":5},{"damage":2,"enemies":"Looter","floor":12,"turns":3},{"damage":13,"enemies":"Blue Slaver","floor":13,"turns":4},{"damage":32,"enemies":"The Guardian","floor":16,"turns":10},{"damage":0,"enemies":"Chosen","floor":18,"turns":4},{"damage":7,"enemies":"2 Thieves","floor":21,"turns":3},{"damage":4,"enemies":"Chosen and Byrds","floor":22,"turns":4},{"damage":3,"enemies":"Slavers","floor":23,"turns":3},{"damage":28,"enemies":"Gremlin Leader","floor":25,"turns":5},{"damage":6,"enemies":"Snecko","floor":27,"turns":2},{"damage":6,"enemies":"Centurion and Healer","floor":28,"turns":3},{"damage":47,"enemies":"Champ","floor":33,"turns":8},{"damage":0,"enemies":"Orb Walker","floor":35,"turns":2},{"damage":10,"enemies":"2 Orb Walkers","floor":38,"turns":3},{"damage":25,"enemies":"Reptomancer","floor":40,"turns":3},{"damage":0,"enemies":"3 Darklings","floor":41,"turns":2},{"damage":11,"enemies":"Giant Head","floor":42,"turns":6},{"damage":22,"enemies":"Sphere and 2 Shapes","floor":47,"turns":4},{"damage":30,"enemies":"Writhing Mass","floor":48,"turns":3},{"damage":153,"enemies":"Awakened One","floor":50,"turns":14}],"seed_played":"-6554381479134121150","potions_obtained":[{"floor":1,"key":"Poison Potion"},{"floor":5,"key":"Ancient Potion"},{"floor":7,"key":"PowerPotion"},{"floor":11,"key":"AttackPotion"},{"floor":16,"key":"Block Potion"},{"floor":21,"key":"Poison Potion"},{"floor":23,"key":"Fruit Juice"},{"floor":25,"key":"GamblersBrew"},{"floor":31,"key":"Fruit Juice"},{"floor":33,"key":"Energy Potion"},{"floor":35,"key":"Dexterity Potion"},{"floor":40,"key":"Energy Potion"},{"floor":42,"key":"Explosive Potion"},{"floor":47,"key":"Regen Potion"}],"is_trial":false,"path_per_floor":["M","?","M","M","M","R","E","R","T","E","?","M","M","?","R","B",null,"M","?","$","M","M","E","R","E","T","M","M","?","R","?","R","B",null,"M","?","?","?","$","E","M","E","T","R","$","$","M","M","R","B",null],"character_chosen":"IRONCLAD","items_purchased":["Immolate","Carnage","Bag of Marbles","Sundial","Impervious","Reaper+1"],"campfire_rested":4,"item_purchase_floors":[20,20,39,39,39,46],"current_hp_per_floor":[77,70,63,69,61,80,55,55,55,43,27,35,28,28,55,29,92,96,96,96,95,96,100,100,87,87,87,87,65,65,65,99,63,119,119,119,119,133,133,114,120,115,115,115,115,115,101,92,134,20],"gold":64,"neow_bonus":"THREE_RARE_CARDS","is_prod":false,"is_daily":false,"chose_seed":false,"campfire_upgraded":4,"win_rate":0,"timestamp":1548204718,"path_taken":["M","?","M","M","M","R","E","R","T","E","?","?","M","?","R","BOSS","M","?","$","M","M","E","R","E","T","M","M","?","R","?","R","BOSS","M","?","?","?","$","E","M","E","T","R","?","$","M","M","R","BOSS"],"build_version":"2019-01-17v2","purchased_purges":0,"victory":true,"max_hp_per_floor":[80,80,80,80,80,80,80,80,80,84,88,92,92,92,92,92,92,96,96,96,96,96,100,100,109,109,109,109,114,114,114,114,119,119,119,119,119,137,137,137,137,137,137,137,137,137,137,141,141,141],"card_choices":[{"not_picked":["Bludgeon","Berserk"],"picked":"Offering","floor":0},{"not_picked":["Perfected Strike","Heavy Blade"],"picked":"Carnage","floor":1},{"not_picked":["Body Slam","Burning Pact"],"picked":"Inflame","floor":3},{"not_picked":["Disarm","Wild Strike"],"picked":"Shockwave","floor":4},{"not_picked":["Thunderclap","Flex"],"picked":"Body Slam","floor":5},{"not_picked":["Flex","Anger"],"picked":"Feed","floor":7},{"not_picked":["Wild Strike","Cleave"],"picked":"Shrug It Off","floor":10},{"not_picked":["Clothesline","Twin Strike"],"picked":"Flame Barrier","floor":11},{"not_picked":["Body Slam","Iron Wave","Cleave"],"picked":"SKIP","floor":12},{"not_picked":["Wild Strike","Twin Strike","Feel No Pain"],"picked":"SKIP","floor":13},{"not_picked":["Berserk","Bludgeon"],"picked":"Impervious","floor":16},{"not_picked":["Heavy Blade","Shrug It Off"],"picked":"Metallicize+1","floor":18},{"not_picked":["Body Slam","Sentinel+1"],"picked":"Pommel Strike","floor":21},{"not_picked":["Intimidate","Shrug It Off"],"picked":"Spot Weakness+1","floor":22},{"not_picked":["Cleave","Blood for Blood"],"picked":"Havoc+1","floor":23},{"not_picked":["Blood for Blood+1","Rage+1","Cleave"],"picked":"SKIP","floor":25},{"not_picked":["Warcry","Dual Wield","True Grit"],"picked":"SKIP","floor":27},{"not_picked":["Seeing Red","Havoc"],"picked":"Double Tap","floor":28},{"not_picked":["Dark Embrace","Impervious"],"picked":"Feed+1","floor":33},{"not_picked":["Disarm+1","Headbutt+1"],"picked":"Whirlwind+1","floor":35},{"not_picked":["Clash+1","Havoc+1"],"picked":"Burning Pact+1","floor":38},{"not_picked":["Seeing Red","Ghostly Armor+1","Sword Boomerang+1"],"picked":"SKIP","floor":40},{"not_picked":["Searing Blow+1","Perfected Strike+1"],"picked":"Shockwave+1","floor":41},{"not_picked":["Uppercut+1","Iron Wave+1"],"picked":"Metallicize+1","floor":42},{"not_picked":["Sword Boomerang+1","Wild Strike+1"],"picked":"Armaments+1","floor":47},{"not_picked":["Cleave+1","Brutality"],"picked":"Headbutt+1","floor":48}],"player_experience":179061,"relics_obtained":[{"floor":7,"key":"PreservedInsect"},{"floor":9,"key":"Omamori"},{"floor":10,"key":"Gambling Chip"},{"floor":11,"key":"Odd Mushroom"},{"floor":23,"key":"Bronze Scales"},{"floor":25,"key":"Molten Egg 2"},{"floor":26,"key":"Bag of Preparation"},{"floor":38,"key":"Mango"},{"floor":40,"key":"Toxic Egg 2"},{"floor":42,"key":"Boot"},{"floor":43,"key":"Blood Vial"}],"event_choices":[{"damage_healed":0,"gold_gain":0,"player_choice":"Success","damage_taken":7,"relics_obtained":["Ornamental Fan"],"max_hp_gain":0,"max_hp_loss":0,"event_name":"Scrap Ooze","floor":2,"gold_loss":0},{"damage_healed":0,"gold_gain":0,"player_choice":"Fought Mushrooms","damage_taken":0,"max_hp_gain":0,"max_hp_loss":0,"event_name":"Mushrooms","floor":11,"gold_loss":0},{"damage_healed":0,"gold_gain":175,"player_choice":"AGREE","damage_taken":0,"max_hp_gain":0,"max_hp_loss":0,"event_name":"Liars Game","floor":14,"gold_loss":0,"cards_obtained":["Doubt"]},{"damage_healed":0,"gold_gain":0,"player_choice":"Ignored","damage_taken":0,"max_hp_gain":0,"max_hp_loss":0,"event_name":"Ghosts","floor":19,"gold_loss":0},{"damage_healed":0,"gold_gain":0,"player_choice":"Shed Blood","damage_taken":27,"max_hp_gain":5,"max_hp_loss":0,"event_name":"Forgotten Altar","floor":29,"gold_loss":0},{"damage_healed":0,"gold_gain":0,"player_choice":"Got Potions","damage_taken":0,"max_hp_gain":0,"max_hp_loss":0,"event_name":"Lab","floor":31,"gold_loss":0},{"damage_healed":30,"gold_gain":0,"player_choice":"Writhe","damage_taken":0,"max_hp_gain":0,"max_hp_loss":0,"event_name":"Winding Halls","floor":36,"gold_loss":0,"cards_obtained":["Writhe"]},{"cards_removed":["Defend_R"],"damage_healed":0,"gold_gain":0,"player_choice":"Removed Skill","damage_taken":0,"max_hp_gain":0,"max_hp_loss":0,"event_name":"Falling","floor":37,"gold_loss":0},{"damage_healed":0,"gold_gain":0,"player_choice":"Fight","damage_taken":0,"max_hp_gain":0,"max_hp_loss":0,"event_name":"Mysterious Sphere","floor":38,"gold_loss":0}],"is_beta":false,"boss_relics":[{"not_picked":["Runic Dome","Runic Cube"],"picked":"Snecko Eye"},{"not_picked":["Lizard Tail","Busted Crown"],"picked":"Astrolabe"}],"items_purged_floors":[],"is_endless":false,"potions_floor_spawned":[1,5,7,11,13,16,21,23,25,33,35,40,42,47],"ascension_level":4}