{"gold_per_floor":[20,20,31,31,50,77,87,115,142,142,155,155,166,180,180,277,277,297,76,96,70,70,70,83,83,83,83,83],"floor_reached":28,"playtime":1607,"items_purged":["Searing Blow"],"score":324,"play_id":"e0df9223-d552-4826-a639-c84ce9d8d06b","local_time":"20181226173801","is_ascension_mode":true,"campfire_choices":[{"data":"Uppercut","floor":10,"key":"SMITH"},{"data":"Juggernaut","floor":12,"key":"SMITH"},{"data":"Bash","floor":15,"key":"SMITH"},{"floor":23,"key":"REST"}],"neow_cost":"NO_GOLD","seed_source_timestamp":362947556544433,"circlet_count":0,"master_deck":["Bash+1","Offering","Clothesline","Rage","Juggernaut+1","Cleave","Uppercut+1","Intimidate","Flame Barrier","Burning Pact","Demon Form","Juggernaut","Uppercut","Uppercut","Dropkick","Combust","Berserk","Brutality","Immolate","True Grit","Finesse","Iron Wave","Shrug It Off","Iron Wave","Ghostly","Ghostly","Ghostly","Ghostly","Ghostly"],"relics":["Burning Blood","Blood Vial","Oddly Smooth Stone","Potion Belt","Pandora\u0027s Box","Ice Cream"],"potions_floor_usage":[6,8,14,16,18,20,20,22,24,24],"damage_taken":[{"damage":6,"enemies":"Cultist","floor":1,"turns":3},{"damage":13,"enemies":"Jaw Worm","floor":3,"turns":2},{"damage":4,"enemies":"Small Slimes","floor":5,"turns":4},{"damage":20,"enemies":"Gremlin Nob","floor":6,"turns":4},{"damage":5,"enemies":"3 Louse","floor":7,"turns":5},{"damage":14,"enemies":"Lagavulin","floor":8,"turns":5},{"damage":6,"enemies":"Exordium Wildlife","floor":11,"turns":2},{"damage":0,"enemies":"Large Slime","floor":13,"turns":4},{"damage":9,"enemies":"Lots of Slimes","floor":14,"turns":3},{"damage":43,"enemies":"The Guardian","floor":16,"turns":10},{"damage":14,"enemies":"3 Byrds","floor":18,"turns":3},{"damage":39,"enemies":"Shell Parasite","floor":20,"turns":5},{"damage":25,"enemies":"Colosseum Slavers","floor":22,"turns":5},{"damage":32,"enemies":"Shelled Parasite and Fungi","floor":24,"turns":6},{"damage":17,"enemies":"Centurion and Healer","floor":28,"turns":8}],"seed_played":"837760698251003304","potions_obtained":[{"floor":2,"key":"GamblersBrew"},{"floor":2,"key":"Energy Potion"},{"floor":2,"key":"Regen Potion"},{"floor":7,"key":"Energy Potion"},{"floor":8,"key":"Ancient Potion"},{"floor":11,"key":"Weak Potion"},{"floor":14,"key":"EssenceOfSteel"},{"floor":16,"key":"Swift Potion"},{"floor":18,"key":"Explosive Potion"},{"floor":20,"key":"Weak Potion"}],"is_trial":false,"path_per_floor":["M","?","M","$","M","E","M","E","T","R","M","R","M","M","R","B",null,"M","$","M","$","?","R","M","?","T","?","M"],"character_chosen":"IRONCLAD","items_purchased":["True Grit","Finesse","Shrug It Off"],"campfire_rested":1,"item_purchase_floors":[19,19,21],"current_hp_per_floor":[72,72,65,65,67,53,56,50,50,50,52,52,60,59,59,24,66,60,60,41,41,24,48,24,24,24,15,0],"gold":83,"neow_bonus":"THREE_RARE_CARDS","is_prod":false,"is_daily":false,"chose_seed":false,"campfire_upgraded":3,"win_rate":0,"timestamp":1545874681,"path_taken":["M","?","M","$","M","E","M","E","T","R","M","R","M","M","R","BOSS","M","$","M","?","?","R","M","?","T","?","?"],"build_version":"2018-12-20","purchased_purges":1,"victory":false,"max_hp_per_floor":[80,80,80,80,80,80,80,80,80,80,80,80,80,80,80,80,80,80,80,80,80,80,80,80,40,40,40,40],"card_choices":[{"not_picked":["Brutality","Feed"],"picked":"Offering","floor":0},{"not_picked":["Body Slam","Clash","Warcry"],"picked":"SKIP","floor":1},{"not_picked":["Intimidate","Body Slam"],"picked":"Clothesline","floor":3},{"not_picked":["Headbutt","Fire Breathing"],"picked":"Rage","floor":5},{"not_picked":["Ghostly Armor","Infernal Blade"],"picked":"Juggernaut","floor":6},{"not_picked":["Dropkick","Combust"],"picked":"Cleave","floor":7},{"not_picked":["Shrug It Off","Warcry"],"picked":"Uppercut","floor":8},{"not_picked":["Pummel","Clothesline"],"picked":"Intimidate","floor":11},{"not_picked":["Bloodletting","Clothesline"],"picked":"Flame Barrier","floor":13},{"not_picked":["Cleave","Sword Boomerang"],"picked":"Burning Pact","floor":14},{"not_picked":["Feed","Bludgeon"],"picked":"Demon Form","floor":16},{"not_picked":["Rampage","Perfected Strike","Sever Soul"],"picked":"SKIP","floor":18},{"not_picked":["Rampage+1","Warcry"],"picked":"Iron Wave","floor":20},{"not_picked":["Demon Form","Warcry+1"],"picked":"Iron Wave","floor":24}],"player_experience":128157,"relics_obtained":[{"floor":6,"key":"Blood Vial"},{"floor":8,"key":"Oddly Smooth Stone"},{"floor":9,"key":"Potion Belt"},{"floor":26,"key":"Ice Cream"}],"event_choices":[{"damage_healed":0,"gold_gain":0,"player_choice":"Got Potions","damage_taken":0,"max_hp_gain":0,"max_hp_loss":0,"event_name":"Lab","floor":2,"gold_loss":0},{"damage_healed":0,"gold_gain":0,"player_choice":"Fight","damage_taken":0,"max_hp_gain":0,"max_hp_loss":0,"event_name":"Colosseum","floor":22,"gold_loss":0},{"damage_healed":0,"gold_gain":0,"player_choice":"Fled From Nobs","damage_taken":0,"max_hp_gain":0,"max_hp_loss":0,"event_name":"Colosseum","floor":22,"gold_loss":0},{"damage_healed":0,"gold_gain":0,"player_choice":"Became a Ghost","damage_taken":0,"max_hp_gain":0,"max_hp_loss":40,"event_name":"Ghosts","floor":25,"gold_loss":0,"cards_obtained":["Ghostly","Ghostly","Ghostly","Ghostly","Ghostly"]},{"damage_healed":0,"gold_gain":0,"player_choice":"Stopped","damage_taken":9,"max_hp_gain":0,"max_hp_loss":0,"event_name":"Cursed Tome","floor":27,"gold_loss":0}],"is_beta":false,"boss_relics":[{"not_picked":["Orrery","Astrolabe"],"picked":"Pandora\u0027s Box"}],"items_purged_floors":[19],"is_endless":false,"potions_floor_spawned":[3,7,8,11,14,16,18,20],"killed_by":"Centurion and Healer","ascension_level":6}