{"gold_per_floor":[19,19,19,33,44,78,78,98,150,160,171,93,93,111,111,215,215,231,231,251,60,80,80,100,100,100,116,116,116,180,198,198,303,303,320,320,320,320,335,335,355,372,372,372,372,399,417,434,434,434],"floor_reached":50,"playtime":3710,"items_purged":[],"score":647,"play_id":"e213f9e2-dc2a-4d8e-98f4-0b62e76a2b18","local_time":"20181226213515","is_ascension_mode":true,"campfire_choices":[{"data":"Hemokinesis","floor":7,"key":"SMITH"},{"data":"Clothesline","floor":13,"key":"SMITH"},{"data":"Iron Wave","floor":15,"key":"SMITH"},{"data":"Limit Break","floor":23,"key":"SMITH"},{"data":"Double Tap","floor":28,"key":"SMITH"},{"data":"Shockwave","floor":32,"key":"SMITH"},{"data":"True Grit","floor":40,"key":"SMITH"},{"data":"Heavy Blade","floor":45,"key":"SMITH"},{"floor":49,"key":"RECALL"}],"neow_cost":"NO_GOLD","seed_source_timestamp":375077643319994,"circlet_count":0,"master_deck":["Strike_R","Strike_R","Strike_R","Strike_R+1","Defend_R+1","Defend_R","Defend_R","Defend_R+1","Bash","Cleave","Iron Wave+1","Hemokinesis+1","Clothesline+1","Shrug It Off+1","Spot Weakness+1","Anger","Dropkick","Limit Break+1","Shockwave+1","Uppercut","Double Tap+1","True Grit+1","Iron Wave","Headbutt+1","Battle Trance+1","Heavy Blade+1","Doubt","Evolve+1","Rage+1","Body Slam+1"],"relics":["Burning Blood","The Courier","War Paint","Coffee Dripper","Shuriken","Dodecahedron","Tiny Chest","Snecko Eye","Ancient Tea Set"],"potions_floor_usage":[6,16,16,24,24,30,30,33,33,41,50,50],"damage_taken":[{"damage":4,"enemies":"Jaw Worm","floor":1,"turns":4},{"damage":0,"enemies":"2 Louse","floor":4,"turns":2},{"damage":0,"enemies":"Cultist","floor":5,"turns":3},{"damage":14,"enemies":"Gremlin Nob","floor":6,"turns":4},{"damage":6,"enemies":"2 Fungi Beasts","floor":8,"turns":4},{"damage":17,"enemies":"Large Slime","floor":10,"turns":5},{"damage":10,"enemies":"Red Slaver","floor":11,"turns":4},{"damage":0,"enemies":"3 Louse","floor":14,"turns":2},{"damage":20,"enemies":"Hexaghost","floor":16,"turns":9},{"damage":5,"enemies":"2 Thieves","floor":18,"turns":4},{"damage":2,"enemies":"Chosen","floor":20,"turns":3},{"damage":7,"enemies":"3 Cultists","floor":22,"turns":5},{"damage":12,"enemies":"Centurion and Healer","floor":24,"turns":4},{"damage":25,"enemies":"Colosseum Slavers","floor":25,"turns":4},{"damage":13,"enemies":"Shelled Parasite and Fungi","floor":27,"turns":5},{"damage":21,"enemies":"Slavers","floor":30,"turns":5},{"damage":4,"enemies":"Cultist and Chosen","floor":31,"turns":3},{"damage":17,"enemies":"Collector","floor":33,"turns":7},{"damage":22,"enemies":"3 Darklings","floor":35,"turns":3},{"damage":10,"enemies":"Orb Walker","floor":39,"turns":3},{"damage":9,"enemies":"4 Shapes","floor":41,"turns":8},{"damage":24,"enemies":"Jaw Worm Horde","floor":42,"turns":5},{"damage":43,"enemies":"Reptomancer","floor":46,"turns":5},{"damage":16,"enemies":"Maw","floor":47,"turns":6},{"damage":0,"enemies":"Sphere and 2 Shapes","floor":48,"turns":4},{"damage":55,"enemies":"Time Eater","floor":50,"turns":3}],"seed_played":"-7186012030931464283","potions_obtained":[{"floor":4,"key":"Ancient Potion"},{"floor":8,"key":"Poison Potion"},{"floor":14,"key":"SkillPotion"},{"floor":16,"key":"Ancient Potion"},{"floor":20,"key":"Explosive Potion"},{"floor":22,"key":"PowerPotion"},{"floor":27,"key":"Fire Potion"},{"floor":30,"key":"AttackPotion"},{"floor":31,"key":"PowerPotion"},{"floor":35,"key":"Fire Potion"},{"floor":42,"key":"LiquidBronze"},{"floor":48,"key":"PowerPotion"}],"is_trial":false,"path_per_floor":["M","?","?","M","M","E","R","M","T","M","M","$","R","M","R","B",null,"M","?","M","$","M","R","M","?","T","M","R","?","E","M","R","B",null,"M","?","?","?","M","R","M","M","T","?","R","E","M","M","R","B"],"character_chosen":"IRONCLAD","items_purchased":["Swift Potion","Weak Potion","Shuriken"],"campfire_rested":0,"item_purchase_floors":[12,12,21],"current_hp_per_floor":[90,90,71,77,83,75,75,75,75,64,60,60,60,66,66,52,85,86,86,90,90,89,89,83,64,64,57,57,96,81,83,83,72,90,74,74,74,74,70,70,67,49,49,91,91,54,44,50,50,0],"gold":434,"neow_bonus":"TWENTY_PERCENT_HP_BONUS","is_prod":false,"is_daily":false,"chose_seed":false,"campfire_upgraded":8,"win_rate":0,"timestamp":1545888915,"path_taken":["M","?","?","M","M","E","R","M","T","M","M","$","R","M","R","BOSS","M","?","M","?","M","R","M","?","T","M","R","?","E","?","R","BOSS","M","?","?","?","?","R","M","M","T","?","R","E","M","M","R","BOSS"],"build_version":"2018-12-20","purchased_purges":0,"victory":false,"max_hp_per_floor":[96,96,96,96,96,96,96,96,96,96,96,96,96,96,96,96,96,96,96,96,96,96,96,96,96,96,96,96,96,96,96,96,96,96,96,96,91,91,91,91,91,91,91,91,91,91,91,91,91,91],"card_choices":[{"not_picked":["Sword Boomerang","Twin Strike"],"picked":"Cleave","floor":1},{"not_picked":["Sever Soul","Sword Boomerang"],"picked":"Iron Wave","floor":4},{"not_picked":["Rage","Battle Trance"],"picked":"Hemokinesis","floor":5},{"not_picked":["Havoc","Headbutt"],"picked":"Clothesline","floor":6},{"not_picked":["Juggernaut","Second Wind"],"picked":"Shrug It Off","floor":8},{"not_picked":["Body Slam","Headbutt"],"picked":"Spot Weakness","floor":10},{"not_picked":["Fire Breathing","Havoc"],"picked":"Anger","floor":11},{"not_picked":["Anger","Juggernaut"],"picked":"Dropkick","floor":14},{"not_picked":["Dark Embrace","Fiend Fire"],"picked":"Limit Break","floor":16},{"not_picked":["Body Slam+1","Cleave+1"],"picked":"Shockwave","floor":18},{"not_picked":["Clothesline","Iron Wave"],"picked":"Uppercut","floor":20},{"not_picked":["Twin Strike","Rupture+1"],"picked":"Double Tap","floor":22},{"not_picked":["Body Slam","Anger"],"picked":"True Grit","floor":24},{"not_picked":["Warcry+1","Armaments"],"picked":"Iron Wave","floor":27},{"not_picked":["Anger","Shockwave+1"],"picked":"Headbutt+1","floor":30},{"not_picked":["Body Slam","Berserk","Dual Wield"],"picked":"SKIP","floor":31},{"not_picked":["Sentinel","Anger","Clothesline+1"],"picked":"SKIP","floor":35},{"not_picked":["Iron Wave","Sever Soul","Anger+1"],"picked":"SKIP","floor":39},{"not_picked":["Whirlwind+1","Rupture"],"picked":"Battle Trance+1","floor":41},{"not_picked":["Twin Strike","Dark Embrace"],"picked":"Heavy Blade","floor":42},{"not_picked":["Iron Wave+1","Anger+1"],"picked":"Evolve+1","floor":46},{"not_picked":["Burning Pact+1","Warcry"],"picked":"Rage+1","floor":47},{"not_picked":["Flex","Blood for Blood"],"picked":"Body Slam+1","floor":48}],"player_experience":133037,"relics_obtained":[{"floor":6,"key":"The Courier"},{"floor":9,"key":"War Paint"},{"floor":26,"key":"Dodecahedron"},{"floor":30,"key":"Tiny Chest"},{"floor":46,"key":"Ancient Tea Set"}],"event_choices":[{"damage_healed":0,"gold_gain":0,"player_choice":"Ignored","damage_taken":0,"max_hp_gain":0,"max_hp_loss":0,"event_name":"Golden Wing","floor":2,"gold_loss":0},{"damage_healed":0,"gold_gain":0,"player_choice":"Entered Light","damage_taken":19,"max_hp_gain":0,"max_hp_loss":0,"event_name":"Shining Light","floor":3,"gold_loss":0,"cards_upgraded":["Strike_R","Defend_R"]},{"cards_removed":["Strike_R"],"damage_healed":0,"gold_gain":0,"player_choice":"Purged","damage_taken":0,"max_hp_gain":0,"max_hp_loss":0,"event_name":"Purifier","floor":19,"gold_loss":0},{"damage_healed":0,"gold_gain":0,"player_choice":"Fight","damage_taken":0,"max_hp_gain":0,"max_hp_loss":0,"event_name":"Colosseum","floor":25,"gold_loss":0},{"damage_healed":0,"gold_gain":0,"player_choice":"Fled From Nobs","damage_taken":0,"max_hp_gain":0,"max_hp_loss":0,"event_name":"Colosseum","floor":25,"gold_loss":0},{"damage_healed":39,"gold_gain":0,"player_choice":"Full Heal","damage_taken":0,"max_hp_gain":0,"max_hp_loss":0,"event_name":"Wheel of Change","floor":29,"gold_loss":0},{"damage_healed":0,"gold_gain":0,"player_choice":"Ignored","damage_taken":0,"max_hp_gain":0,"max_hp_loss":0,"event_name":"Tomb of Lord Red Mask","floor":36,"gold_loss":0},{"damage_healed":0,"gold_gain":0,"player_choice":"Max HP","damage_taken":0,"max_hp_gain":0,"max_hp_loss":5,"event_name":"Winding Halls","floor":37,"gold_loss":0},{"damage_healed":0,"gold_gain":0,"player_choice":"Upgraded","damage_taken":0,"max_hp_gain":0,"max_hp_loss":0,"event_name":"Upgrade Shrine","floor":38,"gold_loss":0,"cards_upgraded":["Spot Weakness"]},{"damage_healed":42,"gold_gain":0,"player_choice":"Heal","damage_taken":0,"max_hp_gain":0,"max_hp_loss":0,"event_name":"MindBloom","floor":44,"gold_loss":0,"cards_obtained":["Doubt"]}],"is_beta":false,"boss_relics":[{"not_picked":["Eternal Feather","Black Blood"],"picked":"Coffee Dripper"},{"not_picked":["Runic Cube","Fusion Hammer"],"picked":"Snecko Eye"}],"items_purged_floors":[],"is_endless":false,"potions_floor_spawned":[4,8,14,16,20,22,27,30,31,35,42,48],"killed_by":"Time Eater","ascension_level":6}