{"path_per_floor":["M","?","M","?","M","R","E","$","T","E","$","E","?","?","R","B",null,"M","?","M","?","M","E","R","?","T","E"],"character_chosen":"IRONCLAD","items_purchased":["Oddly Smooth Stone","Inflame"],"gold_per_floor":[112,112,132,132,143,143,173,23,23,57,21,51,51,81,81,184,184,195,195,215,215,235,266,266,266,266,295],"floor_reached":28,"campfire_rested":1,"playtime":800,"current_hp_per_floor":[84,84,88,88,88,88,88,88,88,64,64,70,88,88,85,82,85,69,69,55,55,29,39,64,85,85,9],"items_purged":[],"gold":295,"score":297,"play_id":"8a6bf3bd-a1fa-4c6b-a730-642bf0ed2756","is_prod":false,"is_daily":false,"is_ascension_mode":false,"campfire_upgraded":1,"path_taken":["M","?","M","?","?","R","E","$","T","E","?","E","?","?","R","BOSS","M","?","M","?","M","E","R","?","T","E","M"],"build_version":"2018-02-12-PROD1","purchased_purges":0,"victory":false,"master_deck":["Strike_R","Strike_R","Strike_R","Strike_R","Strike_R","Defend_R","Defend_R","Defend_R","Defend_R","Perfected Strike+1","Inflame+1","Perfected Strike","Feed","Anger","Inflame","Cleave","Limit Break","Perfected Strike+1","Demon Form","Armaments","Seeing Red","Feel No Pain","Armaments+1","Heavy Blade+1"],"max_hp_per_floor":[88,88,88,88,88,88,88,88,88,88,88,88,88,88,85,85,85,85,85,85,85,85,85,85,85,85,85],"relics":["Burning Blood","Ancient Tea Set","Peace Pipe","Oddly Smooth Stone","Unceasing Top","Juzu Bracelet","Letter Opener","Dream Catcher","Lizard Tail","Girya","Ginger","Omamori"],"card_choices":[{"not_picked":["Burning Pact","Searing Blow"],"picked":"Perfected Strike"},{"not_picked":["Power Through","Pummel"],"picked":"Inflame"},{"not_picked":["Thunderclap","Clothesline"],"picked":"Perfected Strike"},{"not_picked":["Iron Wave","Headbutt"],"picked":"Feed"},{"not_picked":["Sever Soul","Shrug It Off"],"picked":"Anger"},{"not_picked":["Shrug It Off","Searing Blow"],"picked":"Cleave"},{"not_picked":["Feed","Double Tap"],"picked":"Limit Break"},{"not_picked":["Searing Blow","Body Slam"],"picked":"Perfected Strike"},{"not_picked":["Pommel Strike","Uppercut"],"picked":"Armaments"},{"not_picked":["Shockwave","Wild Strike"],"picked":"Seeing Red"},{"not_picked":["Bloodletting","Burning Pact"],"picked":"Feel No Pain"},{"not_picked":["Pommel Strike","Demon Form"],"picked":"Armaments"},{"not_picked":["Disarm","Hemokinesis"],"picked":"Heavy Blade"}],"player_experience":81849,"potions_floor_usage":[10,12,16],"damage_taken":[{"damage":10,"enemies":"Jaw Worm","floor":1,"turns":4},{"damage":1,"enemies":"Cultist","floor":3,"turns":3},{"damage":0,"enemies":"2 Louse","floor":5,"turns":2},{"damage":0,"enemies":"Gremlin Nob","floor":7,"turns":2},{"damage":30,"enemies":"Lagavulin","floor":10,"turns":4},{"damage":6,"enemies":"Gremlin Nob","floor":12,"turns":3},{"damage":9,"enemies":"Slime Boss","floor":16,"turns":6},{"damage":22,"enemies":"Chosen","floor":18,"turns":6},{"damage":20,"enemies":"Shell Parasite","floor":20,"turns":5},{"damage":32,"enemies":"Snecko","floor":22,"turns":5},{"damage":44,"enemies":"Gremlin Leader","floor":23,"turns":8},{"damage":82,"enemies":"Slavers","floor":27,"turns":8},{"damage":13,"enemies":"Cultist and Chosen","floor":28,"turns":2}],"event_choices":[{"event_name":"Living Wall","player_choice":"Grow","floor":2,"damage_taken":0},{"event_name":"Accursed Blacksmith","player_choice":"Rummage","floor":4,"damage_taken":0},{"event_name":"Mushrooms","player_choice":"Healed and dodged fight","floor":13,"damage_taken":0},{"event_name":"Dead Adventurer","player_choice":"Searched \u00272\u0027 times","floor":14,"damage_taken":0},{"event_name":"Transmorgrifier","player_choice":"Transform","floor":19,"damage_taken":0},{"event_name":"Beggar","player_choice":"Ignored","floor":21,"damage_taken":0},{"event_name":"The Library","player_choice":"Heal","floor":25,"damage_taken":0}],"boss_relics":[{"not_picked":["Cursed Key","Question Card"],"picked":"Lizard Tail"}],"potions_floor_spawned":[1,7,10],"seed_played":"5546153452463273241","killed_by":"Cultist and Chosen","ascension_level":0,"is_trial":false}