{"gold_per_floor":[215,232,232,250,123,123,156,156,156,156,0,0,0,18,18,89,89,101,115,133,152,152],"floor_reached":22,"playtime":1892,"items_purged":["Strike_R","Strike_R"],"score":353,"play_id":"01d43d23-a8a7-4dc6-88d3-c667461cab4d","local_time":"20181223213433","is_ascension_mode":true,"campfire_choices":[{"data":"Flex","floor":6,"key":"SMITH"},{"data":"Sword Boomerang","floor":8,"key":"SMITH"},{"data":"Bash","floor":10,"key":"SMITH"},{"data":"Clothesline","floor":12,"key":"SMITH"},{"floor":15,"key":"REST"}],"neow_cost":"NONE","seed_source_timestamp":17512894754698,"circlet_count":0,"master_deck":["AscendersBane","Strike_R","Strike_R","Strike_R","Defend_R","Defend_R","Defend_R","Defend_R","Bash+1","Sword Boomerang+1","Flex+1","Clothesline+1","Battle Trance","Iron Wave","Carnage","Limit Break","Battle Trance","Shrug It Off","Iron Wave","Headbutt"],"relics":["Burning Blood","Magic Flower","Mango","Mark of Pain"],"potions_floor_usage":[7,22],"damage_taken":[{"damage":11,"enemies":"Jaw Worm","floor":1,"turns":6},{"damage":14,"enemies":"2 Louse","floor":2,"turns":3},{"damage":1,"enemies":"Cultist","floor":4,"turns":3},{"damage":57,"enemies":"3 Sentries","floor":7,"turns":11},{"damage":20,"enemies":"Gremlin Gang","floor":14,"turns":3},{"damage":45,"enemies":"The Guardian","floor":16,"turns":12},{"damage":18,"enemies":"2 Thieves","floor":18,"turns":4},{"damage":25,"enemies":"Spheric Guardian","floor":19,"turns":4},{"damage":4,"enemies":"Centurion and Healer","floor":20,"turns":4},{"damage":30,"enemies":"Snake Plant","floor":21,"turns":6},{"damage":43,"enemies":"Snecko","floor":22,"turns":7}],"seed_played":"-2201650553825652680","potions_obtained":[{"floor":1,"key":"Fire Potion"},{"floor":2,"key":"FairyPotion"},{"floor":18,"key":"EssenceOfSteel"},{"floor":19,"key":"Weak Potion"}],"is_trial":false,"path_per_floor":["M","M","?","M","$","R","E","R","T","R","$","R","?","M","R","B",null,"M","M","M","M","M"],"character_chosen":"IRONCLAD","items_purchased":["Clothesline","Iron Wave"],"campfire_rested":1,"item_purchase_floors":[5,11],"current_hp_per_floor":[63,55,55,60,60,60,9,9,23,23,23,23,23,12,38,16,71,62,46,51,30,0],"gold":152,"neow_bonus":"HUNDRED_GOLD","is_prod":false,"is_daily":false,"chose_seed":false,"campfire_upgraded":4,"win_rate":0,"timestamp":1545611673,"path_taken":["M","M","?","M","$","R","E","R","T","R","$","R","?","?","R","BOSS","M","M","M","?","M"],"build_version":"2018-12-20","purchased_purges":2,"victory":false,"max_hp_per_floor":[75,75,75,75,75,75,75,75,89,89,89,89,89,89,89,89,89,89,89,89,89,89],"card_choices":[{"not_picked":["Seeing Red","Ghostly Armor"],"picked":"Sword Boomerang","floor":1},{"not_picked":["Wild Strike","Sword Boomerang"],"picked":"Flex","floor":2},{"not_picked":["Havoc","Entrench","Perfected Strike"],"picked":"SKIP","floor":4},{"not_picked":["Perfected Strike","Rupture"],"picked":"Battle Trance","floor":7},{"not_picked":["Entrench","Sword Boomerang"],"picked":"Carnage","floor":14},{"not_picked":["Demon Form","Fiend Fire"],"picked":"Limit Break","floor":16},{"not_picked":["Havoc","Twin Strike"],"picked":"Battle Trance","floor":18},{"not_picked":["Pummel","Hemokinesis"],"picked":"Shrug It Off","floor":19},{"not_picked":["Flex","Warcry"],"picked":"Iron Wave","floor":20},{"not_picked":["Limit Break","Flex"],"picked":"Headbutt","floor":21}],"player_experience":629146,"relics_obtained":[{"floor":7,"key":"Magic Flower"},{"floor":9,"key":"Mango"}],"event_choices":[{"damage_healed":0,"gold_gain":0,"player_choice":"Leave","damage_taken":0,"max_hp_gain":0,"max_hp_loss":0,"event_name":"The Cleric","floor":3,"gold_loss":0},{"damage_healed":0,"gold_gain":0,"player_choice":"Leave","damage_taken":0,"max_hp_gain":0,"max_hp_loss":0,"event_name":"FaceTrader","floor":13,"gold_loss":0}],"is_beta":false,"boss_relics":[{"not_picked":["Pandora\u0027s Box","White Beast Statue"],"picked":"Mark of Pain"}],"items_purged_floors":[5,11],"is_endless":false,"potions_floor_spawned":[1,2,18,19],"killed_by":"Snecko","ascension_level":18}