{"gold_per_floor":[110,110,120,232,243,243,276,276,276,276,310,310,321,286,357,461,461,474,493,408,408,122,122,138,138,138,157,157,264,18,29,29,132,132,158,182,182],"floor_reached":37,"playtime":1749,"items_purged":[],"score":581,"play_id":"087f8666-b2bc-4306-8f1f-4be1413490e8","local_time":"20190130180415","is_ascension_mode":false,"campfire_choices":[{"data":"Hello World","floor":6,"key":"SMITH"},{"floor":8,"key":"REST"},{"data":"Zap","floor":10,"key":"SMITH"},{"floor":12,"key":"REST"},{"data":"Hologram","floor":15,"key":"SMITH"},{"data":"Dramatic Entrance","floor":23,"key":"SMITH"},{"data":"Mirror Shield","floor":25,"key":"SMITH"},{"data":"Rip and Tear","floor":32,"key":"SMITH"}],"neow_cost":"NONE","seed_source_timestamp":2179985245531543,"circlet_count":0,"master_deck":["Strike_B","Strike_B","Strike_B","Strike_B","Defend_B","Defend_B","Defend_B","Zap+1","Dualcast","Ball Lightning","Go for the Eyes","Hologram+1","Hello World+1","Go for the Eyes","Lockon","Turbo","Mirror Shield+1","Coolheaded+1","Undo","Leap+1","Dramatic Entrance+1","Rip and Tear+1","Reprogram","Leap","Leap","CommonCold","ReplayTheSpireMod:Omega Cannon","infinitespire:Execution","Zap","PanicButton","Gash","Self Repair+1"],"relics":["Cracked Core","NeowsBlessing","Juzu Bracelet","infinitespire:BottledMercury","infinitespire:Satchel","Busted Crown","Bronze Scales","Nilry\u0027s Codex","Replay:WaspNest","Onion Ring","Lee\u0027s Waffle","infinitespire:EvilPickle","ReplayTheSpireMod:SealedPack"],"potions_floor_usage":[19,31],"damage_taken":[{"damage":0,"enemies":"Jaw Worm","floor":1,"turns":1},{"damage":0,"enemies":"Small Slimes","floor":3,"turns":1},{"damage":0,"enemies":"2 Louse","floor":4,"turns":1},{"damage":10,"enemies":"Looter","floor":5,"turns":2},{"damage":26,"enemies":"Gremlin Nob","floor":7,"turns":4},{"damage":23,"enemies":"3 Sentries","floor":11,"turns":4},{"damage":18,"enemies":"Exordium Wildlife","floor":13,"turns":4},{"damage":0,"enemies":"Slime Boss","floor":16,"turns":4},{"damage":1,"enemies":"Shell Parasite","floor":18,"turns":4},{"damage":0,"enemies":"3 Byrds","floor":19,"turns":3},{"damage":3,"enemies":"Cultist and Chosen","floor":24,"turns":4},{"damage":0,"enemies":"3 Cultists","floor":27,"turns":3},{"damage":0,"enemies":"Snecko","floor":29,"turns":4},{"damage":9,"enemies":"Snake Plant","floor":31,"turns":3},{"damage":7,"enemies":"Pondfish","floor":33,"turns":10},{"damage":34,"enemies":"3 Shapes","floor":35,"turns":2},{"damage":15,"enemies":"3 Darklings","floor":36,"turns":4},{"damage":38,"enemies":"2 Orb Walkers","floor":37,"turns":3}],"seed_played":"-1418213683439584152","potions_obtained":[{"floor":3,"key":"Swift Potion"},{"floor":4,"key":"Venom Potion"},{"floor":7,"key":"Energy Potion"},{"floor":18,"key":"Block Potion"},{"floor":24,"key":"Cursed Concoction"},{"floor":31,"key":"FearPotion"}],"is_trial":false,"path_per_floor":["M","?","M","M","M","R","E","R","T","R","E","R","M","?","R","B",null,"M","M","?","?","$","R","M","R","T","M","?","M","$","M","R","B",null,"M","M","?"],"character_chosen":"DEFECT","items_purchased":["Leap+1","Replay:WaspNest","Dramatic Entrance","Leap","Lee\u0027s Waffle"],"campfire_rested":2,"item_purchase_floors":[22,22,22,30,30],"current_hp_per_floor":[75,68,68,68,58,58,32,54,54,54,31,53,35,53,53,53,75,74,74,74,58,58,58,55,55,55,55,55,55,82,73,73,66,82,48,33,0],"gold":182,"neow_bonus":"THREE_ENEMY_KILL","is_prod":false,"is_daily":false,"chose_seed":false,"campfire_upgraded":6,"win_rate":0,"timestamp":1548889455,"path_taken":["M","?","M","M","M","R","E","R","T","R","E","R","M","?","R","BOSS","M","M","?","?","$","R","M","R","T","M","?","M","$","M","R","BOSS","M","M","?"],"build_version":"2019-01-23","purchased_purges":0,"victory":false,"max_hp_per_floor":[75,75,75,75,75,75,75,75,75,75,75,75,75,75,75,75,75,75,75,75,75,75,75,75,75,75,75,75,75,82,82,82,82,82,82,82,82],"card_choices":[{"not_picked":["Coolheaded","Streamline"],"picked":"Ball Lightning","floor":1},{"not_picked":["Reinforced Body","Panic Button"],"picked":"Go for the Eyes","floor":3},{"not_picked":["Rip and Tear","Recycle"],"picked":"Hologram","floor":4},{"not_picked":["Tempest","Sunder"],"picked":"Hello World","floor":5},{"not_picked":["Beam Cell","Meteor Strike"],"picked":"Go for the Eyes","floor":7},{"not_picked":["Fission","Beam Cell"],"picked":"Lockon","floor":11},{"not_picked":["Go for the Eyes","Coolheaded"],"picked":"Turbo","floor":13},{"not_picked":["Multi-Cast","Creative AI"],"picked":"Mirror Shield","floor":16},{"not_picked":[],"picked":"Coolheaded+1","floor":18},{"not_picked":[],"picked":"Undo","floor":19},{"not_picked":["ReplayTheSpireMod:Repulse"],"picked":"SKIP","floor":24},{"not_picked":[],"picked":"Rip and Tear","floor":27},{"not_picked":[],"picked":"Reprogram","floor":29},{"not_picked":["BasicCrystalCard"],"picked":"SKIP","floor":31},{"not_picked":[],"picked":"ReplayTheSpireMod:Omega Cannon","floor":34},{"not_picked":[],"picked":"infinitespire:Execution","floor":34},{"not_picked":[],"picked":"Zap","floor":34},{"not_picked":[],"picked":"PanicButton","floor":34},{"not_picked":[],"picked":"Gash","floor":35},{"not_picked":[],"picked":"Self Repair+1","floor":36}],"player_experience":390564,"relics_obtained":[{"floor":7,"key":"Juzu Bracelet"},{"floor":9,"key":"infinitespire:BottledMercury"},{"floor":11,"key":"infinitespire:Satchel"},{"floor":21,"key":"Nilry\u0027s Codex"},{"floor":26,"key":"Onion Ring"}],"event_choices":[{"cards_removed":["Defend_B"],"damage_healed":0,"gold_gain":0,"player_choice":"Card Removal","damage_taken":7,"max_hp_gain":0,"max_hp_loss":0,"event_name":"Golden Wing","floor":2,"gold_loss":0},{"damage_healed":18,"gold_gain":0,"player_choice":"Healed","damage_taken":0,"max_hp_gain":0,"max_hp_loss":0,"event_name":"The Cleric","floor":14,"gold_loss":35},{"damage_healed":0,"gold_gain":0,"player_choice":"Obtained Relic","damage_taken":0,"relics_obtained":["Bronze Scales"],"max_hp_gain":0,"max_hp_loss":0,"event_name":"Addict","floor":20,"gold_loss":85},{"damage_healed":0,"gold_gain":0,"player_choice":"Obtained Book","damage_taken":16,"max_hp_gain":0,"max_hp_loss":0,"event_name":"Cursed Tome","floor":21,"gold_loss":0},{"damage_healed":0,"gold_gain":0,"player_choice":"Ignored","damage_taken":0,"max_hp_gain":0,"max_hp_loss":0,"event_name":"Vampires","floor":28,"gold_loss":0},{"damage_healed":0,"gold_gain":0,"player_choice":"Fight","damage_taken":0,"max_hp_gain":0,"max_hp_loss":0,"event_name":"Mysterious Sphere","floor":37,"gold_loss":0}],"is_beta":false,"boss_relics":[{"not_picked":["Ring of Chaos","Cursed Key"],"picked":"Busted Crown"},{"not_picked":["Painkiller Herb","Honey Jar"],"picked":"ReplayTheSpireMod:SealedPack"}],"items_purged_floors":[],"is_endless":false,"potions_floor_spawned":[3,4,7,11,18,24,31],"killed_by":"2 Orb Walkers","ascension_level":0}