{"gold_per_floor":[115,85,96,110,125,125,153,153,179,179,179,179,195,216,216,216],"floor_reached":16,"playtime":944,"items_purged":[],"score":158,"play_id":"25c97423-4c92-498b-9cc8-d1d3cd98282f","local_time":"20190611232902","is_ascension_mode":true,"campfire_choices":[{"data":"Whirlwind","floor":6,"key":"SMITH"},{"data":"Barricade","floor":11,"key":"SMITH"},{"floor":15,"key":"REST"}],"neow_cost":"PERCENT_DAMAGE","seed_source_timestamp":1659176338389100,"circlet_count":0,"master_deck":["AscendersBane","Strike_R","Strike_R","Strike_R","Strike_R","Strike_R","Defend_R","Defend_R","Defend_R","Defend_R","Bash","Barricade+1","Whirlwind+1","Rage","Pommel Strike","Anger","Feed","Iron Wave"],"relics":["Burning Blood","Orichalcum","Golden Idol","Bag of Preparation","Juzu Bracelet"],"potions_floor_usage":[7,16],"damage_taken":[{"damage":11,"enemies":"Jaw Worm","floor":1,"turns":5},{"damage":6,"enemies":"Cultist","floor":3,"turns":3},{"damage":2,"enemies":"2 Louse","floor":4,"turns":3},{"damage":0,"enemies":"Large Slime","floor":5,"turns":7},{"damage":32,"enemies":"Gremlin Nob","floor":7,"turns":4},{"damage":16,"enemies":"Looter","floor":13,"turns":5},{"damage":13,"enemies":"Gremlin Gang","floor":14,"turns":4},{"damage":57,"enemies":"Hexaghost","floor":16,"turns":14}],"seed_played":"-1921378933216089585","potions_obtained":[{"floor":2,"key":"Regen Potion"},{"floor":2,"key":"GamblersBrew"},{"floor":3,"key":"SpeedPotion"},{"floor":14,"key":"Dexterity Potion"}],"is_trial":false,"path_per_floor":["M","?","M","M","M","R","E","?","T","?","R","?","M","M","R","B"],"character_chosen":"IRONCLAD","items_purchased":[],"campfire_rested":1,"item_purchase_floors":[],"current_hp_per_floor":[46,46,46,50,56,56,42,42,42,42,42,42,35,31,56,0],"gold":216,"neow_bonus":"THREE_RARE_CARDS","is_prod":false,"is_daily":false,"chose_seed":false,"campfire_upgraded":2,"win_rate":0,"timestamp":1560320942,"path_taken":["M","?","?","M","M","R","E","?","T","?","R","?","M","M","R","BOSS"],"build_version":"2019-01-23","purchased_purges":0,"victory":false,"max_hp_per_floor":[80,80,80,80,80,80,80,80,80,80,80,80,83,86,86,86],"card_choices":[{"not_picked":["Limit Break","Exhume"],"picked":"Barricade","floor":0},{"not_picked":["Iron Wave","Armaments"],"picked":"Whirlwind","floor":1},{"not_picked":["Warcry","Shrug It Off"],"picked":"Rage","floor":3},{"not_picked":["Perfected Strike","Thunderclap"],"picked":"Pommel Strike","floor":4},{"not_picked":["Burning Pact","Clothesline"],"picked":"Anger","floor":5},{"not_picked":["Heavy Blade","Perfected Strike"],"picked":"Feed","floor":7},{"not_picked":["Pommel Strike","Clash","Perfected Strike"],"picked":"SKIP","floor":13},{"not_picked":["Heavy Blade","Corruption"],"picked":"Iron Wave","floor":14}],"player_experience":236940,"relics_obtained":[{"floor":7,"key":"Orichalcum"},{"floor":9,"key":"Bag of Preparation"}],"event_choices":[{"damage_healed":0,"gold_gain":0,"player_choice":"Bought 2 Potions","damage_taken":0,"max_hp_gain":0,"max_hp_loss":0,"event_name":"The Woman in Blue","floor":2,"gold_loss":0},{"damage_healed":0,"gold_gain":0,"player_choice":"Take Wound","damage_taken":0,"relics_obtained":["Golden Idol"],"max_hp_gain":0,"max_hp_loss":0,"event_name":"Golden Idol","floor":8,"gold_loss":0,"cards_obtained":["Injury"]},{"damage_healed":0,"gold_gain":0,"player_choice":"Searched \u00271\u0027 times","damage_taken":0,"relics_obtained":["Juzu Bracelet"],"max_hp_gain":0,"max_hp_loss":0,"event_name":"Dead Adventurer","floor":10,"gold_loss":0},{"damage_healed":0,"gold_gain":0,"player_choice":"Searched \u00271\u0027 times","damage_taken":0,"relics_obtained":["Juzu Bracelet"],"max_hp_gain":0,"max_hp_loss":0,"event_name":"Dead Adventurer","floor":10,"gold_loss":0},{"damage_healed":0,"gold_gain":0,"player_choice":"Searched \u00271\u0027 times","damage_taken":0,"relics_obtained":["Juzu Bracelet"],"max_hp_gain":0,"max_hp_loss":0,"event_name":"Dead Adventurer","floor":10,"gold_loss":0},{"cards_removed":["Injury"],"damage_healed":0,"gold_gain":0,"player_choice":"Purged","damage_taken":0,"max_hp_gain":0,"max_hp_loss":0,"event_name":"Purifier","floor":12,"gold_loss":0}],"is_beta":false,"boss_relics":[],"items_purged_floors":[],"is_endless":false,"potions_floor_spawned":[3,4,14],"killed_by":"Hexaghost","ascension_level":11}