{"gold_per_floor":[114,114,114,20,35,65,80,80],"floor_reached":8,"playtime":291,"items_purged":[],"score":81,"play_id":"ad368743-e1bc-4f7d-b2ee-e83538d731a7","local_time":"20190108191351","daily_mods":["Specialized","Red Cards","Lethality"],"is_ascension_mode":false,"campfire_choices":[],"neow_cost":"","seed_source_timestamp":0,"circlet_count":0,"master_deck":["Strike_B","Strike_B","Strike_B","Strike_B","Defend_B","Defend_B","Defend_B","Defend_B","Zap","Dualcast","Creative AI","Creative AI","Creative AI","Creative AI","Hologram","Enlightenment","Coolheaded","Force Field","Impervious"],"special_seed":17905,"relics":["Cracked Core","Sundial"],"potions_floor_usage":[6],"damage_taken":[{"damage":8,"enemies":"2 Louse","floor":1,"turns":2},{"damage":11,"enemies":"Jaw Worm","floor":5,"turns":3},{"damage":62,"enemies":"3 Sentries","floor":6,"turns":7},{"damage":9,"enemies":"Cultist","floor":7,"turns":5},{"damage":8,"enemies":"Exordium Wildlife","floor":8,"turns":1}],"seed_played":"-4785815840367761886","potions_obtained":[{"floor":5,"key":"PowerPotion"}],"is_trial":false,"path_per_floor":["M","?","?","$","M","E","M","M"],"character_chosen":"DEFECT","items_purchased":["Enlightenment"],"campfire_rested":0,"item_purchase_floors":[4],"current_hp_per_floor":[67,67,85,85,74,12,3,0],"gold":80,"neow_bonus":"","is_prod":false,"is_daily":true,"chose_seed":false,"campfire_upgraded":0,"win_rate":0,"timestamp":1546992831,"path_taken":["M","?","?","$","M","E","M","M"],"build_version":"2019-01-03v4","purchased_purges":0,"victory":false,"max_hp_per_floor":[75,75,85,85,85,85,85,85],"card_choices":[{"not_picked":["Body Slam","Fire Breathing"],"picked":"Hologram","floor":1},{"not_picked":["True Grit","Clash"],"picked":"Coolheaded","floor":5},{"not_picked":["Rebound","Compile Driver"],"picked":"Force Field","floor":6},{"not_picked":["True Grit","Pummel"],"picked":"Impervious","floor":7}],"player_experience":278070,"relics_obtained":[{"floor":6,"key":"Sundial"}],"event_choices":[{"damage_healed":0,"gold_gain":0,"player_choice":"Leave","damage_taken":0,"max_hp_gain":0,"max_hp_loss":0,"event_name":"The Cleric","floor":2,"gold_loss":0},{"cards_removed":["Creative AI"],"damage_healed":8,"gold_gain":0,"player_choice":"Offered Rare","damage_taken":0,"max_hp_gain":10,"max_hp_loss":0,"event_name":"Bonfire Elementals","floor":3,"gold_loss":0}],"is_beta":false,"boss_relics":[],"items_purged_floors":[],"is_endless":false,"potions_floor_spawned":[5],"killed_by":"Exordium Wildlife","ascension_level":0}