{"gold_per_floor":[119,269,284,303,10,10,45,64,117,134,134,147,147,158,158,230,230,180,70,85,95,10,10,10],"floor_reached":24,"playtime":1516,"items_purged":["Doubt"],"score":390,"play_id":"ec5f8951-b763-4bcc-87a7-edc4c5e9b49b","local_time":"20181227202944","is_ascension_mode":true,"campfire_choices":[{"data":"Footwork","floor":6,"key":"SMITH"},{"floor":13,"key":"REST"},{"data":"Well Laid Plans","floor":15,"key":"SMITH"},{"floor":23,"key":"REST"}],"neow_cost":"NONE","seed_source_timestamp":18625862247645,"circlet_count":0,"master_deck":["AscendersBane","Defend_G","Defend_G","Defend_G","Defend_G","Strike_G","Strike_G","Survivor","Neutralize","Flying Knee","Blur","Dagger Throw","Footwork+1","Catalyst","Deflect","Backflip","Storm of Steel","Well Laid Plans+1","Grand Finale","Blur+1","Concentrate+1","Outmaneuver+1","Backflip","Backflip","Deadly Poison","Dagger Throw","Leg Sweep+1"],"relics":["Ring of the Snake","Smiling Mask","Astrolabe","Potion Belt"],"potions_floor_usage":[16],"damage_taken":[{"damage":0,"enemies":"2 Louse","floor":1,"turns":3},{"damage":4,"enemies":"Jaw Worm","floor":3,"turns":4},{"damage":0,"enemies":"Cultist","floor":4,"turns":4},{"damage":42,"enemies":"3 Sentries","floor":7,"turns":16},{"damage":0,"enemies":"Red Slaver","floor":8,"turns":6},{"damage":0,"enemies":"Blue Slaver","floor":10,"turns":6},{"damage":0,"enemies":"3 Louse","floor":12,"turns":6},{"damage":3,"enemies":"Lots of Slimes","floor":14,"turns":9},{"damage":18,"enemies":"The Guardian","floor":16,"turns":25},{"damage":38,"enemies":"2 Thieves","floor":18,"turns":5},{"damage":15,"enemies":"Chosen","floor":20,"turns":5},{"damage":1,"enemies":"Snecko","floor":21,"turns":8},{"damage":15,"enemies":"Gremlin Leader","floor":24,"turns":2}],"seed_played":"6611761389727453384","potions_obtained":[{"floor":1,"key":"Ancient Potion"},{"floor":10,"key":"Energy Potion"},{"floor":12,"key":"GhostInAJar"},{"floor":16,"key":"GamblersBrew"}],"is_trial":false,"path_per_floor":["M","?","M","M","$","R","E","M","T","M","?","M","R","M","R","B",null,"M","$","M","M","?","R","E"],"character_chosen":"THE_SILENT","items_purchased":["Footwork","Catalyst","SkillPotion","Backflip","Deadly Poison"],"campfire_rested":2,"item_purchase_floors":[5,5,5,19,19],"current_hp_per_floor":[65,65,61,61,61,61,19,19,19,19,19,19,40,37,37,19,59,21,21,6,5,5,26,11],"gold":10,"neow_bonus":"TEN_PERCENT_HP_BONUS","is_prod":false,"is_daily":false,"chose_seed":false,"campfire_upgraded":2,"win_rate":0,"timestamp":1545953384,"path_taken":["M","?","M","M","$","R","E","M","T","M","?","M","R","M","R","BOSS","M","$","M","M","?","R","E"],"build_version":"2018-12-20","purchased_purges":1,"victory":false,"max_hp_per_floor":[72,72,72,72,72,72,72,72,72,72,72,72,72,72,72,72,72,72,72,72,72,72,72,72],"card_choices":[{"not_picked":["Choke","Backflip"],"picked":"Flying Knee","floor":1},{"not_picked":["Deflect","Dodge and Roll"],"picked":"Blur","floor":3},{"not_picked":["Flying Knee","Underhanded Strike"],"picked":"Dagger Throw","floor":4},{"not_picked":["Dodge and Roll","Phantasmal Killer"],"picked":"Deflect","floor":7},{"not_picked":["Flying Knee","Bane","Outmaneuver"],"picked":"SKIP","floor":8},{"not_picked":["Dagger Throw","Acrobatics"],"picked":"Backflip","floor":10},{"not_picked":["Slice","PiercingWail"],"picked":"Well Laid Plans","floor":12},{"not_picked":["Accuracy","Slice","Heel Hook"],"picked":"SKIP","floor":14},{"not_picked":["Phantasmal Killer","Venomology"],"picked":"Grand Finale","floor":16},{"not_picked":["Finisher","Expertise"],"picked":"Backflip","floor":18},{"not_picked":["Bouncing Flask","Reflex"],"picked":"Dagger Throw","floor":20},{"not_picked":["Slice","Dagger Spray"],"picked":"Leg Sweep+1","floor":21}],"player_experience":651975,"relics_obtained":[{"floor":9,"key":"Smiling Mask"}],"event_choices":[{"damage_healed":0,"gold_gain":150,"player_choice":"AGREE","damage_taken":0,"max_hp_gain":0,"max_hp_loss":0,"event_name":"Liars Game","floor":2,"gold_loss":0,"cards_obtained":["Doubt"]},{"damage_healed":0,"gold_gain":0,"cards_transformed":["Strike_G"],"player_choice":"Change","damage_taken":0,"max_hp_gain":0,"max_hp_loss":0,"event_name":"Living Wall","floor":11,"gold_loss":0,"cards_obtained":["Storm of Steel"]},{"damage_healed":0,"gold_gain":0,"player_choice":"Obtained Relic","damage_taken":0,"relics_obtained":["Potion Belt"],"max_hp_gain":0,"max_hp_loss":0,"event_name":"Addict","floor":22,"gold_loss":85}],"is_beta":false,"boss_relics":[{"not_picked":["Busted Crown","White Beast Statue"],"picked":"Astrolabe"}],"items_purged_floors":[5],"is_endless":false,"potions_floor_spawned":[1,10,12,16,18,20],"killed_by":"Gremlin Leader","ascension_level":19}