{"gold_per_floor":[110,129,204,223,241,241,291,7,7,26,41,60,60,93,93,189,239,259,278,377,377,387,415,428,428,428,428,4,0,11,21,21,21],"floor_reached":33,"playtime":1642,"items_purged":[],"score":325,"play_id":"6815387e-4791-4dab-a58a-46f352369660","local_time":"20190120150743","is_ascension_mode":true,"campfire_choices":[{"floor":6,"key":"REST"},{"floor":13,"key":"REST"},{"floor":15,"key":"REST"},{"floor":25,"key":"REST"},{"floor":27,"key":"REST"},{"floor":32,"key":"REST"}],"neow_cost":"NONE","seed_source_timestamp":990686166599736,"circlet_count":0,"master_deck":["Strike_R+1","Strike_R","Strike_R","Strike_R","Strike_R","Defend_R","Defend_R","Defend_R","Defend_R","Bash","Bludgeon","Spot Weakness","Inflame","Seeing Red","Anger","Pommel Strike","Dropkick","Reaper","Warcry+1","Perfected Strike+1","Dropkick","Clothesline","Inflame+1","Anger+1"],"relics":["Burning Blood","Membership Card","PreservedInsect","Shuriken","Mummified Hand","Tiny House","Centennial Puzzle","The Courier","Brimstone","Blood Vial","Omamori","StoneCalendar","Frozen Egg 2"],"potions_floor_usage":[16,22,23,24,33],"damage_taken":[{"damage":12,"enemies":"Jaw Worm","floor":1,"turns":2},{"damage":7,"enemies":"2 Louse","floor":2,"turns":2},{"damage":1,"enemies":"Cultist","floor":4,"turns":4},{"damage":65,"enemies":"Gremlin Gang","floor":5,"turns":6},{"damage":7,"enemies":"Looter","floor":10,"turns":3},{"damage":6,"enemies":"3 Louse","floor":11,"turns":5},{"damage":17,"enemies":"Red Slaver","floor":12,"turns":4},{"damage":8,"enemies":"Gremlin Nob","floor":14,"turns":3},{"damage":39,"enemies":"Slime Boss","floor":16,"turns":9},{"damage":19,"enemies":"Chosen","floor":18,"turns":4},{"damage":28,"enemies":"2 Thieves","floor":19,"turns":4},{"damage":37,"enemies":"Cultist and Chosen","floor":22,"turns":6},{"damage":54,"enemies":"Slavers","floor":23,"turns":4},{"damage":13,"enemies":"Snecko","floor":24,"turns":3},{"damage":30,"enemies":"Snake Plant","floor":30,"turns":3},{"damage":22,"enemies":"Chosen and Byrds","floor":31,"turns":5},{"damage":93,"enemies":"Collector","floor":33,"turns":6}],"seed_played":"-2098269997795774043","potions_obtained":[{"floor":2,"key":"Swift Potion"},{"floor":5,"key":"LiquidBronze"},{"floor":12,"key":"BloodPotion"},{"floor":16,"key":"SkillPotion"},{"floor":17,"key":"LiquidBronze"},{"floor":18,"key":"Strength Potion"},{"floor":31,"key":"Dexterity Potion"}],"is_trial":false,"path_per_floor":["M","M","?","M","M","R","?","$","T","M","M","M","R","E","R","B",null,"M","M","?","?","M","E","M","R","T","R","$","?","M","M","R","B"],"character_chosen":"IRONCLAD","items_purchased":["Membership Card","PreservedInsect","Brimstone","Blood Vial","Omamori","StoneCalendar","Frozen Egg 2"],"campfire_rested":6,"item_purchase_floors":[8,8,28,28,28,28,28],"current_hp_per_floor":[74,73,62,67,8,32,32,32,32,31,31,20,44,42,66,33,85,72,64,64,64,47,12,11,36,36,61,61,61,39,34,59,0],"gold":21,"neow_bonus":"ONE_RANDOM_RARE_CARD","is_prod":false,"is_daily":false,"chose_seed":false,"campfire_upgraded":0,"win_rate":0,"timestamp":1548014863,"path_taken":["M","M","?","M","M","R","?","$","T","M","?","?","R","E","R","BOSS","M","?","?","?","M","E","M","R","T","R","$","?","M","M","R","BOSS"],"build_version":"2019-01-17v2","purchased_purges":0,"victory":false,"max_hp_per_floor":[80,80,80,80,80,80,80,80,80,80,80,80,80,80,80,80,85,85,85,85,85,85,85,85,85,85,85,85,85,85,85,85,85],"card_choices":[{"not_picked":["Clothesline","Cleave"],"picked":"Spot Weakness","floor":1},{"not_picked":["Wild Strike","Carnage"],"picked":"Inflame","floor":2},{"not_picked":["Sword Boomerang","Wild Strike","Perfected Strike"],"picked":"SKIP","floor":4},{"not_picked":["Flex","Shrug It Off"],"picked":"Seeing Red","floor":5},{"not_picked":["Entrench","Twin Strike","Clash"],"picked":"SKIP","floor":10},{"not_picked":["Blood for Blood","Hemokinesis"],"picked":"Anger","floor":11},{"not_picked":["Combust","Feel No Pain"],"picked":"Pommel Strike","floor":12},{"not_picked":["Headbutt","Body Slam"],"picked":"Dropkick","floor":14},{"not_picked":["Fiend Fire","Impervious"],"picked":"Reaper","floor":16},{"not_picked":["Evolve","Intimidate"],"picked":"Warcry+1","floor":18},{"not_picked":["Anger","Corruption+1"],"picked":"Perfected Strike+1","floor":19},{"not_picked":["Whirlwind","Thunderclap"],"picked":"Dropkick","floor":22},{"not_picked":["Wild Strike","Sword Boomerang","Whirlwind"],"picked":"SKIP","floor":23},{"not_picked":["Body Slam","Seeing Red"],"picked":"Clothesline","floor":24},{"not_picked":["Brutality+1","Havoc+1"],"picked":"Inflame+1","floor":30},{"not_picked":["Whirlwind","Battle Trance"],"picked":"Anger+1","floor":31}],"player_experience":132422,"relics_obtained":[{"floor":9,"key":"Shuriken"},{"floor":14,"key":"Mummified Hand"},{"floor":23,"key":"Centennial Puzzle"},{"floor":26,"key":"The Courier"}],"event_choices":[{"damage_healed":0,"gold_gain":75,"player_choice":"Gather Gold","damage_taken":11,"max_hp_gain":0,"max_hp_loss":0,"event_name":"World of Goop","floor":3,"gold_loss":0},{"damage_healed":0,"gold_gain":50,"player_choice":"Gained Gold","damage_taken":0,"max_hp_gain":0,"max_hp_loss":0,"event_name":"Golden Wing","floor":7,"gold_loss":0},{"damage_healed":0,"gold_gain":99,"player_choice":"Stole From Cult","damage_taken":0,"max_hp_gain":0,"max_hp_loss":0,"event_name":"Nest","floor":20,"gold_loss":0},{"damage_healed":0,"gold_gain":0,"player_choice":"Ignored","damage_taken":0,"max_hp_gain":0,"max_hp_loss":0,"event_name":"Vampires","floor":21,"gold_loss":0},{"damage_healed":0,"gold_gain":0,"player_choice":"Paid Fearfully","damage_taken":0,"max_hp_gain":0,"max_hp_loss":0,"event_name":"Masked Bandits","floor":29,"gold_loss":4}],"is_beta":false,"boss_relics":[{"not_picked":["Astrolabe","Runic Dome"],"picked":"Tiny House"}],"items_purged_floors":[],"is_endless":false,"potions_floor_spawned":[2,5,12,14,16,18,19,31],"killed_by":"Collector","ascension_level":4}