{"gold_per_floor":[109,123,134,134,134,134,148,148,148,163,238,257,114,134,134,234,234,199,211,30,30,30,30,45,55,81,81,81],"floor_reached":28,"playtime":1729,"items_purged":[],"score":223,"play_id":"21ae249a-e2c9-4cd6-a007-e075040eaff6","local_time":"20190116225336","is_ascension_mode":true,"campfire_choices":[{"data":"Neutralize","floor":6,"key":"SMITH"},{"data":"Cloak And Dagger","floor":8,"key":"SMITH"},{"floor":15,"key":"REST"},{"floor":23,"key":"REST"}],"neow_cost":"NONE","seed_source_timestamp":672958332015461,"circlet_count":0,"master_deck":["Defend_G","Defend_G","Defend_G","Defend_G","Strike_G","Strike_G+1","Strike_G","Strike_G","Strike_G+1","Survivor","Neutralize+1","Impatience","Cloak And Dagger+1","Cloak And Dagger","Slice","Dagger Spray","Die Die Die","Caltrops","Infinite Blades","Backstab","Expertise","Envenom","Dagger Spray+1","Infinite Blades+1","Violence","Blade Dance","Deadly Poison","Decay"],"relics":["Ring of the Serpent","Sundial","Matryoshka","Whetstone"],"potions_floor_usage":[16,16,25,28],"damage_taken":[{"damage":0,"enemies":"2 Louse","floor":1,"turns":3},{"damage":1,"enemies":"Cultist","floor":2,"turns":6},{"damage":0,"enemies":"Jaw Worm","floor":3,"turns":6},{"damage":0,"enemies":"2 Fungi Beasts","floor":7,"turns":4},{"damage":6,"enemies":"Large Slime","floor":10,"turns":6},{"damage":0,"enemies":"Looter","floor":12,"turns":4},{"damage":8,"enemies":"Red Slaver","floor":14,"turns":3},{"damage":43,"enemies":"The Guardian","floor":16,"turns":14},{"damage":22,"enemies":"2 Thieves","floor":18,"turns":5},{"damage":4,"enemies":"3 Byrds","floor":19,"turns":3},{"damage":12,"enemies":"Centurion and Healer","floor":24,"turns":7},{"damage":15,"enemies":"3 Cultists","floor":25,"turns":5},{"damage":39,"enemies":"Cultist and Chosen","floor":28,"turns":5}],"seed_played":"4239037738416432592","potions_obtained":[{"floor":2,"key":"GhostInAJar"},{"floor":7,"key":"Strength Potion"},{"floor":16,"key":"Swift Potion"},{"floor":24,"key":"PowerPotion"}],"is_trial":false,"path_per_floor":["M","M","M","?","?","R","M","R","T","M","?","M","$","M","R","B",null,"M","M","$","?","$","R","M","M","T","?","M"],"character_chosen":"THE_SILENT","items_purchased":["Infinite Blades","Backstab","Violence"],"campfire_rested":2,"item_purchase_floors":[13,13,20],"current_hp_per_floor":[70,69,69,69,62,62,62,62,62,56,49,49,49,41,62,19,70,48,44,44,44,44,65,53,38,38,38,0],"gold":81,"neow_bonus":"RANDOM_COLORLESS","is_prod":false,"is_daily":false,"chose_seed":false,"campfire_upgraded":2,"win_rate":0,"timestamp":1547697216,"path_taken":["M","M","M","?","?","R","M","R","T","M","?","?","$","M","R","BOSS","M","?","$","?","?","R","M","M","T","?","M"],"build_version":"2019-01-10","purchased_purges":0,"victory":false,"max_hp_per_floor":[70,70,70,70,70,70,70,70,70,70,70,70,70,70,70,70,70,70,70,70,70,70,70,70,70,70,70,70],"card_choices":[{"not_picked":["Backflip","Blade Dance"],"picked":"Cloak And Dagger","floor":1},{"not_picked":["Deadly Poison","Underhanded Strike"],"picked":"Cloak And Dagger","floor":2},{"not_picked":["Crippling Poison","Flying Knee"],"picked":"Slice","floor":3},{"not_picked":["Backflip","Blade Dance"],"picked":"Dagger Spray","floor":7},{"not_picked":["Underhanded Strike","Predator"],"picked":"Die Die Die","floor":10},{"not_picked":["Flying Knee","Prepared"],"picked":"Caltrops","floor":12},{"not_picked":["Outmaneuver","Underhanded Strike"],"picked":"Expertise","floor":14},{"not_picked":["Night Terror","Grand Finale"],"picked":"Envenom","floor":16},{"not_picked":["Choke","PiercingWail"],"picked":"Dagger Spray+1","floor":18},{"not_picked":["Slice","Dagger Spray"],"picked":"Infinite Blades+1","floor":19},{"not_picked":["PiercingWail+1","Distraction"],"picked":"Blade Dance","floor":24},{"not_picked":["Outmaneuver+1","Sucker Punch+1"],"picked":"Deadly Poison","floor":25}],"player_experience":72151,"relics_obtained":[{"floor":9,"key":"Matryoshka"},{"floor":26,"key":"Whetstone"}],"event_choices":[{"damage_healed":0,"gold_gain":0,"player_choice":"Ignored","damage_taken":0,"max_hp_gain":0,"max_hp_loss":0,"event_name":"Golden Wing","floor":4,"gold_loss":0},{"damage_healed":0,"gold_gain":0,"player_choice":"Success","damage_taken":7,"relics_obtained":["Sundial"],"max_hp_gain":0,"max_hp_loss":0,"event_name":"Scrap Ooze","floor":5,"gold_loss":0},{"damage_healed":0,"gold_gain":75,"player_choice":"Touch","damage_taken":7,"max_hp_gain":0,"max_hp_loss":0,"event_name":"FaceTrader","floor":11,"gold_loss":0},{"cards_removed":["Defend_G"],"damage_healed":0,"gold_gain":0,"player_choice":"Purged","damage_taken":0,"max_hp_gain":0,"max_hp_loss":0,"event_name":"Purifier","floor":21,"gold_loss":0},{"damage_healed":0,"gold_gain":0,"player_choice":"Smashed Altar","damage_taken":0,"max_hp_gain":0,"max_hp_loss":0,"event_name":"Forgotten Altar","floor":27,"gold_loss":0,"cards_obtained":["Decay"]}],"is_beta":false,"boss_relics":[{"not_picked":["Snecko Eye","Velvet Choker"],"picked":"Ring of the Serpent"}],"items_purged_floors":[],"is_endless":false,"potions_floor_spawned":[2,7,16,24],"killed_by":"Cultist and Chosen","ascension_level":1}