{"gold_per_floor":[13,13,27,47,57,57,76,86,86,86,116,136,136,2,2,106,106,125,125,141,141,153,153,171,26,26,26,26,46,46,66,66,66],"floor_reached":33,"playtime":1967,"items_purged":[],"score":251,"play_id":"0df5a0c2-e76f-4e2f-8f98-4b1b154062c2","local_time":"20190115150948","is_ascension_mode":false,"campfire_choices":[{"floor":6,"key":"REST"},{"floor":10,"key":"REST"},{"floor":13,"key":"REST"},{"floor":15,"key":"REST"},{"floor":23,"key":"REST"},{"floor":27,"key":"REST"},{"floor":30,"key":"REST"},{"floor":32,"key":"REST"}],"neow_cost":"NO_GOLD","seed_source_timestamp":558486294460061,"circlet_count":0,"master_deck":["Defend_G","Defend_G","Defend_G","Defend_G+1","Strike_G","Strike_G","Strike_G","Strike_G+1","Strike_G","Survivor","Neutralize","Poisoned Stab","Flying Knee","Sucker Punch","Blade Dance","Noxious Fumes","PiercingWail","Predator","Blade Dance","Backstab","Swift Strike","Adrenaline","Flying Knee","Finisher","Iron Wave","Bane","Bouncing Flask+1","Poisoned Stab+1","Flying Knee+1"],"relics":["Ring of the Snake","Torii","Pocketwatch","StoneCalendar","Runic Pyramid","Vajra","Molten Egg 2"],"potions_floor_usage":[16,16,18,22,29],"damage_taken":[{"damage":8,"enemies":"Small Slimes","floor":1,"turns":4},{"damage":1,"enemies":"2 Louse","floor":3,"turns":3},{"damage":1,"enemies":"Cultist","floor":4,"turns":3},{"damage":0,"enemies":"Blue Slaver","floor":5,"turns":3},{"damage":7,"enemies":"Large Slime","floor":7,"turns":7},{"damage":3,"enemies":"Lots of Slimes","floor":8,"turns":4},{"damage":20,"enemies":"3 Sentries","floor":11,"turns":7},{"damage":2,"enemies":"Exordium Thugs","floor":12,"turns":4},{"damage":42,"enemies":"The Guardian","floor":16,"turns":8},{"damage":29,"enemies":"Shell Parasite","floor":18,"turns":6},{"damage":12,"enemies":"2 Thieves","floor":20,"turns":4},{"damage":21,"enemies":"3 Cultists","floor":22,"turns":6},{"damage":17,"enemies":"Snake Plant","floor":24,"turns":5},{"damage":1,"enemies":"Chosen and Byrds","floor":29,"turns":4},{"damage":8,"enemies":"Cultist and Chosen","floor":31,"turns":5},{"damage":69,"enemies":"Automaton","floor":33,"turns":6}],"seed_played":"8472902235547507117","potions_obtained":[{"floor":3,"key":"EssenceOfSteel"},{"floor":7,"key":"Weak Potion"},{"floor":16,"key":"Fruit Juice"},{"floor":20,"key":"SpeedPotion"},{"floor":22,"key":"Explosive Potion"}],"is_trial":false,"path_per_floor":["M","?","M","M","M","R","M","M","T","R","E","M","R","$","R","B",null,"M","?","M","?","M","R","M","$","T","R","?","M","R","M","R","B"],"character_chosen":"THE_SILENT","items_purchased":["Backstab","Swift Strike","Vajra"],"campfire_rested":8,"item_purchase_floors":[14,14,25],"current_hp_per_floor":[62,48,47,46,46,67,60,57,57,70,50,48,69,69,70,28,70,46,46,34,34,13,35,18,18,18,40,26,25,49,41,65,0],"gold":66,"neow_bonus":"ONE_RARE_RELIC","is_prod":false,"is_daily":false,"chose_seed":false,"campfire_upgraded":0,"win_rate":0.0,"timestamp":1547582988,"path_taken":["M","?","M","M","M","R","M","M","T","R","E","M","R","$","R","BOSS","M","?","M","?","M","R","?","$","T","R","?","M","R","M","R","BOSS"],"build_version":"2019-01-10","purchased_purges":0,"victory":false,"max_hp_per_floor":[70,70,70,70,70,70,70,70,70,70,70,70,70,70,70,70,70,75,75,75,75,75,75,75,75,75,75,80,80,80,80,80,80],"card_choices":[{"not_picked":["Underhanded Strike","Dagger Throw"],"picked":"Poisoned Stab","floor":1},{"not_picked":["PiercingWail","Slice"],"picked":"Flying Knee","floor":3},{"not_picked":["Deflect","Catalyst"],"picked":"Sucker Punch","floor":4},{"not_picked":["Underhanded Strike","Flechettes"],"picked":"Blade Dance","floor":5},{"not_picked":["Underhanded Strike","Well Laid Plans"],"picked":"Noxious Fumes","floor":7},{"not_picked":["Deadly Poison","Night Terror"],"picked":"PiercingWail","floor":8},{"not_picked":["Deflect","Bane"],"picked":"Predator","floor":11},{"not_picked":["Endless Agony","Prepared"],"picked":"Blade Dance","floor":12},{"not_picked":["After Image","Night Terror"],"picked":"Adrenaline","floor":16},{"not_picked":["Dodge and Roll","Dagger Spray"],"picked":"Flying Knee","floor":18},{"not_picked":["Flying Knee+1","Masterful Stab"],"picked":"Finisher","floor":20},{"not_picked":["Flechettes","Dagger Spray"],"picked":"Bane","floor":22},{"not_picked":["Masterful Stab+1","Choke"],"picked":"Bouncing Flask+1","floor":24},{"not_picked":["Prepared","Backflip"],"picked":"Poisoned Stab+1","floor":29},{"not_picked":["Infinite Blades","Choke+1"],"picked":"Flying Knee+1","floor":31}],"player_experience":14979,"relics_obtained":[{"floor":9,"key":"Pocketwatch"},{"floor":11,"key":"StoneCalendar"},{"floor":26,"key":"Molten Egg 2"}],"event_choices":[{"damage_healed":0,"gold_gain":0,"player_choice":"Entered Light","damage_taken":14,"max_hp_gain":0,"max_hp_loss":0,"event_name":"Shining Light","floor":2,"gold_loss":0,"cards_upgraded":["Strike_G","Defend_G"]},{"damage_healed":0,"gold_gain":0,"player_choice":"Ignored","damage_taken":0,"max_hp_gain":0,"max_hp_loss":0,"event_name":"Ghosts","floor":19,"gold_loss":0},{"cards_removed":["Defend_G"],"damage_healed":0,"gold_gain":0,"player_choice":"Took Card","damage_taken":0,"max_hp_gain":0,"max_hp_loss":0,"event_name":"NoteForYourself","floor":21,"gold_loss":0,"cards_obtained":["Iron Wave"]},{"damage_healed":0,"gold_gain":0,"player_choice":"Shed Blood","damage_taken":19,"max_hp_gain":5,"max_hp_loss":0,"event_name":"Forgotten Altar","floor":28,"gold_loss":0}],"is_beta":false,"boss_relics":[{"not_picked":["Eternal Feather","Busted Crown"],"picked":"Runic Pyramid"}],"items_purged_floors":[],"is_endless":false,"potions_floor_spawned":[3,7,16,20,22],"killed_by":"Automaton","ascension_level":0}