{"gold_per_floor":[115,135,147,157,169,169,196,196,196,221,238,238,238,257,257,362,362,377,391,407,407,262,262,105,205,205,236,236,262,262,279,279,384,384,399,418,218,230,230,260,277,277,302,48,63,63,113,128,128,128],"floor_reached":51,"playtime":2275,"items_purged":[],"score":1040,"play_id":"1c46967d-f257-4926-852d-f21b3d45bf6e","local_time":"20190523132703","is_ascension_mode":true,"campfire_choices":[{"data":"Bash","floor":6,"key":"SMITH"},{"floor":13,"key":"REST"},{"data":"Limit Break","floor":15,"key":"SMITH"},{"floor":23,"key":"REST"},{"floor":28,"key":"REST"},{"data":"Limit Break","floor":32,"key":"SMITH"},{"floor":42,"key":"REST"},{"floor":46,"key":"REST"},{"floor":49,"key":"REST"}],"neow_cost":"NONE","seed_source_timestamp":724980473658893,"circlet_count":0,"master_deck":["Strike_R","Strike_R","Strike_R","Strike_R","Strike_R","Defend_R+1","Defend_R","Defend_R+1","Defend_R","Bash+1","Cleave","Carnage","Headbutt","Corruption","Iron Wave","Flex","Battle Trance","Limit Break+1","Regret","Inflame","Limit Break+1","Heavy Blade","Cleave+1","Spot Weakness","Flex+1","Exhume","Battle Trance","Sentinel","Feed","Writhe","Shrug It Off+1","Pummel+1","Warcry+1","Perfected Strike+1","Thunderclap"],"relics":["Black Blood","War Paint","Darkstone Periapt","FossilizedHelix","Pear","Letter Opener","Mark of Pain","Anchor","Pen Nib","Torii","Shuriken","Bottled Flame","Meat on the Bone","Mango","Medical Kit","Gremlin Horn","PreservedInsect","Kunai","Charon\u0027s Ashes"],"potions_floor_usage":[7,16,25,25,33,38,40,50,50],"damage_taken":[{"damage":6,"enemies":"Cultist","floor":1,"turns":3},{"damage":6,"enemies":"2 Louse","floor":2,"turns":2},{"damage":0,"enemies":"Small Slimes","floor":3,"turns":3},{"damage":12,"enemies":"Looter","floor":4,"turns":3},{"damage":17,"enemies":"Gremlin Gang","floor":5,"turns":5},{"damage":15,"enemies":"Lagavulin","floor":7,"turns":6},{"damage":24,"enemies":"Gremlin Nob","floor":10,"turns":4},{"damage":0,"enemies":"3 Louse","floor":11,"turns":3},{"damage":0,"enemies":"Blue Slaver","floor":14,"turns":3},{"damage":41,"enemies":"The Guardian","floor":16,"turns":10},{"damage":35,"enemies":"Shell Parasite","floor":18,"turns":5},{"damage":23,"enemies":"3 Byrds","floor":19,"turns":5},{"damage":16,"enemies":"Snake Plant","floor":20,"turns":3},{"damage":12,"enemies":"Colosseum Slavers","floor":25,"turns":3},{"damage":9,"enemies":"Colosseum Nobs","floor":25,"turns":4},{"damage":27,"enemies":"Gremlin Leader","floor":27,"turns":4},{"damage":33,"enemies":"Book of Stabbing","floor":29,"turns":4},{"damage":0,"enemies":"Cultist and Chosen","floor":31,"turns":3},{"damage":78,"enemies":"Collector","floor":33,"turns":6},{"damage":20,"enemies":"3 Shapes","floor":35,"turns":6},{"damage":16,"enemies":"Orb Walker","floor":36,"turns":3},{"damage":49,"enemies":"Writhing Mass","floor":38,"turns":5},{"damage":62,"enemies":"Reptomancer","floor":40,"turns":6},{"damage":53,"enemies":"Sphere and 2 Shapes","floor":41,"turns":10},{"damage":28,"enemies":"Maw","floor":45,"turns":7},{"damage":30,"enemies":"2 Orb Walkers","floor":47,"turns":4},{"damage":12,"enemies":"3 Darklings","floor":48,"turns":4},{"damage":76,"enemies":"Awakened One","floor":50,"turns":7}],"seed_played":"-6342847505920724387","potions_obtained":[{"floor":2,"key":"PowerPotion"},{"floor":10,"key":"Explosive Potion"},{"floor":11,"key":"Swift Potion"},{"floor":16,"key":"FairyPotion"},{"floor":19,"key":"GamblersBrew"},{"floor":31,"key":"SteroidPotion"},{"floor":33,"key":"SkillPotion"},{"floor":38,"key":"Swift Potion"},{"floor":40,"key":"Dexterity Potion"},{"floor":45,"key":"AttackPotion"}],"is_trial":false,"path_per_floor":["M","M","M","M","M","R","E","T","T","E","M","?","R","M","R","B",null,"M","M","M","?","$","R","$","?","T","E","R","E","?","M","R","B",null,"M","M","$","M","?","E","M","R","T","$","M","R","?","M","R","B",null],"character_chosen":"IRONCLAD","items_purchased":["Anchor","Pen Nib","Medical Kit","Kunai"],"campfire_rested":6,"item_purchase_floors":[22,24,37,44],"current_hp_per_floor":[80,80,86,80,69,69,60,60,60,52,58,64,95,101,101,66,95,66,49,39,73,73,104,104,95,95,74,104,91,91,97,97,37,98,94,88,88,61,98,58,27,66,66,66,60,99,82,80,119,65],"gold":128,"neow_bonus":"TEN_PERCENT_HP_BONUS","is_prod":false,"is_daily":false,"chose_seed":false,"campfire_upgraded":3,"win_rate":0,"timestamp":1558632423,"path_taken":["M","M","M","M","M","R","E","?","T","E","M","?","R","M","R","BOSS","M","M","M","?","$","R","$","?","T","E","R","E","?","?","R","BOSS","M","M","$","M","?","E","M","R","T","$","M","R","?","M","R","BOSS"],"build_version":"2019-01-23","purchased_purges":0,"victory":true,"max_hp_per_floor":[88,88,88,88,88,88,88,88,88,98,98,104,104,104,104,104,104,104,104,104,104,104,104,104,104,104,104,104,118,118,118,118,118,118,124,124,124,124,130,130,130,130,130,130,130,130,133,133,133,133],"card_choices":[{"not_picked":["Havoc","Sword Boomerang"],"picked":"Cleave","floor":1},{"not_picked":["Headbutt","Heavy Blade"],"picked":"Carnage","floor":2},{"not_picked":["Pummel","Anger"],"picked":"Headbutt","floor":3},{"not_picked":["Flex","Second Wind"],"picked":"Corruption","floor":4},{"not_picked":["Heavy Blade","Power Through"],"picked":"Iron Wave","floor":5},{"not_picked":["Iron Wave","Warcry"],"picked":"Flex","floor":7},{"not_picked":["Body Slam","True Grit"],"picked":"Battle Trance","floor":10},{"not_picked":["Clash","Sever Soul"],"picked":"Limit Break","floor":11},{"not_picked":["Havoc","Intimidate"],"picked":"Inflame","floor":14},{"not_picked":["Double Tap","Bludgeon"],"picked":"Limit Break","floor":16},{"not_picked":["Anger","Body Slam+1"],"picked":"Heavy Blade","floor":18},{"not_picked":["Rampage","Rupture"],"picked":"Cleave+1","floor":19},{"not_picked":["Infernal Blade","Headbutt"],"picked":"Spot Weakness","floor":20},{"not_picked":["Clash+1","Cleave"],"picked":"Flex+1","floor":25},{"not_picked":["Havoc","Shrug It Off+1"],"picked":"Exhume","floor":27},{"not_picked":["Uppercut","Pummel"],"picked":"Battle Trance","floor":29},{"not_picked":["Flex","Pommel Strike"],"picked":"Sentinel","floor":31},{"not_picked":["Bludgeon","Fiend Fire"],"picked":"Feed","floor":33},{"not_picked":["Anger+1","Clothesline","Rampage"],"picked":"SKIP","floor":35},{"not_picked":["Rage","Evolve+1","Carnage+1"],"picked":"SKIP","floor":36},{"not_picked":["Rampage+1","Anger","Cleave+1"],"picked":"SKIP","floor":38},{"not_picked":["Juggernaut","Rupture+1"],"picked":"Shrug It Off+1","floor":40},{"not_picked":["Infernal Blade","Cleave"],"picked":"Pummel+1","floor":41},{"not_picked":["Pummel+1","Havoc+1"],"picked":"Warcry+1","floor":45},{"not_picked":["Clash","Bludgeon"],"picked":"Perfected Strike+1","floor":47},{"not_picked":["Cleave+1","Corruption"],"picked":"Thunderclap","floor":48}],"player_experience":655675,"relics_obtained":[{"floor":7,"key":"War Paint"},{"floor":8,"key":"Darkstone Periapt"},{"floor":9,"key":"FossilizedHelix"},{"floor":10,"key":"Pear"},{"floor":25,"key":"Torii"},{"floor":25,"key":"Shuriken"},{"floor":26,"key":"Bottled Flame"},{"floor":27,"key":"Meat on the Bone"},{"floor":29,"key":"Mango"},{"floor":40,"key":"Gremlin Horn"},{"floor":43,"key":"PreservedInsect"},{"floor":47,"key":"Charon\u0027s Ashes"}],"event_choices":[{"damage_healed":0,"gold_gain":0,"player_choice":"Box","damage_taken":0,"relics_obtained":["Letter Opener"],"max_hp_gain":0,"max_hp_loss":0,"event_name":"Big Fish","floor":12,"gold_loss":0,"cards_obtained":["Regret"]},{"damage_healed":34,"gold_gain":0,"player_choice":"Heal","damage_taken":0,"max_hp_gain":0,"max_hp_loss":0,"event_name":"The Library","floor":21,"gold_loss":0},{"damage_healed":0,"gold_gain":0,"player_choice":"Fight","damage_taken":0,"max_hp_gain":0,"max_hp_loss":0,"event_name":"Colosseum","floor":25,"gold_loss":0},{"damage_healed":0,"gold_gain":0,"player_choice":"Fought Nobs","damage_taken":0,"max_hp_gain":0,"max_hp_loss":0,"event_name":"Colosseum","floor":25,"gold_loss":0},{"damage_healed":0,"gold_gain":0,"player_choice":"Bought 0 Potions","damage_taken":0,"max_hp_gain":0,"max_hp_loss":0,"event_name":"The Woman in Blue","floor":30,"gold_loss":0},{"damage_healed":31,"gold_gain":0,"player_choice":"Writhe","damage_taken":0,"max_hp_gain":0,"max_hp_loss":0,"event_name":"Winding Halls","floor":39,"gold_loss":0,"cards_obtained":["Writhe"]},{"damage_healed":0,"gold_gain":0,"player_choice":"Fight","damage_taken":0,"max_hp_gain":0,"max_hp_loss":0,"event_name":"Mysterious Sphere","floor":47,"gold_loss":0}],"is_beta":false,"boss_relics":[{"not_picked":["Astrolabe","Tiny House"],"picked":"Mark of Pain"},{"not_picked":["Empty Cage","Philosopher\u0027s Stone"],"picked":"Black Blood"}],"items_purged_floors":[],"is_endless":false,"potions_floor_spawned":[2,10,11,16,19,25,31,33,38,40,45,48],"ascension_level":6}