{"gold_per_floor":[149,149,149,166,166,200,200,200,200,200,210,228,257,257,257,257],"floor_reached":16,"playtime":570,"items_purged":[],"score":216,"play_id":"e7f4b581-c611-4a35-b95a-294010e0c2c8","local_time":"20190623105914","is_ascension_mode":true,"campfire_choices":[{"floor":7.0,"key":"REST"},{"data":"Poisoned Stab","floor":10.0,"key":"SMITH"},{"floor":15.0,"key":"REST"}],"neow_cost":"NONE","seed_source_timestamp":977138634784729,"circlet_count":0,"master_deck":["AscendersBane","Defend_G","Defend_G","Defend_G","Defend_G","Defend_G","Strike_G","Strike_G","Strike_G","Strike_G","Strike_G","Survivor","Neutralize","Poisoned Stab+1","Backflip","Dagger Spray","PiercingWail","Catalyst","Finisher"],"special_seed":0,"relics":["Ring of the Snake","Tiny Chest","Oddly Smooth Stone","Bag of Preparation","Paper Crane","Darkstone Periapt","Question Card"],"potions_floor_usage":[16],"damage_taken":[{"damage":6.0,"enemies":"2 Louse","floor":1.0,"turns":4.0},{"damage":3.0,"enemies":"Jaw Worm","floor":4.0,"turns":6.0},{"damage":38.0,"enemies":"3 Sentries","floor":6.0,"turns":16.0},{"damage":0.0,"enemies":"Cultist","floor":11.0,"turns":3.0},{"damage":0.0,"enemies":"Blue Slaver","floor":12.0,"turns":4.0},{"damage":41.0,"enemies":"Gremlin Nob","floor":13.0,"turns":6.0},{"damage":8,"enemies":"The Guardian","floor":16,"turns":7}],"seed_played":"862665209712709505","potions_obtained":[{"floor":6.0,"key":"Swift Potion"},{"floor":11.0,"key":"Ancient Potion"}],"is_trial":false,"path_per_floor":["M","?","?","M","T","E","R","?","T","R","M","M","E","?","R","B"],"character_chosen":"THE_SILENT","items_purchased":[],"campfire_rested":2,"item_purchase_floors":[],"current_hp_per_floor":[53,48,48,45,45,7,26,48,48,48,48,48,7,7,26,18],"gold":257,"neow_bonus":"RANDOM_COMMON_RELIC","is_prod":false,"is_daily":false,"chose_seed":false,"campfire_upgraded":1,"win_rate":0,"timestamp":1561301954,"path_taken":["M","?","?","M","?","E","R","?","T","R","?","M","E","?","R","BOSS"],"build_version":"2019-01-23","purchased_purges":0,"victory":false,"max_hp_per_floor":[66,66,66,66,66,66,66,66,66,66,66,66,66,66,66,66],"card_choices":[{"not_picked":["Dagger Throw","Deadly Poison"],"picked":"Poisoned Stab","floor":1.0},{"not_picked":["Blade Dance","Dodge and Roll"],"picked":"Backflip","floor":4.0},{"not_picked":["Distraction","Dodge and Roll"],"picked":"Dagger Spray","floor":6.0},{"not_picked":["Outmaneuver","Flechettes"],"picked":"PiercingWail","floor":11.0},{"not_picked":["Flechettes","Tactician"],"picked":"Catalyst","floor":12.0},{"not_picked":["Deflect","Distraction"],"picked":"Finisher","floor":13.0}],"player_experience":865702,"relics_obtained":[{"floor":5.0,"key":"Bag of Preparation"},{"floor":6.0,"key":"Paper Crane"},{"floor":9.0,"key":"Darkstone Periapt"},{"floor":13.0,"key":"Question Card"}],"event_choices":[{"damage_healed":0.0,"max_hp_gain":0.0,"max_hp_loss":0.0,"gold_gain":0.0,"event_name":"Scrap Ooze","player_choice":"Success","floor":2.0,"gold_loss":0.0,"damage_taken":5.0,"relics_obtained":["Oddly Smooth Stone"]},{"damage_healed":0.0,"max_hp_gain":0.0,"max_hp_loss":0.0,"gold_gain":0.0,"event_name":"Shining Light","player_choice":"Ignored","floor":3.0,"gold_loss":0.0,"damage_taken":0.0},{"damage_healed":22.0,"max_hp_gain":0.0,"max_hp_loss":0.0,"gold_gain":0.0,"event_name":"Big Fish","player_choice":"Banana","floor":8.0,"gold_loss":0.0,"damage_taken":0.0},{"damage_healed":0.0,"max_hp_gain":0.0,"max_hp_loss":0.0,"gold_gain":0.0,"event_name":"Match and Keep!","player_choice":"0 cards matched","floor":14.0,"gold_loss":0.0,"damage_taken":0.0,"cards_obtained":[]}],"is_beta":false,"boss_relics":[],"items_purged_floors":[],"is_endless":false,"potions_floor_spawned":[6,11],"killed_by":"The Guardian","ascension_level":20}