{"gold_per_floor":[17,36,53,65,81,81,97,123,123,123,135,135,169,169,169,269,269,280,298,23,23,43,77,77,90,171,200,200,200,200,227,239,355,367,393,405,517,539,568,88,88,0,26,26,45,55,55,55,55,55,55,55,9,42,42],"floor_reached":56,"playtime":2763,"items_purged":["Strike_B","Strike_B"],"score":1322,"play_id":"3e8c0e15-9454-4baf-8df1-76e3fc68b81e","local_time":"20181223193637","is_ascension_mode":false,"campfire_choices":[{"data":"Biased Cognition","floor":6,"key":"SMITH"},{"data":"Loop","floor":10,"key":"SMITH"},{"data":"Loop","floor":12,"key":"SMITH"},{"data":"Dualcast","floor":15,"key":"SMITH"},{"data":"Reboot","floor":24,"key":"SMITH"},{"data":"BootSequence","floor":28,"key":"SMITH"},{"floor":30,"key":"RECALL"},{"data":"Rainbow","floor":32,"key":"SMITH"},{"data":"Loop","floor":41,"key":"SMITH"},{"data":"Machine Learning","floor":44,"key":"SMITH"},{"data":"Glacier","floor":47,"key":"SMITH"},{"data":"Glacier","floor":49,"key":"SMITH"},{"data":"Conserve Battery","floor":52,"key":"SMITH"}],"neow_cost":"NO_GOLD","seed_source_timestamp":9545362476083,"circlet_count":0,"master_deck":["Strike_B","Strike_B","Defend_B","Defend_B","Defend_B","Defend_B","Zap+1","Dualcast+1","Biased Cognition+1","Ball Lightning","Loop+1","Ball Lightning","Cold Snap","Glacier+1","Glacier+1","Loop+1","Self Repair","Reboot+1","BootSequence+1","Conserve Battery+1","Conserve Battery+1","Rainbow+1","Machine Learning+1","Hologram+1","Loop+1","Coolheaded+1","Glacier+1","Barrage"],"relics":["Cracked Core","Singing Bowl","PreservedInsect","Bag of Preparation","Velvet Choker","Regal Pillow","Strawberry","Mercury Hourglass","Cables","MawBank","Lizard Tail","Prayer Wheel","Runic Capacitor","DataDisk","Red Mask","Orichalcum","Art of War"],"potions_floor_usage":[8,23,35,55,55,55],"damage_taken":[{"damage":2,"enemies":"2 Louse","floor":1,"turns":2},{"damage":1,"enemies":"Cultist","floor":2,"turns":3},{"damage":0,"enemies":"Small Slimes","floor":3,"turns":3},{"damage":5,"enemies":"Looter","floor":4,"turns":3},{"damage":1,"enemies":"Exordium Wildlife","floor":5,"turns":2},{"damage":6,"enemies":"2 Fungi Beasts","floor":7,"turns":3},{"damage":9,"enemies":"3 Sentries","floor":8,"turns":8},{"damage":0,"enemies":"Exordium Thugs","floor":11,"turns":4},{"damage":9,"enemies":"Lagavulin","floor":13,"turns":7},{"damage":21,"enemies":"The Guardian","floor":16,"turns":10},{"damage":3,"enemies":"Spheric Guardian","floor":18,"turns":4},{"damage":0,"enemies":"3 Byrds","floor":19,"turns":3},{"damage":0,"enemies":"Sentry and Sphere","floor":22,"turns":5},{"damage":0,"enemies":"Gremlin Leader","floor":23,"turns":5},{"damage":0,"enemies":"Cultist and Chosen","floor":25,"turns":3},{"damage":13,"enemies":"Slavers","floor":27,"turns":4},{"damage":0,"enemies":"Book of Stabbing","floor":31,"turns":4},{"damage":46,"enemies":"Automaton","floor":33,"turns":12},{"damage":14,"enemies":"3 Darklings","floor":35,"turns":5},{"damage":0,"enemies":"Mind Bloom Boss Battle","floor":37,"turns":6},{"damage":7,"enemies":"3 Shapes","floor":38,"turns":2},{"damage":5,"enemies":"Sphere and 2 Shapes","floor":39,"turns":4},{"damage":1,"enemies":"4 Shapes","floor":45,"turns":4},{"damage":0,"enemies":"Spire Growth","floor":46,"turns":5},{"damage":15,"enemies":"Time Eater","floor":50,"turns":17},{"damage":18,"enemies":"Shield and Spear","floor":54,"turns":8},{"damage":24,"enemies":"The Heart","floor":55,"turns":13}],"seed_played":"-9001400897227695219","potions_obtained":[{"floor":3,"key":"EssenceOfSteel"},{"floor":5,"key":"SteroidPotion"},{"floor":8,"key":"Fire Potion"},{"floor":11,"key":"Explosive Potion"},{"floor":16,"key":"SpeedPotion"},{"floor":18,"key":"Block Potion"},{"floor":22,"key":"Energy Potion"},{"floor":27,"key":"Weak Potion"},{"floor":33,"key":"FocusPotion"},{"floor":35,"key":"Ancient Potion"},{"floor":45,"key":"Swift Potion"}],"is_trial":false,"path_per_floor":["M","M","M","M","M","R","M","E","T","R","M","R","E","?","R","B",null,"M","M","$","?","M","E","R","M","T","E","R","?","R","E","R","B",null,"M","$","?","M","M","$","R","?","T","R","M","M","R","?","R","B",null,"R","$","E","B",null],"character_chosen":"DEFECT","items_purchased":["Conserve Battery","Regal Pillow","Runic Capacitor","DataDisk","Loop","Barrage"],"campfire_rested":0,"item_purchase_floors":[20,20,40,40,40,53],"current_hp_per_floor":[73,72,72,67,66,66,60,51,51,51,51,51,51,51,51,37,77,74,76,76,83,85,90,90,90,90,86,86,86,86,92,92,53,92,87,87,96,93,97,97,97,97,97,97,104,106,106,108,108,100,108,108,108,99,82],"gold":42,"neow_bonus":"THREE_RARE_CARDS","is_prod":false,"is_daily":false,"chose_seed":false,"campfire_upgraded":12,"win_rate":0,"timestamp":1545604597,"path_taken":["M","M","M","M","M","R","M","E","T","R","M","R","E","?","R","BOSS","M","M","$","?","M","E","R","M","T","E","R","?","R","E","R","BOSS","M","$","?","M","M","$","R","?","T","R","M","M","R","?","R","BOSS","R","$","E","BOSS"],"build_version":"2018-12-20","purchased_purges":2,"victory":true,"max_hp_per_floor":[75,75,75,75,75,75,75,75,75,75,75,75,77,77,77,77,77,77,79,79,86,88,90,90,90,90,92,92,92,92,92,92,92,92,94,94,96,100,102,102,102,102,102,102,104,106,106,108,108,108,108,108,108,110,110],"card_choices":[{"not_picked":["Fission","Seek"],"picked":"Biased Cognition","floor":0},{"not_picked":["Force Field","Rebound"],"picked":"Ball Lightning","floor":1},{"not_picked":["Leap","Skim"],"picked":"Loop","floor":2},{"not_picked":["FTL","Doom and Gloom"],"picked":"Ball Lightning","floor":3},{"not_picked":["Turbo","Ball Lightning"],"picked":"Cold Snap","floor":4},{"not_picked":["Compile Driver","Electrodynamics"],"picked":"Glacier","floor":5},{"not_picked":["Doom and Gloom","Consume"],"picked":"Glacier","floor":7},{"not_picked":["Gash","Static Discharge"],"picked":"Loop","floor":8},{"not_picked":["Hologram","Sweeping Beam"],"picked":"Self Repair","floor":11},{"not_picked":["Cold Snap","Heatsinks","Streamline"],"picked":"Singing Bowl","floor":13},{"not_picked":["All For One","Thunder Strike"],"picked":"Reboot","floor":16},{"not_picked":["Go for the Eyes","Rebound+1"],"picked":"BootSequence","floor":18},{"not_picked":["Redo","Leap","Compile Driver"],"picked":"Singing Bowl","floor":19},{"not_picked":["Self Repair+1","Ball Lightning+1","Force Field"],"picked":"Singing Bowl","floor":22},{"not_picked":["Sweeping Beam","Steam Power+1","Recycle"],"picked":"Singing Bowl","floor":23},{"not_picked":["Leap","Streamline+1"],"picked":"Conserve Battery+1","floor":25},{"not_picked":["Rebound","Force Field","Compile Driver+1"],"picked":"Singing Bowl","floor":27},{"not_picked":["Self Repair","Buffer"],"picked":"Rainbow","floor":31},{"not_picked":["Multi-Cast","Biased Cognition"],"picked":"Machine Learning","floor":33},{"not_picked":["Auto Shields+1","Coolheaded","Melter"],"picked":"Singing Bowl","floor":35},{"not_picked":["Conserve Battery+1","Beam Cell","Cold Snap"],"picked":"Singing Bowl","floor":37},{"not_picked":["Undo","Steam Power+1","Conserve Battery"],"picked":"Singing Bowl","floor":38},{"not_picked":["Steam Power","Double Energy+1","Force Field+1"],"picked":"Singing Bowl","floor":38},{"not_picked":["Stack","Seek"],"picked":"Hologram+1","floor":39},{"not_picked":["Leap+1","Cold Snap","Barrage"],"picked":"Singing Bowl","floor":39},{"not_picked":["Conserve Battery+1","Darkness+1"],"picked":"Coolheaded+1","floor":45},{"not_picked":["Go for the Eyes","Compile Driver","Coolheaded"],"picked":"Singing Bowl","floor":45},{"not_picked":["Storm+1","Leap+1","Amplify"],"picked":"Singing Bowl","floor":46},{"not_picked":["Redo","Gash+1"],"picked":"Glacier+1","floor":46},{"not_picked":["Blind","The Bomb","Madness"],"picked":"Singing Bowl","floor":48},{"not_picked":["Reinforced Body","Compile Driver+1","FTL+1"],"picked":"Singing Bowl","floor":54}],"player_experience":625580,"relics_obtained":[{"floor":8,"key":"Singing Bowl"},{"floor":9,"key":"PreservedInsect"},{"floor":13,"key":"Bag of Preparation"},{"floor":23,"key":"Mercury Hourglass"},{"floor":27,"key":"Cables"},{"floor":31,"key":"MawBank"},{"floor":37,"key":"Prayer Wheel"},{"floor":43,"key":"Orichalcum"},{"floor":54,"key":"Art of War"}],"event_choices":[{"damage_healed":0,"gold_gain":0,"player_choice":"Grow","damage_taken":0,"max_hp_gain":0,"max_hp_loss":0,"event_name":"Living Wall","floor":14,"gold_loss":0,"cards_upgraded":["Zap"]},{"damage_healed":0,"gold_gain":0,"player_choice":"Opened","damage_taken":0,"relics_obtained":["Strawberry"],"max_hp_gain":0,"max_hp_loss":0,"event_name":"The Mausoleum","floor":21,"gold_loss":0,"cards_obtained":["Writhe"]},{"cards_removed":["Writhe"],"damage_healed":0,"gold_gain":0,"player_choice":"Removed Curses","damage_taken":0,"max_hp_gain":0,"max_hp_loss":0,"event_name":"Fountain of Cleansing","floor":29,"gold_loss":0},{"damage_healed":0,"gold_gain":0,"player_choice":"Fight","damage_taken":0,"max_hp_gain":0,"max_hp_loss":0,"event_name":"MindBloom","floor":37,"gold_loss":0},{"damage_healed":0,"gold_gain":0,"player_choice":"Paid","damage_taken":0,"relics_obtained":["Red Mask"],"max_hp_gain":0,"max_hp_loss":0,"event_name":"Tomb of Lord Red Mask","floor":42,"gold_loss":88},{"damage_healed":0,"gold_gain":0,"player_choice":"Memory 1","damage_taken":0,"max_hp_gain":0,"max_hp_loss":0,"event_name":"SensoryStone","floor":48,"gold_loss":0}],"is_beta":false,"boss_relics":[{"not_picked":["Busted Crown","Orrery"],"picked":"Velvet Choker"},{"not_picked":["White Beast Statue","Snecko Eye"],"picked":"Lizard Tail"}],"items_purged_floors":[20,40],"is_endless":false,"potions_floor_spawned":[3,5,8,11,16,18,19,22,27,33,35,45],"ascension_level":0}