{"gold_per_floor":[109,59,59,79,90,119,119,138,138,138,238,211,211,82,82,177,177,167,186,186,285,237,237,252,252,252,267,281,281,281,296,296,296],"floor_reached":33,"playtime":2614,"items_purged":[],"score":297,"play_id":"86e310cd-3d7a-4f28-860c-336351c2f624","local_time":"20181220195559","is_ascension_mode":true,"campfire_choices":[{"floor":7.0,"key":"REST"},{"floor":10.0,"key":"REST"},{"data":"Carnage","floor":13.0,"key":"SMITH"},{"data":"Intimidate","floor":15.0,"key":"SMITH"},{"floor":25,"key":"REST"},{"floor":30,"key":"REST"},{"floor":32,"key":"REST"}],"neow_cost":"NONE","seed_source_timestamp":0,"circlet_count":0,"master_deck":["Strike_R","Strike_R","Strike_R","Strike_R","Defend_R","Defend_R","Defend_R","Defend_R","Havoc","Feed","Intimidate+1","Disarm","Limit Break","Iron Wave","Carnage+1","Iron Wave","Pummel","Double Tap","Infernal Blade","Flex","Flex","Flex"],"special_seed":0,"relics":["Burning Blood","NeowsBlessing","Pocketwatch","Mark of Pain","FaceOfCleric","Vajra"],"potions_floor_usage":[27,33],"damage_taken":[{"damage":0.0,"enemies":"Jaw Worm","floor":1.0,"turns":1.0},{"damage":0.0,"enemies":"Small Slimes","floor":4.0,"turns":2.0},{"damage":0.0,"enemies":"Cultist","floor":5.0,"turns":1.0},{"damage":95.0,"enemies":"Lagavulin","floor":6.0,"turns":16.0},{"damage":9.0,"enemies":"Looter","floor":8.0,"turns":4.0},{"damage":16.0,"enemies":"Exordium Thugs","floor":12.0,"turns":5.0},{"damage":44.0,"enemies":"The Guardian","floor":16.0,"turns":11.0},{"damage":13.0,"enemies":"2 Thieves","floor":18.0,"turns":4.0},{"damage":25.0,"enemies":"Shell Parasite","floor":19.0,"turns":5.0},{"damage":53.0,"enemies":"Sentry and Sphere","floor":24.0,"turns":6.0},{"damage":19,"enemies":"Snecko","floor":27,"turns":4},{"damage":45,"enemies":"Snake Plant","floor":28,"turns":6},{"damage":8,"enemies":"3 Cultists","floor":31,"turns":5},{"damage":97,"enemies":"Collector","floor":33,"turns":6}],"seed_played":"5812547412537531990","potions_obtained":[{"floor":1.0,"key":"FairyPotion"},{"floor":8.0,"key":"Weak Potion"},{"floor":12.0,"key":"Swift Potion"},{"floor":24.0,"key":"Poison Potion"},{"floor":28,"key":"PowerPotion"}],"is_trial":false,"path_per_floor":["M","?","?","M","M","E","R","M","T","R","?","M","R","$","R","B",null,"M","M","?","?","$","?","M","R","T","M","M","?","R","M","R","B"],"character_chosen":"IRONCLAD","items_purchased":["Iron Wave","Pummel","Flex"],"campfire_rested":5,"item_purchase_floors":[14,14,22],"current_hp_per_floor":[80,80,80,83,86,14,39,39,39,65,65,55,55,55,55,20,92,88,69,69,69,69,69,26,55,55,46,11,11,43,42,74,0],"gold":296,"neow_bonus":"THREE_ENEMY_KILL","is_prod":false,"is_daily":false,"chose_seed":false,"campfire_upgraded":2,"win_rate":0,"timestamp":1545364559,"path_taken":["M","?","?","?","M","E","R","M","T","R","?","M","R","?","R","BOSS","M","M","?","?","$","?","?","R","T","M","M","?","R","M","R","BOSS"],"build_version":"2018-12-20","purchased_purges":0,"victory":false,"max_hp_per_floor":[80,80,80,83,86,86,86,89,89,89,89,89,89,89,89,92,92,95,95,95,95,95,95,99,99,99,103,107,107,107,108,108,108],"card_choices":[{"not_picked":["Rampage","Headbutt"],"picked":"Havoc","floor":1.0},{"not_picked":["Sword Boomerang","Body Slam"],"picked":"Intimidate","floor":4.0},{"not_picked":["Warcry","Perfected Strike"],"picked":"Disarm","floor":5.0},{"not_picked":["Pummel","Pommel Strike"],"picked":"Limit Break","floor":6.0},{"not_picked":["Perfected Strike","Havoc"],"picked":"Iron Wave","floor":8.0},{"not_picked":["Bloodletting","True Grit"],"picked":"Carnage","floor":12.0},{"not_picked":["Exhume","Fiend Fire"],"picked":"Double Tap","floor":16.0},{"not_picked":["Warcry","Pommel Strike","Rupture"],"picked":"SKIP","floor":18.0},{"not_picked":["Wild Strike+1","Sword Boomerang","Perfected Strike"],"picked":"SKIP","floor":19.0},{"not_picked":["Headbutt","Anger","Flame Barrier"],"picked":"SKIP","floor":24.0},{"not_picked":["Limit Break","Headbutt"],"picked":"Flex","floor":27},{"not_picked":["Intimidate","Clothesline"],"picked":"Flex","floor":28},{"not_picked":["Warcry","Anger","Entrench"],"picked":"SKIP","floor":31}],"player_experience":70956,"relics_obtained":[{"floor":6.0,"key":"Pocketwatch"},{"floor":26,"key":"Vajra"}],"event_choices":[{"cards_removed":["Strike_R"],"damage_healed":0.0,"max_hp_gain":0.0,"max_hp_loss":0.0,"gold_gain":0.0,"event_name":"The Cleric","player_choice":"Card Removal","floor":2.0,"gold_loss":50.0,"damage_taken":0.0},{"damage_healed":0.0,"max_hp_gain":0.0,"max_hp_loss":0.0,"gold_gain":0.0,"cards_transformed":["Bash"],"event_name":"Transmorgrifier","player_choice":"Transformed","floor":3.0,"gold_loss":0.0,"damage_taken":0.0,"cards_obtained":["Feed"]},{"damage_healed":0.0,"max_hp_gain":0.0,"max_hp_loss":0.0,"gold_gain":100.0,"event_name":"Golden Shrine","player_choice":"Pray","floor":11.0,"gold_loss":0.0,"damage_taken":0.0},{"damage_healed":0.0,"max_hp_gain":0.0,"max_hp_loss":0.0,"gold_gain":0.0,"event_name":"The Library","player_choice":"Read","floor":20.0,"gold_loss":0.0,"damage_taken":0.0,"cards_obtained":["Infernal Blade"]},{"damage_healed":0.0,"max_hp_gain":0.0,"max_hp_loss":0.0,"gold_gain":99.0,"event_name":"Nest","player_choice":"Stole From Cult","floor":21.0,"gold_loss":0.0,"damage_taken":0.0},{"damage_healed":0.0,"max_hp_gain":0.0,"max_hp_loss":0.0,"gold_gain":0.0,"event_name":"FaceTrader","player_choice":"Trade","floor":23.0,"gold_loss":0.0,"damage_taken":0.0,"relics_obtained":["FaceOfCleric"]},{"damage_healed":0,"gold_gain":0,"player_choice":"Ignored","damage_taken":0,"max_hp_gain":0,"max_hp_loss":0,"event_name":"Cursed Tome","floor":29,"gold_loss":0}],"is_beta":false,"boss_relics":[{"not_picked":["Runic Pyramid","Black Star"],"picked":"Mark of Pain"}],"items_purged_floors":[],"is_endless":false,"potions_floor_spawned":[1,8,12,24,28],"killed_by":"Collector","ascension_level":2}