{"gold_per_floor":[115,65,65,81,81,141,141,176,253,273,290,305,305,305,305,401,401,420,420,420,420,433,433,458,236,236,283,283,21,40,58,58,159,159,176,201,230,1,18,18,44,64,64,91,106,131,131,141,141,141],"floor_reached":51,"playtime":3075,"items_purged":[],"score":847,"play_id":"7e9ee315-9074-4f73-8a3d-42c987c68ef8","local_time":"20190119231007","is_ascension_mode":true,"campfire_choices":[{"floor":7,"key":"REST"},{"floor":13,"key":"REST"},{"floor":15,"key":"REST"},{"data":"Double Tap","floor":23,"key":"SMITH"},{"floor":28,"key":"REST"},{"data":"Inflame","floor":32,"key":"SMITH"},{"floor":40,"key":"REST"},{"data":"Heavy Blade","floor":49,"key":"SMITH"}],"neow_cost":"NONE","seed_source_timestamp":931793014618766,"circlet_count":0,"master_deck":["Strike_R+1","Strike_R+1","Strike_R","Defend_R+1","Defend_R","Defend_R+1","Defend_R","Bash","Pommel Strike","Clothesline","Battle Trance","Fire Breathing","Shrug It Off","Cleave","Clothesline","Double Tap+1","Dropkick+1","Metallicize","Uppercut","Inflame+1","Double Tap","Battle Trance","Heavy Blade+1","Power Through+1","Bloodletting","Pummel+1"],"relics":["Burning Blood","Whetstone","Tiny Chest","Sundial","Shuriken","Lantern","Velvet Choker","MutagenicStrength","Centennial Puzzle","Orichalcum","Pear","Bag of Marbles","Pantograph","Philosopher\u0027s Stone","MawBank","Kunai","Mummified Hand","Meat on the Bone","Bottled Tornado","Dream Catcher","Letter Opener"],"potions_floor_usage":[6,16,16,18,33,33,50,50],"damage_taken":[{"damage":14,"enemies":"2 Louse","floor":1,"turns":3},{"damage":0,"enemies":"Small Slimes","floor":4,"turns":3},{"damage":26,"enemies":"Gremlin Nob","floor":6,"turns":4},{"damage":30,"enemies":"Lagavulin","floor":8,"turns":6},{"damage":0,"enemies":"Cultist","floor":10,"turns":2},{"damage":21,"enemies":"Exordium Wildlife","floor":11,"turns":6},{"damage":8,"enemies":"Looter","floor":12,"turns":3},{"damage":41,"enemies":"Hexaghost","floor":16,"turns":9},{"damage":3,"enemies":"Spheric Guardian","floor":18,"turns":3},{"damage":10,"enemies":"Shell Parasite","floor":22,"turns":3},{"damage":74,"enemies":"Gremlin Leader","floor":24,"turns":8},{"damage":2,"enemies":"Centurion and Healer","floor":30,"turns":3},{"damage":0,"enemies":"Chosen and Byrds","floor":31,"turns":4},{"damage":29,"enemies":"Champ","floor":33,"turns":7},{"damage":22,"enemies":"3 Darklings","floor":35,"turns":4},{"damage":6,"enemies":"Orb Walker","floor":37,"turns":2},{"damage":30,"enemies":"Writhing Mass","floor":39,"turns":4},{"damage":14,"enemies":"Reptomancer","floor":41,"turns":5},{"damage":3,"enemies":"Sphere and 2 Shapes","floor":42,"turns":3},{"damage":8,"enemies":"Giant Head","floor":44,"turns":4},{"damage":0,"enemies":"Transient","floor":45,"turns":5},{"damage":22,"enemies":"Reptomancer","floor":46,"turns":5},{"damage":16,"enemies":"Maw","floor":48,"turns":6},{"damage":96,"enemies":"Time Eater","floor":50,"turns":12}],"seed_played":"5699131938418118097","potions_obtained":[{"floor":1,"key":"PowerPotion"},{"floor":8,"key":"Energy Potion"},{"floor":11,"key":"Ancient Potion"},{"floor":16,"key":"Swift Potion"},{"floor":30,"key":"SpeedPotion"},{"floor":31,"key":"Strength Potion"},{"floor":39,"key":"FairyPotion"},{"floor":44,"key":"Regen Potion"},{"floor":46,"key":"LiquidBronze"}],"is_trial":false,"path_per_floor":["M","?","?","M","?","E","R","E","T","M","M","M","R","T","R","B",null,"M","?","?","?","M","R","E","$","T","T","R","$","M","M","R","B",null,"M","T","M","$","M","R","E","M","T","E","M","E","T","M","R","B",null],"character_chosen":"IRONCLAD","items_purchased":["Inflame","Orichalcum","Pantograph","Kunai"],"campfire_rested":5,"item_purchase_floors":[25,25,29,38],"current_hp_per_floor":[72,72,56,62,62,42,66,42,42,48,33,31,55,55,79,44,80,80,80,80,80,76,76,8,8,18,18,45,45,49,55,55,57,90,74,74,74,74,50,77,69,72,72,70,76,60,60,62,62,24],"gold":141,"neow_bonus":"RANDOM_COMMON_RELIC","is_prod":false,"is_daily":false,"chose_seed":false,"campfire_upgraded":3,"win_rate":0,"timestamp":1547957407,"path_taken":["M","?","?","M","?","E","R","E","T","M","?","M","R","?","R","BOSS","M","?","?","?","M","R","E","?","T","?","R","$","M","M","R","BOSS","M","?","?","$","M","R","E","M","T","E","M","E","?","M","R","BOSS"],"build_version":"2019-01-17v2","purchased_purges":0,"victory":true,"max_hp_per_floor":[80,80,80,80,80,80,80,80,80,80,80,80,80,80,80,80,80,80,80,80,80,80,80,80,80,90,90,90,90,90,90,90,90,90,90,90,90,90,90,90,90,90,90,90,90,90,90,90,90,90],"card_choices":[{"not_picked":["Twin Strike","Evolve"],"picked":"Pommel Strike","floor":1},{"not_picked":["Thunderclap","Cleave"],"picked":"Clothesline","floor":4},{"not_picked":["Body Slam","Corruption"],"picked":"Battle Trance","floor":6},{"not_picked":["Feel No Pain","Anger"],"picked":"Fire Breathing","floor":8},{"not_picked":["Flex","Headbutt"],"picked":"Shrug It Off","floor":10},{"not_picked":["Pommel Strike","Armaments"],"picked":"Cleave","floor":11},{"not_picked":["Wild Strike","Whirlwind"],"picked":"Clothesline","floor":12},{"not_picked":["Dark Embrace","Exhume"],"picked":"Double Tap","floor":16},{"not_picked":["Rage","Pommel Strike"],"picked":"Dropkick+1","floor":18},{"not_picked":["Clothesline","Havoc"],"picked":"Metallicize","floor":22},{"not_picked":["Combust","Entrench"],"picked":"Uppercut","floor":24},{"not_picked":["Wild Strike","Thunderclap","Flex"],"picked":"SKIP","floor":30},{"not_picked":["Perfected Strike","Headbutt","Wild Strike"],"picked":"SKIP","floor":31},{"not_picked":["Berserk","Impervious"],"picked":"Double Tap","floor":33},{"not_picked":["Corruption+1","True Grit+1"],"picked":"Battle Trance","floor":35},{"not_picked":["Metallicize+1","Perfected Strike+1"],"picked":"Heavy Blade","floor":37},{"not_picked":["Headbutt","Clothesline","Body Slam"],"picked":"SKIP","floor":39},{"not_picked":["Dark Embrace","Warcry+1"],"picked":"Power Through+1","floor":41},{"not_picked":["Shrug It Off","Body Slam+1","Perfected Strike"],"picked":"SKIP","floor":42},{"not_picked":["Headbutt","Searing Blow+1","Clothesline"],"picked":"SKIP","floor":44},{"not_picked":["Headbutt","Searing Blow+1","Clothesline"],"picked":"SKIP","floor":44},{"not_picked":["Power Through+1","Ghostly Armor"],"picked":"Bloodletting","floor":45},{"not_picked":["Brutality","Thunderclap+1","Warcry"],"picked":"SKIP","floor":46},{"not_picked":["Power Through","Sword Boomerang"],"picked":"Pummel+1","floor":48}],"player_experience":125899,"relics_obtained":[{"floor":6,"key":"Tiny Chest"},{"floor":8,"key":"Sundial"},{"floor":9,"key":"Shuriken"},{"floor":14,"key":"Lantern"},{"floor":24,"key":"Centennial Puzzle"},{"floor":26,"key":"Pear"},{"floor":27,"key":"Bag of Marbles"},{"floor":36,"key":"MawBank"},{"floor":41,"key":"Mummified Hand"},{"floor":43,"key":"Meat on the Bone"},{"floor":44,"key":"Bottled Tornado"},{"floor":46,"key":"Dream Catcher"},{"floor":47,"key":"Letter Opener"}],"event_choices":[{"cards_removed":["Strike_R"],"damage_healed":0,"gold_gain":0,"player_choice":"Card Removal","damage_taken":0,"max_hp_gain":0,"max_hp_loss":0,"event_name":"The Cleric","floor":2,"gold_loss":50},{"damage_healed":0,"gold_gain":0,"player_choice":"Entered Light","damage_taken":16,"max_hp_gain":0,"max_hp_loss":0,"event_name":"Shining Light","floor":3,"gold_loss":0,"cards_upgraded":["Defend_R","Defend_R"]},{"cards_removed":["Strike_R"],"damage_healed":0,"gold_gain":0,"player_choice":"Purged","damage_taken":0,"max_hp_gain":0,"max_hp_loss":0,"event_name":"Purifier","floor":5,"gold_loss":0},{"damage_healed":0,"gold_gain":0,"player_choice":"Ignored","damage_taken":0,"max_hp_gain":0,"max_hp_loss":0,"event_name":"Ghosts","floor":19,"gold_loss":0},{"damage_healed":0,"gold_gain":0,"player_choice":"Ignored","damage_taken":0,"max_hp_gain":0,"max_hp_loss":0,"event_name":"Vampires","floor":20,"gold_loss":0},{"damage_healed":0,"gold_gain":0,"player_choice":"Inject Mutagens","damage_taken":0,"relics_obtained":["MutagenicStrength"],"max_hp_gain":0,"max_hp_loss":0,"event_name":"Drug Dealer","floor":21,"gold_loss":0}],"is_beta":false,"boss_relics":[{"not_picked":["Pandora\u0027s Box","Orrery"],"picked":"Velvet Choker"},{"not_picked":["Runic Cube","Cursed Key"],"picked":"Philosopher\u0027s Stone"}],"items_purged_floors":[],"is_endless":false,"potions_floor_spawned":[1,8,11,16,30,31,39,44,46,48],"ascension_level":3}