{"gold_per_floor":[119,119,138,158,158,158,194,210,210,210,8,26,40,40,40,169,169,185,185,185,40,40,73,73,93,93,116,149,169,169,200,200,301,301,319,335,52,71,171,171,216,216,240,266,311,15,34,59,59,59],"floor_reached":51,"playtime":2394,"items_purged":[],"score":1052,"play_id":"a289867e-1b29-4fe3-918d-1edb592a5d31","local_time":"20190108212655","is_ascension_mode":true,"campfire_choices":[{"floor":6,"key":"REST"},{"floor":15,"key":"REST"},{"floor":24,"key":"REST"},{"floor":32,"key":"REST"},{"data":"Zap","floor":40,"key":"SMITH"},{"data":"Core Surge","floor":42,"key":"SMITH"},{"data":"Sweeping Beam","floor":49,"key":"SMITH"}],"neow_cost":"NONE","seed_source_timestamp":290691989298353,"circlet_count":0,"master_deck":["Strike_B+1","Strike_B","Strike_B","Strike_B","Defend_B","Defend_B","Defend_B","Defend_B","Zap+1","Dualcast","Ball Lightning+1","Go for the Eyes","Streamline","Fusion","Leap","Conserve Battery","BootSequence","Parasite","Electrodynamics+1","Sweeping Beam+1","Biased Cognition+1","Core Surge+1","White Noise+1","Double Energy+1","Ball Lightning+1","Double Energy+1","Self Repair+1","Machine Learning+1","Turbo","Conserve Battery","Rebound","Conserve Battery+1","Steam Power+1","Gash","Turbo","Hologram+1","Go for the Eyes+1"],"relics":["Cracked Core","Bloody Idol","Ice Cream","Frozen Egg 2","CultistMask","Toolbox","Runic Pyramid","Regal Pillow","Cables","Dead Branch","PreservedInsect","Ancient Tea Set","Busted Crown","Bottled Tornado","Mango","Prayer Wheel","Oddly Smooth Stone","Vajra","Turnip","Unceasing Top","Boot"],"potions_floor_usage":[16,23,23,23,31,41,45,50,50],"damage_taken":[{"damage":0,"enemies":"Cultist","floor":1,"turns":3},{"damage":3,"enemies":"Small Slimes","floor":3,"turns":3},{"damage":7,"enemies":"2 Louse","floor":4,"turns":2},{"damage":30,"enemies":"3 Sentries","floor":7,"turns":6},{"damage":0,"enemies":"Large Slime","floor":8,"turns":4},{"damage":9,"enemies":"Blue Slaver","floor":12,"turns":3},{"damage":3,"enemies":"Red Slaver","floor":13,"turns":4},{"damage":27,"enemies":"The Guardian","floor":16,"turns":13},{"damage":0,"enemies":"3 Byrds","floor":18,"turns":2},{"damage":43,"enemies":"Slavers","floor":23,"turns":4},{"damage":0,"enemies":"Chosen","floor":25,"turns":4},{"damage":16,"enemies":"3 Cultists","floor":27,"turns":5},{"damage":10,"enemies":"Book of Stabbing","floor":28,"turns":5},{"damage":0,"enemies":"Sentry and Sphere","floor":29,"turns":2},{"damage":9,"enemies":"Gremlin Leader","floor":31,"turns":3},{"damage":13,"enemies":"Collector","floor":33,"turns":6},{"damage":0,"enemies":"3 Shapes","floor":35,"turns":2},{"damage":2,"enemies":"Orb Walker","floor":36,"turns":3},{"damage":11,"enemies":"Sphere and 2 Shapes","floor":38,"turns":3},{"damage":0,"enemies":"Mind Bloom Boss Battle","floor":39,"turns":4},{"damage":20,"enemies":"Nemesis","floor":41,"turns":5},{"damage":0,"enemies":"Reptomancer","floor":44,"turns":4},{"damage":30,"enemies":"2 Orb Walkers","floor":45,"turns":3},{"damage":0,"enemies":"Maw","floor":47,"turns":4},{"damage":0,"enemies":"Nemesis","floor":48,"turns":5},{"damage":103,"enemies":"Time Eater","floor":50,"turns":9}],"seed_played":"-6342604356872477129","potions_obtained":[{"floor":3,"key":"FocusPotion"},{"floor":8,"key":"LiquidBronze"},{"floor":13,"key":"PowerPotion"},{"floor":18,"key":"Explosive Potion"},{"floor":28,"key":"Explosive Potion"},{"floor":35,"key":"Fire Potion"},{"floor":41,"key":"Energy Potion"},{"floor":45,"key":"Regen Potion"},{"floor":48,"key":"Swift Potion"}],"is_trial":false,"path_per_floor":["M","?","M","M","?","R","E","M","T","?","$","M","M","?","R","B",null,"M","?","?","$","?","E","R","M","T","M","E","M","?","E","R","B",null,"M","M","$","M","?","R","E","R","T","E","?","$","M","E","R","B",null],"character_chosen":"DEFECT","items_purchased":["Toolbox","Regal Pillow","Bottled Tornado","Rebound","Unceasing Top"],"campfire_rested":4,"item_purchase_floors":[11,21,37,37,46],"current_hp_per_floor":[82,82,79,72,56,80,50,50,50,50,50,41,38,58,82,55,82,82,82,82,82,82,39,78,78,78,62,52,52,52,48,82,74,82,82,82,82,76,95,95,95,95,96,96,81,81,96,96,96,15],"gold":59,"neow_bonus":"TEN_PERCENT_HP_BONUS","is_prod":false,"is_daily":false,"chose_seed":false,"campfire_upgraded":3,"win_rate":0,"timestamp":1547000815,"path_taken":["M","?","M","M","?","R","E","M","T","?","$","M","?","?","R","BOSS","M","?","?","$","?","E","R","?","T","M","E","M","?","E","R","BOSS","M","M","$","M","?","R","E","R","T","E","?","?","M","E","R","BOSS"],"build_version":"2019-01-03v4","purchased_purges":0,"victory":true,"max_hp_per_floor":[82,82,82,82,82,82,82,82,82,82,82,82,82,82,82,82,82,82,82,82,82,82,82,82,82,82,82,82,82,82,82,82,82,82,82,82,82,82,96,96,96,96,96,96,96,96,96,96,96,96],"card_choices":[{"not_picked":["Steam","Rebound"],"picked":"Ball Lightning","floor":1},{"not_picked":["Steam","Rebound"],"picked":"Go for the Eyes","floor":3},{"not_picked":["Ball Lightning","Go for the Eyes"],"picked":"Streamline","floor":4},{"not_picked":["Aggregate","Steam"],"picked":"Fusion","floor":7},{"not_picked":["Stack","Coolheaded"],"picked":"Leap","floor":8},{"not_picked":["Compile Driver","Sweeping Beam"],"picked":"Conserve Battery","floor":12},{"not_picked":["Cold Snap","Compile Driver"],"picked":"BootSequence","floor":13},{"not_picked":["Buffer+1","Rainbow"],"picked":"Electrodynamics+1","floor":16},{"not_picked":["Conserve Battery","Leap"],"picked":"Sweeping Beam","floor":18},{"not_picked":["Barrage","Doom and Gloom"],"picked":"Core Surge","floor":23},{"not_picked":["Defragment+1","Cold Snap"],"picked":"White Noise+1","floor":25},{"not_picked":["Force Field","Beam Cell"],"picked":"Double Energy+1","floor":27},{"not_picked":["Darkness","Scrape+1"],"picked":"Ball Lightning+1","floor":28},{"not_picked":["Turbo","Consume"],"picked":"Double Energy+1","floor":29},{"not_picked":["Conserve Battery","Stack+1"],"picked":"Self Repair+1","floor":31},{"not_picked":["Thunder Strike","Seek"],"picked":"Machine Learning+1","floor":33},{"not_picked":[],"picked":"Turbo","floor":35},{"not_picked":[],"picked":"Conserve Battery","floor":36},{"not_picked":[],"picked":"Conserve Battery+1","floor":38},{"not_picked":[],"picked":"Steam Power+1","floor":39},{"not_picked":["Reinforced Body"],"picked":"SKIP","floor":41},{"not_picked":[],"picked":"Gash","floor":44},{"not_picked":[],"picked":"Turbo","floor":45},{"not_picked":[],"picked":"Hologram+1","floor":47},{"not_picked":["Hologram"],"picked":"SKIP","floor":47},{"not_picked":[],"picked":"Go for the Eyes+1","floor":48}],"player_experience":283703,"relics_obtained":[{"floor":7,"key":"Ice Cream"},{"floor":9,"key":"Frozen Egg 2"},{"floor":23,"key":"Cables"},{"floor":26,"key":"Dead Branch"},{"floor":28,"key":"PreservedInsect"},{"floor":31,"key":"Ancient Tea Set"},{"floor":39,"key":"Mango"},{"floor":41,"key":"Prayer Wheel"},{"floor":43,"key":"Oddly Smooth Stone"},{"floor":44,"key":"Vajra"},{"floor":45,"key":"Turnip"},{"floor":48,"key":"Boot"}],"event_choices":[{"damage_healed":0,"gold_gain":0,"player_choice":"Take Wound","damage_taken":0,"relics_obtained":["Golden Idol"],"max_hp_gain":0,"max_hp_loss":0,"event_name":"Golden Idol","floor":2,"gold_loss":0,"cards_obtained":["Injury"]},{"damage_healed":0,"gold_gain":0,"player_choice":"Entered Light","damage_taken":16,"max_hp_gain":0,"max_hp_loss":0,"event_name":"Shining Light","floor":5,"gold_loss":0,"cards_upgraded":["Strike_B","Ball Lightning"]},{"damage_healed":0,"gold_gain":0,"player_choice":"Trade","damage_taken":0,"relics_obtained":["CultistMask"],"max_hp_gain":0,"max_hp_loss":0,"event_name":"FaceTrader","floor":10,"gold_loss":0},{"damage_healed":20,"gold_gain":0,"player_choice":"Healed and dodged fight","damage_taken":0,"max_hp_gain":0,"max_hp_loss":0,"event_name":"Mushrooms","floor":14,"gold_loss":0,"cards_obtained":["Parasite"]},{"damage_healed":0,"gold_gain":0,"player_choice":"Read","damage_taken":0,"max_hp_gain":0,"max_hp_loss":0,"event_name":"The Library","floor":19,"gold_loss":0,"cards_obtained":["Biased Cognition"]},{"damage_healed":0,"gold_gain":0,"player_choice":"Ignored","damage_taken":0,"max_hp_gain":0,"max_hp_loss":0,"event_name":"Vampires","floor":20,"gold_loss":0},{"cards_removed":["Injury"],"damage_healed":0,"gold_gain":0,"player_choice":"Purged","damage_taken":0,"max_hp_gain":0,"max_hp_loss":0,"event_name":"Purifier","floor":22,"gold_loss":0},{"damage_healed":0,"gold_gain":0,"player_choice":"Gave Idol","damage_taken":0,"relics_obtained":["Bloody Idol"],"max_hp_gain":0,"max_hp_loss":0,"event_name":"Forgotten Altar","floor":30,"relics_lost":["Golden Idol"],"gold_loss":0},{"damage_healed":0,"gold_gain":0,"player_choice":"Fight","damage_taken":0,"max_hp_gain":0,"max_hp_loss":0,"event_name":"MindBloom","floor":39,"gold_loss":0},{"damage_healed":0,"gold_gain":0,"player_choice":"Fight","damage_taken":0,"max_hp_gain":0,"max_hp_loss":0,"event_name":"Mysterious Sphere","floor":45,"gold_loss":0}],"is_beta":false,"boss_relics":[{"not_picked":["Sozu","Nuclear Battery"],"picked":"Runic Pyramid"},{"not_picked":["Velvet Choker","Philosopher\u0027s Stone"],"picked":"Busted Crown"}],"items_purged_floors":[],"is_endless":false,"potions_floor_spawned":[3,8,13,18,28,35,41,45,48],"ascension_level":4}