{"gold_per_floor":[130,159,171,201,213,260,272,301,313,325,337,349,393,424,436,545,557,583,432,444,457,457,457,476,511,511,511,536,547,547,547,547,651,651,669,669,769,788,788,814,370,389,435,435,446,446,9,19,19,19],"floor_reached":51,"playtime":2380,"items_purged":["Strike_B+1"],"score":1100,"play_id":"4516f13e-83e2-4b5c-8dc5-be22e91e8b09","local_time":"20190620111500","is_ascension_mode":true,"campfire_choices":[{"floor":12,"key":"REST"},{"floor":15,"key":"REST"},{"floor":23,"key":"REST"},{"floor":27,"key":"REST"},{"floor":30,"key":"REST"},{"data":"Apotheosis","floor":32,"key":"SMITH"},{"floor":44,"key":"REST"},{"floor":46,"key":"REST"},{"floor":49,"key":"REST"}],"neow_cost":"NONE","seed_source_timestamp":717267640866894,"circlet_count":0,"master_deck":["Strike_B+1","Defend_B+1","Defend_B+1","Defend_B+1","Defend_B+1","Zap+1","Dualcast","Sweeping Beam","Go for the Eyes","White Noise+1","Genetic Algorithm","Hello World","All For One","Turbo","Apotheosis+1","Go for the Eyes","Go for the Eyes","Coolheaded","Doom and Gloom","Multi-Cast+1","Loop","Meteor Strike","Coolheaded+1","Defragment","Hologram+1","Glacier+1","Hologram+1","Conserve Battery+1","White Noise+1","Loop","FTL"],"relics":["Cracked Core","MawBank","Vajra","Symbiotic Virus","Oddly Smooth Stone","Anchor","Inserter","Toxic Egg 2","Cables","Mercury Hourglass","Eternal Feather","Unceasing Top","Ice Cream","Chemical X","Strawberry","Dead Branch"],"potions_floor_usage":[16,21,25,25,40,40,42,42,42],"damage_taken":[{"damage":5,"enemies":"2 Louse","floor":1,"turns":3},{"damage":0,"enemies":"Small Slimes","floor":2,"turns":3},{"damage":2,"enemies":"Jaw Worm","floor":4,"turns":4},{"damage":39,"enemies":"Gremlin Nob","floor":6,"turns":5},{"damage":1,"enemies":"Exordium Thugs","floor":8,"turns":4},{"damage":17,"enemies":"Lagavulin","floor":13,"turns":5},{"damage":0,"enemies":"Exordium Wildlife","floor":14,"turns":3},{"damage":13,"enemies":"The Guardian","floor":16,"turns":9},{"damage":9,"enemies":"Shell Parasite","floor":18,"turns":5},{"damage":28,"enemies":"3 Byrds","floor":20,"turns":5},{"damage":6,"enemies":"3 Cultists","floor":21,"turns":4},{"damage":0,"enemies":"Centurion and Healer","floor":24,"turns":5},{"damage":22,"enemies":"Book of Stabbing","floor":25,"turns":6},{"damage":17,"enemies":"Slavers","floor":28,"turns":4},{"damage":18,"enemies":"Snake Plant","floor":29,"turns":4},{"damage":0,"enemies":"Automaton","floor":33,"turns":6},{"damage":9,"enemies":"3 Shapes","floor":35,"turns":3},{"damage":0,"enemies":"Mind Bloom Boss Battle","floor":37,"turns":3},{"damage":0,"enemies":"Orb Walker","floor":38,"turns":2},{"damage":56,"enemies":"Giant Head","floor":40,"turns":7},{"damage":0,"enemies":"Transient","floor":42,"turns":5},{"damage":16,"enemies":"4 Shapes","floor":45,"turns":7},{"damage":25,"enemies":"Jaw Worm Horde","floor":48,"turns":3},{"damage":10,"enemies":"Time Eater","floor":50,"turns":13}],"seed_played":"-2142064826039799008","potions_obtained":[{"floor":6,"key":"Swift Potion"},{"floor":14,"key":"Energy Potion"},{"floor":16,"key":"SkillPotion"},{"floor":24,"key":"Regen Potion"},{"floor":29,"key":"SpeedPotion"},{"floor":35,"key":"SneckoOil"}],"is_trial":false,"path_per_floor":["M","M","?","M","?","E","?","M","T","$","?","R","E","M","R","B",null,"M","$","M","M","?","R","M","E","T","R","E","M","R","?","R","B",null,"M","?","?","M","?","E","$","M","T","R","M","R","$","M","R","B",null],"character_chosen":"DEFECT","items_purchased":["Apotheosis","Chemical X","Hologram+1","SkillPotion","PowerPotion","Dexterity Potion","Dead Branch","White Noise+1","Loop"],"campfire_rested":8,"item_purchase_floors":[19,41,41,41,41,41,47,47,47],"current_hp_per_floor":[63,63,56,54,54,15,8,7,7,7,7,29,12,12,34,21,62,53,53,25,19,19,41,41,34,34,56,39,21,43,43,43,43,67,58,58,58,58,58,2,2,2,9,47,31,69,69,44,78,68],"gold":19,"neow_bonus":"RANDOM_COMMON_RELIC","is_prod":false,"is_daily":false,"chose_seed":false,"campfire_upgraded":1,"win_rate":0,"timestamp":1561043700,"path_taken":["M","M","?","M","?","E","?","M","T","$","?","R","E","M","R","BOSS","M","$","M","M","?","R","M","E","T","R","E","M","R","?","R","BOSS","M","?","?","?","?","E","$","M","T","R","M","R","$","M","R","BOSS"],"build_version":"2019-01-23","purchased_purges":1,"victory":true,"max_hp_per_floor":[75,75,75,75,75,75,75,75,75,75,75,75,75,75,75,75,75,75,75,75,75,75,75,75,75,75,75,75,75,75,75,75,75,75,75,71,71,71,71,71,71,71,78,78,78,78,78,78,78,78],"card_choices":[{"not_picked":["Gash","Rebound"],"picked":"Sweeping Beam","floor":1},{"not_picked":["Aggregate","Lockon"],"picked":"Go for the Eyes","floor":2},{"not_picked":["Sweeping Beam","Redo","Stack"],"picked":"SKIP","floor":4},{"not_picked":["Stack","Barrage","Beam Cell"],"picked":"SKIP","floor":6},{"not_picked":["Amplify","Doom and Gloom"],"picked":"White Noise","floor":8},{"not_picked":["Gash","Streamline"],"picked":"Genetic Algorithm","floor":13},{"not_picked":["Stack","Leap"],"picked":"Hello World","floor":14},{"not_picked":["Core Surge","Buffer"],"picked":"All For One","floor":16},{"not_picked":["Steam Power","Rebound"],"picked":"Turbo","floor":18},{"not_picked":["Beam Cell","Heatsinks"],"picked":"Go for the Eyes","floor":20},{"not_picked":["Ball Lightning","Hello World"],"picked":"Go for the Eyes","floor":21},{"not_picked":["Steam","Barrage+1"],"picked":"Coolheaded","floor":24},{"not_picked":["Streamline","Lockon"],"picked":"Doom and Gloom","floor":25},{"not_picked":["Go for the Eyes","Steam Power+1"],"picked":"Multi-Cast+1","floor":28},{"not_picked":["Sweeping Beam","Beam Cell+1"],"picked":"Loop","floor":29},{"not_picked":["Multi-Cast+1","Electrodynamics"],"picked":"Meteor Strike","floor":33},{"not_picked":["Undo+1","Go for the Eyes"],"picked":"Coolheaded+1","floor":35},{"not_picked":["Sweeping Beam+1","Compile Driver"],"picked":"Defragment","floor":37},{"not_picked":["Force Field+1","Rip and Tear"],"picked":"Hologram+1","floor":38},{"not_picked":["Cold Snap+1","Sunder"],"picked":"Glacier+1","floor":40},{"not_picked":["Redo+1","Barrage"],"picked":"Conserve Battery+1","floor":42},{"not_picked":["Conserve Battery+1","Doom and Gloom","Steam+1"],"picked":"SKIP","floor":45},{"not_picked":["Stack+1","Self Repair+1"],"picked":"FTL","floor":48}],"player_experience":840917,"relics_obtained":[{"floor":6,"key":"Vajra"},{"floor":9,"key":"Oddly Smooth Stone"},{"floor":13,"key":"Anchor"},{"floor":25,"key":"Toxic Egg 2"},{"floor":26,"key":"Cables"},{"floor":28,"key":"Mercury Hourglass"},{"floor":37,"key":"Unceasing Top"},{"floor":40,"key":"Ice Cream"},{"floor":43,"key":"Strawberry"}],"event_choices":[{"cards_removed":["Strike_B"],"damage_healed":0,"gold_gain":0,"player_choice":"Card Removal","damage_taken":7,"max_hp_gain":0,"max_hp_loss":0,"event_name":"Golden Wing","floor":3,"gold_loss":0},{"damage_healed":0,"gold_gain":0,"player_choice":"Leave","damage_taken":0,"max_hp_gain":0,"max_hp_loss":0,"event_name":"The Cleric","floor":5,"gold_loss":0},{"damage_healed":0,"gold_gain":0,"player_choice":"Success","damage_taken":7,"relics_obtained":["Symbiotic Virus"],"max_hp_gain":0,"max_hp_loss":0,"event_name":"Scrap Ooze","floor":7,"gold_loss":0},{"damage_healed":0,"gold_gain":0,"player_choice":"Grow","damage_taken":0,"max_hp_gain":0,"max_hp_loss":0,"event_name":"Living Wall","floor":11,"gold_loss":0,"cards_upgraded":["Zap"]},{"damage_healed":0,"gold_gain":0,"player_choice":"Simplicity","damage_taken":0,"max_hp_gain":0,"max_hp_loss":0,"event_name":"Back to Basics","floor":22,"gold_loss":0,"cards_upgraded":["Strike_B","Strike_B","Strike_B","Defend_B","Defend_B","Defend_B","Defend_B"]},{"cards_removed":["Strike_B"],"damage_healed":0,"gold_gain":0,"player_choice":"Offered Basic","damage_taken":0,"max_hp_gain":0,"max_hp_loss":0,"event_name":"Bonfire Elementals","floor":31,"gold_loss":0},{"damage_healed":0,"gold_gain":0,"player_choice":"Max HP","damage_taken":0,"max_hp_gain":0,"max_hp_loss":4,"event_name":"Winding Halls","floor":36,"gold_loss":0},{"damage_healed":0,"gold_gain":0,"player_choice":"Fight","damage_taken":0,"max_hp_gain":0,"max_hp_loss":0,"event_name":"MindBloom","floor":37,"gold_loss":0},{"damage_healed":0,"gold_gain":0,"player_choice":"Forge","damage_taken":0,"max_hp_gain":0,"max_hp_loss":0,"event_name":"Accursed Blacksmith","floor":39,"gold_loss":0,"cards_upgraded":["White Noise"]}],"is_beta":false,"boss_relics":[{"not_picked":["Sozu","Ectoplasm"],"picked":"Inserter"},{"not_picked":["Lizard Tail","Runic Dome"],"picked":"Eternal Feather"}],"items_purged_floors":[41],"is_endless":false,"potions_floor_spawned":[6,14,16,24,29,35],"ascension_level":8}