{"path_per_floor":["M","?","?","?","$","R","M","T","T","E","$","R","E","M","R","B",null,"M","?","?","M","M","R","E","$","T","T"],"character_chosen":"IRONCLAD","items_purchased":["Dream Catcher","Orichalcum"],"gold_per_floor":[112,142,142,142,142,142,155,180,180,211,66,66,98,115,115,218,218,230,145,145,165,184,184,214,63,115,139],"floor_reached":28,"campfire_rested":3,"playtime":870,"current_hp_per_floor":[72,72,67,60,60,60,69,69,69,50,50,76,56,61,87,80,87,78,78,78,59,40,66,18,18,18,18],"items_purged":[],"gold":139,"score":242,"play_id":"51da19a6-3e78-4026-b91c-192fcc888678","is_prod":false,"is_daily":false,"is_ascension_mode":false,"campfire_upgraded":1,"path_taken":["M","?","?","?","?","R","M","?","T","E","?","R","E","M","R","BOSS","M","?","?","M","M","R","E","?","T","?","M"],"build_version":"2018-02-12-PROD1","purchased_purges":0,"victory":false,"master_deck":["Strike_R","Strike_R","Strike_R","Strike_R","Strike_R","Defend_R","Defend_R","Defend_R","Defend_R","Bash","Reaper","Armaments+1","Rampage","Juggernaut","Wild Strike","Fire Breathing","Sword Boomerang","Havoc","Exhume","Cleave+1","Infernal Blade","Clothesline+1","Shrug It Off+1","Flex+1","Shrug It Off","Pummel+1","Twin Strike+1"],"max_hp_per_floor":[80,80,87,87,87,87,87,87,87,87,87,87,87,87,87,87,87,87,87,87,87,87,87,87,87,87,87],"relics":["Burning Blood","Tiny Chest","Strawberry","Juzu Bracelet","Charon\u0027s Ashes","Pen Nib","Dream Catcher","Mercury Hourglass","Runic Cube","Dodecahedron","Prayer Wheel","Orichalcum","Bronze Scales","Happy Flower"],"card_choices":[{"not_picked":["Iron Wave","Thunderclap"],"picked":"Armaments"},{"not_picked":["Warcry","Shrug It Off"],"picked":"Rampage"},{"not_picked":["Twin Strike","Warcry"],"picked":"Juggernaut"},{"not_picked":["Anger","Intimidate"],"picked":"Wild Strike"},{"not_picked":["Flex","Cleave"],"picked":"Fire Breathing"},{"not_picked":["Heavy Blade","Combust"],"picked":"Sword Boomerang"},{"not_picked":["Uppercut","Evolve"],"picked":"Havoc"},{"not_picked":["Dark Embrace","Fiend Fire"],"picked":"Exhume"},{"not_picked":["Searing Blow","Headbutt"],"picked":"Cleave"},{"not_picked":["Cleave","Thunderclap"],"picked":"Clothesline"},{"not_picked":["Pommel Strike","Second Wind"],"picked":"Shrug It Off"},{"not_picked":["Warcry","Headbutt"],"picked":"Flex"},{"not_picked":["Flex","Iron Wave"],"picked":"Shrug It Off"},{"not_picked":["Uppercut","Wild Strike"],"picked":"Pummel"},{"not_picked":["Berserk","Warcry"],"picked":"Twin Strike"}],"player_experience":76925,"potions_floor_usage":[7,10,16,24,24],"damage_taken":[{"damage":18,"enemies":"Cultist","floor":1,"turns":5},{"damage":1,"enemies":"Jaw Worm","floor":7,"turns":4},{"damage":32,"enemies":"Lagavulin","floor":10,"turns":8},{"damage":30,"enemies":"Gremlin Nob","floor":13,"turns":5},{"damage":5,"enemies":"Small Slimes","floor":14,"turns":2},{"damage":17,"enemies":"Slime Boss","floor":16,"turns":11},{"damage":23,"enemies":"3 Byrds","floor":18,"turns":4},{"damage":29,"enemies":"Shell Parasite","floor":21,"turns":6},{"damage":25,"enemies":"Sentry and Sphere","floor":22,"turns":4},{"damage":54,"enemies":"Book of Stabbing","floor":24,"turns":6},{"damage":27,"enemies":"Centurion and Healer","floor":28,"turns":3}],"event_choices":[{"event_name":"Big Fish","player_choice":"Box","floor":2,"damage_taken":0},{"event_name":"Scrap Ooze","player_choice":"success","floor":3,"damage_taken":12},{"event_name":"Golden Wing","player_choice":"Card Removal","floor":4,"damage_taken":0},{"event_name":"Addict","player_choice":"Obtained Relic","floor":19,"damage_taken":0},{"event_name":"The Library","player_choice":"Read","floor":20,"damage_taken":0}],"boss_relics":[{"not_picked":["Runic Pyramid","Philosopher\u0027s Stone"],"picked":"Runic Cube"}],"potions_floor_spawned":[1,7,13,18,21],"seed_played":"-5281897862924910639","killed_by":"Centurion and Healer","ascension_level":0,"is_trial":false}