{"gold_per_floor":[109,7,27,45,45,45,65,97,97,97,114,114,124,155,155,259,259,271,288,288,41,58,58,85,98,121,121,121,131,131,131,131,131],"floor_reached":33,"playtime":1612,"items_purged":["Regret","Strike_G"],"score":443,"play_id":"965b4539-cce9-4008-8dca-de8c427da77f","local_time":"20190430210109","is_ascension_mode":true,"campfire_choices":[{"data":"Neutralize","floor":6,"key":"SMITH"},{"floor":12,"key":"REST"},{"data":"Footwork","floor":15,"key":"SMITH"},{"data":"Cloak And Dagger","floor":23,"key":"SMITH"},{"floor":27,"key":"REST"},{"floor":30,"key":"REST"},{"floor":32,"key":"REST"}],"neow_cost":"CURSE","seed_source_timestamp":21659080201346,"circlet_count":0,"master_deck":["AscendersBane","Defend_G","Defend_G","Defend_G","Defend_G","Strike_G","Strike_G","Strike_G","Strike_G","Survivor+1","Neutralize+1","Noxious Fumes","Cloak And Dagger+1","Caltrops","All Out Attack","PiercingWail","PiercingWail+1","Dagger Throw","Backflip","Footwork+1","Corpse Explosion","Blade Dance+1","Dagger Spray","Acrobatics+1","Finisher","Catalyst"],"relics":["Ring of the Snake","The Specimen","PreservedInsect","Juzu Bracelet","Kunai","Sozu","War Paint","Lantern","Oddly Smooth Stone","Nilry\u0027s Codex"],"potions_floor_usage":[8,16,24,25],"damage_taken":[{"damage":14,"enemies":"Cultist","floor":1,"turns":5},{"damage":1,"enemies":"Jaw Worm","floor":3,"turns":5},{"damage":3,"enemies":"Small Slimes","floor":4,"turns":5},{"damage":3,"enemies":"2 Fungi Beasts","floor":7,"turns":4},{"damage":31,"enemies":"Lagavulin","floor":8,"turns":6},{"damage":2,"enemies":"3 Louse","floor":11,"turns":2},{"damage":0,"enemies":"Gremlin Gang","floor":13,"turns":4},{"damage":13,"enemies":"3 Sentries","floor":14,"turns":5},{"damage":18,"enemies":"Slime Boss","floor":16,"turns":15},{"damage":0,"enemies":"Chosen","floor":18,"turns":6},{"damage":2,"enemies":"2 Thieves","floor":19,"turns":4},{"damage":2,"enemies":"Cultist and Chosen","floor":22,"turns":8},{"damage":21,"enemies":"Slavers","floor":24,"turns":3},{"damage":17,"enemies":"Centurion and Healer","floor":25,"turns":5},{"damage":5,"enemies":"Snake Plant","floor":29,"turns":6},{"damage":60,"enemies":"Collector","floor":33,"turns":6}],"seed_played":"-2711815973377891600","potions_obtained":[{"floor":1,"key":"SneckoOil"},{"floor":4,"key":"SteroidPotion"},{"floor":8,"key":"Weak Potion"},{"floor":16,"key":"Dexterity Potion"}],"is_trial":false,"path_per_floor":["M","$","M","M","?","R","M","E","T","?","M","R","M","E","R","B",null,"M","M","?","$","M","R","E","M","T","R","$","M","R","?","R","B"],"character_chosen":"THE_SILENT","items_purchased":["Cloak And Dagger","War Paint"],"campfire_rested":4,"item_purchase_floors":[2,21],"current_hp_per_floor":[49,49,48,45,68,68,65,34,34,34,32,53,53,40,40,22,58,58,56,56,56,54,54,33,16,16,37,37,32,53,37,58,0],"gold":131,"neow_bonus":"ONE_RARE_RELIC","is_prod":false,"is_daily":false,"chose_seed":false,"campfire_upgraded":3,"win_rate":0,"timestamp":1556672469,"path_taken":["M","?","M","M","?","R","M","E","T","?","M","R","M","E","R","BOSS","M","M","?","$","M","R","E","M","T","R","$","M","R","?","R","BOSS"],"build_version":"2019-01-23","purchased_purges":2,"victory":false,"max_hp_per_floor":[70,70,70,70,70,70,70,70,70,70,70,70,70,70,70,70,70,70,70,70,70,70,70,70,70,70,70,70,70,70,70,70,70],"card_choices":[{"not_picked":["Outmaneuver","Dodge and Roll"],"picked":"Noxious Fumes","floor":1},{"not_picked":["Accuracy","Choke"],"picked":"Caltrops","floor":3},{"not_picked":["Poisoned Stab","Bane"],"picked":"All Out Attack","floor":4},{"not_picked":["Reflex","Outmaneuver"],"picked":"PiercingWail","floor":7},{"not_picked":["Blade Dance","Eviscerate"],"picked":"PiercingWail","floor":8},{"not_picked":["Bane","Backflip"],"picked":"Dagger Throw","floor":11},{"not_picked":["Expertise","Night Terror"],"picked":"Backflip","floor":13},{"not_picked":["Escape Plan","Expertise"],"picked":"Footwork","floor":14},{"not_picked":["Envenom","Unload"],"picked":"Corpse Explosion","floor":16},{"not_picked":["Sucker Punch","Dodge and Roll+1"],"picked":"Blade Dance+1","floor":18},{"not_picked":["Masterful Stab","Deadly Poison"],"picked":"Dagger Spray","floor":19},{"not_picked":["Terror","PiercingWail"],"picked":"Acrobatics+1","floor":22},{"not_picked":["Quick Slash","Blade Dance"],"picked":"Finisher","floor":24},{"not_picked":["Poisoned Stab","Riddle With Holes","Dodge and Roll"],"picked":"SKIP","floor":25},{"not_picked":["Well Laid Plans","Crippling Poison"],"picked":"Catalyst","floor":29}],"player_experience":473144,"relics_obtained":[{"floor":8,"key":"PreservedInsect"},{"floor":9,"key":"Juzu Bracelet"},{"floor":14,"key":"Kunai"},{"floor":24,"key":"Lantern"},{"floor":26,"key":"Oddly Smooth Stone"},{"floor":31,"key":"Nilry\u0027s Codex"}],"event_choices":[{"damage_healed":23,"gold_gain":0,"player_choice":"Banana","damage_taken":0,"max_hp_gain":0,"max_hp_loss":0,"event_name":"Big Fish","floor":5,"gold_loss":0},{"cards_removed":["Defend_G"],"damage_healed":0,"gold_gain":0,"player_choice":"Purged","damage_taken":0,"max_hp_gain":0,"max_hp_loss":0,"event_name":"Purifier","floor":10,"gold_loss":0},{"damage_healed":0,"gold_gain":0,"player_choice":"Ignored","damage_taken":0,"max_hp_gain":0,"max_hp_loss":0,"event_name":"Beggar","floor":20,"gold_loss":0},{"damage_healed":0,"gold_gain":0,"player_choice":"Obtained Book","damage_taken":16,"max_hp_gain":0,"max_hp_loss":0,"event_name":"Cursed Tome","floor":31,"gold_loss":0}],"is_beta":false,"boss_relics":[{"not_picked":["Eternal Feather","HoveringKite"],"picked":"Sozu"}],"items_purged_floors":[2,21],"is_endless":false,"potions_floor_spawned":[1,4,8,16,18,22,25,29],"killed_by":"Collector","ascension_level":12}