{"gold_per_floor":[109,126,126,67,67,67,98,98,150,182,182,182,220,145,145,243,243,259,259,232,79,97,97],"floor_reached":23,"playtime":1293,"items_purged":["Strike_G","Strike_G"],"score":532,"play_id":"f3316de0-794b-482a-90ba-1a011be222b5","local_time":"20190610130416","is_ascension_mode":true,"campfire_choices":[{"data":"Catalyst","floor":6.0,"key":"SMITH"},{"data":"Deadly Poison","floor":8.0,"key":"SMITH"},{"data":"Footwork","floor":12.0,"key":"SMITH"},{"floor":15,"key":"REST"}],"neow_cost":"NONE","seed_source_timestamp":2279759786912465,"circlet_count":0,"master_deck":["AscendersBane","Defend_G","Defend_G","Defend_G","Defend_G","Defend_G","Strike_G","Strike_G","Strike_G","Survivor","Neutralize+1","Catalyst+1","Masterful Stab","Deadly Poison+1","PiercingWail","Footwork+1","Escape Plan","After Image","Dagger Throw","PiercingWail"],"special_seed":0,"relics":["Ring of the Snake","PreservedInsect","Pocketwatch","Pen Nib","StoneCalendar","Golden Idol","Bottled Flame","Runic Pyramid","MutagenicStrength"],"potions_floor_usage":[16],"damage_taken":[{"damage":1.0,"enemies":"Cultist","floor":1.0,"turns":4.0},{"damage":4.0,"enemies":"Jaw Worm","floor":2.0,"turns":7.0},{"damage":0.0,"enemies":"Gremlin Nob","floor":7.0,"turns":2.0},{"damage":25.0,"enemies":"Lagavulin","floor":10.0,"turns":4.0},{"damage":11.0,"enemies":"Gremlin Nob","floor":13.0,"turns":3.0},{"damage":0,"enemies":"Slime Boss","floor":16,"turns":7},{"damage":17,"enemies":"Shell Parasite","floor":18,"turns":6},{"damage":14,"enemies":"2 Thieves","floor":20,"turns":4},{"damage":0,"enemies":"Snake Plant","floor":22,"turns":3},{"damage":34,"enemies":"Slavers","floor":23,"turns":6}],"seed_played":"7848900932996506805","potions_obtained":[{"floor":2.0,"key":"Poison Potion"},{"floor":7.0,"key":"AttackPotion"},{"floor":16,"key":"SmokeBomb"},{"floor":18,"key":"Weak Potion"}],"is_trial":false,"path_per_floor":["M","M","?","$","?","R","E","R","T","E","?","R","E","$","R","B",null,"M","?","M","$","M","E"],"character_chosen":"THE_SILENT","items_purchased":["Deadly Poison","PiercingWail"],"campfire_rested":1,"item_purchase_floors":[4,21],"current_hp_per_floor":[58,54,54,54,66,66,66,66,66,41,41,41,30,30,48,48,57,40,40,26,26,26,0],"gold":97,"neow_bonus":"RANDOM_COMMON_RELIC","is_prod":false,"is_daily":false,"chose_seed":false,"campfire_upgraded":3,"win_rate":0,"timestamp":1560186256,"path_taken":["M","M","?","$","?","R","E","R","T","E","?","R","E","$","R","BOSS","M","?","M","$","M","E"],"build_version":"2019-01-23","purchased_purges":2,"victory":false,"max_hp_per_floor":[66,66,66,66,66,66,66,66,66,66,60,60,60,60,60,60,60,60,60,60,60,60,60],"card_choices":[{"not_picked":["Deflect","Acrobatics"],"picked":"Catalyst","floor":1.0},{"not_picked":["Expertise","Setup"],"picked":"Masterful Stab","floor":2.0},{"not_picked":["Acrobatics","Distraction"],"picked":"PiercingWail","floor":7.0},{"not_picked":["All Out Attack","Bane"],"picked":"Footwork","floor":10.0},{"not_picked":["Dodge and Roll","Deflect"],"picked":"Escape Plan","floor":13},{"not_picked":["Malaise","Unload"],"picked":"After Image","floor":16},{"not_picked":["Underhanded Strike","Heel Hook"],"picked":"Dagger Throw","floor":18},{"not_picked":["Flechettes","Accuracy","Quick Slash"],"picked":"SKIP","floor":20},{"not_picked":["Blade Dance","Quick Slash","Bane"],"picked":"SKIP","floor":22}],"player_experience":807612,"relics_obtained":[{"floor":7.0,"key":"Pocketwatch"},{"floor":9.0,"key":"Pen Nib"},{"floor":10.0,"key":"StoneCalendar"},{"floor":13,"key":"Bottled Flame"}],"event_choices":[{"damage_healed":0.0,"max_hp_gain":0.0,"max_hp_loss":0.0,"gold_gain":0.0,"event_name":"Living Wall","player_choice":"Grow","floor":3.0,"gold_loss":0.0,"damage_taken":0.0,"cards_upgraded":["Neutralize"]},{"damage_healed":22.0,"max_hp_gain":0.0,"max_hp_loss":0.0,"gold_gain":0.0,"event_name":"Big Fish","player_choice":"Banana","floor":5.0,"gold_loss":0.0,"damage_taken":0.0},{"damage_healed":0.0,"max_hp_gain":0.0,"max_hp_loss":6.0,"gold_gain":0.0,"event_name":"Golden Idol","player_choice":"Lose Max HP","floor":11.0,"gold_loss":0.0,"damage_taken":0.0,"relics_obtained":["Golden Idol"]},{"damage_healed":0,"gold_gain":0,"player_choice":"Inject Mutagens","damage_taken":0,"relics_obtained":["MutagenicStrength"],"max_hp_gain":0,"max_hp_loss":0,"event_name":"Drug Dealer","floor":19,"gold_loss":0}],"is_beta":false,"boss_relics":[{"not_picked":["White Beast Statue","WristBlade"],"picked":"Runic Pyramid"}],"items_purged_floors":[14,21],"is_endless":false,"potions_floor_spawned":[2,7,16,18,20],"killed_by":"Slavers","ascension_level":18}