{"gold_per_floor":[115,115,190,210,227,256,256,221,247,247,247,265,265,293,293,388,388,400,72,105,105,125,156,156,184,184,184,184],"floor_reached":28,"playtime":1078,"items_purged":[],"score":329,"play_id":"fe236d40-44c3-46bd-8523-fd21605a7038","local_time":"20180920214035","is_ascension_mode":true,"campfire_choices":[{"floor":7,"key":"REST"},{"data":"Stack","floor":10,"key":"SMITH"},{"data":"Buffer","floor":15,"key":"SMITH"},{"floor":24,"key":"REST"}],"neow_cost":"NONE","seed_source_timestamp":546183232355027,"circlet_count":0,"master_deck":["Zap+1","Dualcast","Ball Lightning","Redo","Stack+1","Sweeping Beam","Hologram","Steam Power","Zap","Conserve Battery","Buffer+1","Conserve Battery","Electrodynamics","Conserve Battery","Heatsinks","Turbo","Defragment","Undo","Steam","Steam","Redo","Conserve Battery+1","Streamline","Sunder","Tempest","Go for the Eyes+1","Force Field+1"],"relics":["Cracked Core","Strawberry","Happy Flower","Juzu Bracelet","Pandora\u0027s Box","StoneCalendar","Red Mask","Dodecahedron","Vajra","Molten Egg 2","Gremlin Horn"],"potions_floor_usage":[6,6,16,16,20,20,22,22],"damage_taken":[{"damage":10,"enemies":"2 Louse","floor":1,"turns":2},{"damage":7,"enemies":"Small Slimes","floor":4,"turns":2},{"damage":0,"enemies":"Jaw Worm","floor":5,"turns":3},{"damage":13,"enemies":"Gremlin Nob","floor":6,"turns":3},{"damage":0,"enemies":"Large Slime","floor":12,"turns":3},{"damage":6,"enemies":"Red Slaver","floor":13,"turns":3},{"damage":8,"enemies":"Lagavulin","floor":14,"turns":6},{"damage":28,"enemies":"The Guardian","floor":16,"turns":9},{"damage":1,"enemies":"Shell Parasite","floor":18,"turns":6},{"damage":9,"enemies":"Masked Bandits","floor":20,"turns":3},{"damage":8,"enemies":"Chosen","floor":22,"turns":4},{"damage":42,"enemies":"Book of Stabbing","floor":23,"turns":7},{"damage":27,"enemies":"Slavers","floor":25,"turns":5},{"damage":32,"enemies":"Book of Stabbing","floor":28,"turns":5}],"seed_played":"9136114753614040964","potions_obtained":[{"floor":4,"key":"Energy Potion"},{"floor":5,"key":"Swift Potion"},{"floor":6,"key":"EntropicBrew"},{"floor":16,"key":"EssenceOfSteel"},{"floor":20,"key":"Poison Potion"}],"is_trial":false,"path_per_floor":["M","?","?","M","M","E","R","?","T","R","?","M","M","E","R","B",null,"M","$","?","?","M","E","R","E","T","T"],"character_chosen":"DEFECT","items_purchased":["StoneCalendar","Streamline"],"campfire_rested":2,"item_purchase_floors":[19,19],"current_hp_per_floor":[65,65,54,47,47,41,65,82,82,82,82,82,76,68,68,40,82,81,81,72,72,76,34,58,31,31,31,0],"gold":184,"neow_bonus":"THREE_CARDS","is_prod":false,"is_daily":false,"chose_seed":false,"campfire_upgraded":2,"win_rate":0,"timestamp":1537494035,"path_taken":["M","?","?","M","M","E","R","?","T","R","?","M","M","E","R","BOSS","M","$","?","?","M","E","R","E","T","?","E"],"build_version":"2018-09-20","purchased_purges":0,"victory":false,"max_hp_per_floor":[75,75,75,75,75,82,82,82,82,82,82,82,82,82,82,82,82,82,82,82,82,82,82,82,82,82,82,82],"card_choices":[{"not_picked":["Scrape","Barrage"],"picked":"Ball Lightning","floor":0},{"not_picked":["Steam","Force Field"],"picked":"Redo","floor":1},{"not_picked":["Barrage","Lockon"],"picked":"Stack","floor":4},{"not_picked":["Recycle","Undo"],"picked":"Sweeping Beam","floor":5},{"not_picked":["Coolheaded","Turbo"],"picked":"Hologram","floor":6},{"not_picked":["Hologram","Rip and Tear"],"picked":"Conserve Battery","floor":12},{"not_picked":["Go for the Eyes","Ball Lightning"],"picked":"Buffer","floor":13},{"not_picked":["Leap","Redo"],"picked":"Conserve Battery","floor":14},{"not_picked":["Core Surge","Seek"],"picked":"Electrodynamics","floor":16},{"not_picked":["Stack+1","Force Field"],"picked":"Conserve Battery+1","floor":18},{"not_picked":["Barrage","Beam Cell"],"picked":"Sunder","floor":20},{"not_picked":["Steam","Scrape"],"picked":"Tempest","floor":22},{"not_picked":["Streamline","Gash"],"picked":"Go for the Eyes+1","floor":23},{"not_picked":["Multi-Cast","Barrage"],"picked":"Force Field+1","floor":25}],"player_experience":154537,"relics_obtained":[{"floor":6,"key":"Strawberry"},{"floor":9,"key":"Happy Flower"},{"floor":14,"key":"Juzu Bracelet"},{"floor":20,"key":"Red Mask"},{"floor":23,"key":"Dodecahedron"},{"floor":25,"key":"Vajra"},{"floor":26,"key":"Molten Egg 2"},{"floor":27,"key":"Gremlin Horn"}],"event_choices":[{"event_name":"Living Wall","player_choice":"Grow","floor":2,"damage_taken":0},{"event_name":"World of Goop","player_choice":"Gather Gold","floor":3,"damage_taken":0},{"event_name":"The Cleric","player_choice":"Healed","floor":8,"damage_taken":0},{"event_name":"Match and Keep!","player_choice":"2 cards matched","floor":11,"damage_taken":0},{"event_name":"Masked Bandits","player_choice":"Fought Bandits","floor":20,"damage_taken":0},{"event_name":"Vampires","player_choice":"Ignored","floor":21,"damage_taken":0}],"is_beta":false,"boss_relics":[{"not_picked":["Astrolabe","Philosopher\u0027s Stone"],"picked":"Pandora\u0027s Box"}],"items_purged_floors":[],"is_endless":false,"potions_floor_spawned":[4,5,6,16,20],"killed_by":"Book of Stabbing","ascension_level":3}