{"gold_per_floor":[115,40,54,129,129,155,155,171,221,234,267,267,280,102,102,180,180,195,206,224,274,105,105,134,146,146,146,160,160,190,219,231,317,329,361,473,485,517,548,560,590,602,614,644,682,694,720,692,704,716],"floor_reached":50,"playtime":3906,"items_purged":["Strike_G","Strike_G","Defend_G"],"score":1013,"play_id":"2686d089-5f3d-4ddd-8037-be18197751cc","local_time":"20190617160914","is_ascension_mode":true,"campfire_choices":[{"data":"Survivor","floor":7,"key":"SMITH"},{"data":"Footwork","floor":15,"key":"SMITH"},{"data":"Tactician","floor":23,"key":"SMITH"},{"data":"Noxious Fumes","floor":27,"key":"SMITH"},{"data":"Blur","floor":29,"key":"SMITH"},{"floor":32,"key":"REST"},{"data":"Tactician","floor":40,"key":"SMITH"},{"floor":42,"key":"REST"},{"floor":49,"key":"REST"}],"neow_cost":"NONE","seed_source_timestamp":422746341065522,"circlet_count":0,"master_deck":["AscendersBane","Defend_G","Defend_G+1","Defend_G","Defend_G+1","Strike_G","Strike_G+1","Survivor+1","Neutralize+1","Backflip","Backstab","Tactician+1","Crippling Poison","Dodge and Roll","Footwork+1","Tools of the Trade","Flechettes+1","Corpse Explosion","Noxious Fumes+1","Acrobatics","Backstab","Blur+1","Well Laid Plans","Flechettes","Tactician+1","Prepared","Prepared+1","Concentrate","Reflex+1","Parasite","Footwork"],"relics":["Ring of the Snake","NeowsBlessing","Oddly Smooth Stone","Whetstone","Pen Nib","Runic Pyramid","Orichalcum","War Paint","MawBank","Black Star","Shovel","Bottled Flame","Paper Crane","Bag of Marbles"],"potions_floor_usage":[11,16,25,31,38,45,50,50],"damage_taken":[{"damage":0,"enemies":"Jaw Worm","floor":1,"turns":1},{"damage":0,"enemies":"2 Louse","floor":3,"turns":1},{"damage":0,"enemies":"Gremlin Nob","floor":6,"turns":1},{"damage":0,"enemies":"Small Slimes","floor":8,"turns":5},{"damage":0,"enemies":"Red Slaver","floor":10,"turns":3},{"damage":21,"enemies":"Lagavulin","floor":11,"turns":8},{"damage":0,"enemies":"3 Louse","floor":13,"turns":3},{"damage":5,"enemies":"Hexaghost","floor":16,"turns":15},{"damage":0,"enemies":"Shell Parasite","floor":18,"turns":10},{"damage":1,"enemies":"3 Byrds","floor":19,"turns":5},{"damage":15,"enemies":"Sentry and Sphere","floor":20,"turns":7},{"damage":3,"enemies":"Book of Stabbing","floor":24,"turns":6},{"damage":0,"enemies":"Centurion and Healer","floor":25,"turns":5},{"damage":0,"enemies":"Cultist and Chosen","floor":28,"turns":5},{"damage":15,"enemies":"Slavers","floor":30,"turns":5},{"damage":8,"enemies":"Snecko","floor":31,"turns":6},{"damage":23,"enemies":"Collector","floor":33,"turns":9},{"damage":10,"enemies":"3 Shapes","floor":35,"turns":6},{"damage":0,"enemies":"Mind Bloom Boss Battle","floor":36,"turns":7},{"damage":3,"enemies":"3 Darklings","floor":38,"turns":5},{"damage":20,"enemies":"4 Shapes","floor":39,"turns":6},{"damage":12,"enemies":"Maw","floor":41,"turns":8},{"damage":4,"enemies":"Writhing Mass","floor":44,"turns":9},{"damage":14,"enemies":"Reptomancer","floor":45,"turns":8},{"damage":0,"enemies":"3 Darklings","floor":47,"turns":3},{"damage":32,"enemies":"Donu and Deca","floor":50,"turns":3}],"seed_played":"3919225570427315612","potions_obtained":[{"floor":3,"key":"SteroidPotion"},{"floor":8,"key":"FearPotion"},{"floor":11,"key":"AttackPotion"},{"floor":13,"key":"Fire Potion"},{"floor":16,"key":"SteroidPotion"},{"floor":20,"key":"Explosive Potion"},{"floor":30,"key":"Block Potion"},{"floor":36,"key":"Strength Potion"},{"floor":44,"key":"PowerPotion"},{"floor":45,"key":"Ancient Potion"},{"floor":48,"key":"Explosive Potion"}],"is_trial":false,"path_per_floor":["M","$","M","?","?","E","R","M","T","M","E","?","M","$","R","B",null,"M","M","M","?","$","R","E","M","T","R","M","R","E","M","R","B",null,"M","?","?","M","M","R","M","R","T","M","E","?","M","?","R","B"],"character_chosen":"THE_SILENT","items_purchased":["Footwork","Noxious Fumes"],"campfire_rested":3,"item_purchase_floors":[14,22],"current_hp_per_floor":[59,59,59,48,66,66,66,66,66,66,45,45,45,45,45,40,60,60,59,44,44,44,44,41,41,41,41,41,41,26,18,37,14,53,43,43,43,40,20,20,8,27,27,23,9,9,9,9,28,0],"gold":716,"neow_bonus":"THREE_ENEMY_KILL","is_prod":false,"is_daily":false,"chose_seed":false,"campfire_upgraded":6,"win_rate":0,"timestamp":1560758954,"path_taken":["M","$","M","?","?","E","R","M","T","M","E","?","M","?","R","BOSS","M","M","M","?","$","R","E","M","T","R","M","R","E","M","R","BOSS","M","?","?","M","M","R","M","R","T","M","E","?","?","?","R","BOSS"],"build_version":"2019-01-23","purchased_purges":3,"victory":false,"max_hp_per_floor":[66,66,66,66,66,66,66,66,66,66,66,66,66,66,66,66,66,66,66,66,66,66,66,66,66,66,66,66,66,66,66,66,66,66,66,66,66,66,66,66,66,66,66,66,66,66,66,66,66,66],"card_choices":[{"not_picked":["Quick Slash","PiercingWail"],"picked":"Backflip","floor":1},{"not_picked":["Flying Knee","Caltrops"],"picked":"Backstab","floor":3},{"not_picked":["Unload","Dash"],"picked":"Tactician","floor":6},{"not_picked":["Underhanded Strike","Blade Dance","PiercingWail"],"picked":"SKIP","floor":8},{"not_picked":["Endless Agony","Choke"],"picked":"Crippling Poison","floor":10},{"not_picked":["Sucker Punch","Endless Agony","Terror"],"picked":"SKIP","floor":11},{"not_picked":["Catalyst","Flying Knee"],"picked":"Dodge and Roll","floor":13},{"not_picked":["Glass Knife","Unload"],"picked":"Tools of the Trade","floor":16},{"not_picked":["Deadly Poison","Bane+1"],"picked":"Flechettes+1","floor":18},{"not_picked":["Riddle With Holes","Deflect"],"picked":"Corpse Explosion","floor":19},{"not_picked":["All Out Attack","Bane","Blade Dance"],"picked":"SKIP","floor":20},{"not_picked":["Blade Dance","Accuracy"],"picked":"Acrobatics","floor":24},{"not_picked":["Prepared","Crippling Poison+1"],"picked":"Backstab","floor":25},{"not_picked":["Outmaneuver","Infinite Blades"],"picked":"Blur","floor":28},{"not_picked":["Accuracy","Night Terror"],"picked":"Well Laid Plans","floor":30},{"not_picked":["Blade Dance","Blur"],"picked":"Flechettes","floor":31},{"not_picked":["Poisoned Stab","Dash"],"picked":"Tactician","floor":35},{"not_picked":["Dash+1","Sucker Punch"],"picked":"Prepared","floor":36},{"not_picked":["Backflip","Dash"],"picked":"Prepared+1","floor":38},{"not_picked":["Dodge and Roll+1","Caltrops"],"picked":"Concentrate","floor":39},{"not_picked":["Backflip","Deflect"],"picked":"Reflex+1","floor":41},{"not_picked":["Concentrate","Sucker Punch","PiercingWail"],"picked":"SKIP","floor":44},{"not_picked":["Concentrate","Quick Slash+1"],"picked":"Footwork","floor":45},{"not_picked":["Accuracy","Well Laid Plans","Deflect+1"],"picked":"SKIP","floor":47}],"player_experience":892392,"relics_obtained":[{"floor":6,"key":"Oddly Smooth Stone"},{"floor":9,"key":"Whetstone"},{"floor":11,"key":"Pen Nib"},{"floor":24,"key":"Orichalcum"},{"floor":26,"key":"War Paint"},{"floor":30,"key":"MawBank"},{"floor":36,"key":"Shovel"},{"floor":43,"key":"Bottled Flame"},{"floor":45,"key":"Paper Crane"},{"floor":45,"key":"Bag of Marbles"}],"event_choices":[{"damage_healed":0,"gold_gain":75,"player_choice":"Gather Gold","damage_taken":11,"max_hp_gain":0,"max_hp_loss":0,"event_name":"World of Goop","floor":4,"gold_loss":0},{"damage_healed":22,"gold_gain":0,"player_choice":"Banana","damage_taken":0,"max_hp_gain":0,"max_hp_loss":0,"event_name":"Big Fish","floor":5,"gold_loss":0},{"cards_removed":["Strike_G"],"damage_healed":0,"gold_gain":0,"player_choice":"Forget","damage_taken":0,"max_hp_gain":0,"max_hp_loss":0,"event_name":"Living Wall","floor":12,"gold_loss":0},{"damage_healed":0,"gold_gain":50,"player_choice":"Stole From Cult","damage_taken":0,"max_hp_gain":0,"max_hp_loss":0,"event_name":"Nest","floor":21,"gold_loss":0},{"damage_healed":0,"gold_gain":0,"player_choice":"Fight","damage_taken":0,"max_hp_gain":0,"max_hp_loss":0,"event_name":"MindBloom","floor":36,"gold_loss":0},{"damage_healed":0,"gold_gain":0,"player_choice":"Ignored","damage_taken":0,"max_hp_gain":0,"max_hp_loss":0,"event_name":"Mysterious Sphere","floor":37,"gold_loss":0},{"damage_healed":0,"gold_gain":0,"player_choice":"Leave","damage_taken":0,"max_hp_gain":0,"max_hp_loss":0,"event_name":"FaceTrader","floor":46,"gold_loss":0},{"damage_healed":0,"gold_gain":0,"player_choice":"Bought 3 Potions","damage_taken":0,"max_hp_gain":0,"max_hp_loss":0,"event_name":"The Woman in Blue","floor":48,"gold_loss":0}],"is_beta":false,"boss_relics":[{"not_picked":["White Beast Statue","Eternal Feather"],"picked":"Runic Pyramid"},{"not_picked":["Tiny House","Orrery"],"picked":"Black Star"}],"items_purged_floors":[2,14,22],"is_endless":false,"potions_floor_spawned":[3,8,11,13,16,18,20,30,36,44,45],"killed_by":"Donu and Deca","ascension_level":16}