{"gold_per_floor":[111,111,131,148,167,198,198,217,268,443,443,483,483],"floor_reached":13,"playtime":491,"items_purged":[],"score":119,"play_id":"babff9a7-ef58-47b3-8c0b-4f1857f7cb79","local_time":"20190322212137","is_ascension_mode":true,"campfire_choices":[{"floor":7,"key":"REST"}],"neow_cost":"NONE","seed_source_timestamp":793190915987844,"circlet_count":0,"master_deck":["Strike_R","Strike_R","Strike_R","Strike_R","Strike_R","Defend_R","Defend_R","Defend_R","Defend_R","Bash+1","Clothesline","Battle Trance","Armaments+1","Pommel Strike","Doubt"],"relics":["Burning Blood","Toxic Egg 2","Smiling Mask","Golden Idol","Shuriken"],"potions_floor_usage":[6],"damage_taken":[{"damage":6,"enemies":"Cultist","floor":1,"turns":3},{"damage":15,"enemies":"Jaw Worm","floor":3,"turns":4},{"damage":2,"enemies":"2 Louse","floor":4,"turns":2},{"damage":13,"enemies":"Blue Slaver","floor":5,"turns":3},{"damage":40,"enemies":"3 Sentries","floor":6,"turns":8},{"damage":23,"enemies":"3 Louse","floor":8,"turns":4},{"damage":33,"enemies":"Gremlin Nob","floor":12,"turns":5},{"damage":29,"enemies":"Exordium Thugs","floor":13,"turns":6}],"seed_played":"-3422378535830068232","potions_obtained":[{"floor":3,"key":"SteroidPotion"},{"floor":8,"key":"Poison Potion"}],"is_trial":false,"path_per_floor":["M","?","M","M","M","E","R","M","T","?","?","E","M"],"character_chosen":"IRONCLAD","items_purchased":[],"campfire_rested":1,"item_purchase_floors":[],"current_hp_per_floor":[80,80,71,75,68,34,58,41,41,41,41,14,0],"gold":483,"neow_bonus":"UPGRADE_CARD","is_prod":false,"is_daily":false,"chose_seed":false,"campfire_upgraded":0,"win_rate":0,"timestamp":1553304097,"path_taken":["M","?","?","M","M","E","R","M","T","?","?","E","M"],"build_version":"2019-01-23","purchased_purges":0,"victory":false,"max_hp_per_floor":[80,80,80,80,80,80,80,80,80,80,74,74,74],"card_choices":[{"not_picked":["Perfected Strike","Flex"],"picked":"Clothesline","floor":1},{"not_picked":["Warcry","Clothesline"],"picked":"Battle Trance","floor":3},{"not_picked":["Clash","Bloodletting","Iron Wave"],"picked":"SKIP","floor":4},{"not_picked":["Thunderclap","Burning Pact","Seeing Red"],"picked":"SKIP","floor":5},{"not_picked":["Flex","Dropkick"],"picked":"Armaments","floor":6},{"not_picked":["True Grit+1","Bludgeon"],"picked":"Pommel Strike","floor":8},{"not_picked":["Headbutt","Wild Strike","Rage+1"],"picked":"SKIP","floor":12}],"player_experience":239611,"relics_obtained":[{"floor":6,"key":"Toxic Egg 2"},{"floor":9,"key":"Smiling Mask"},{"floor":12,"key":"Shuriken"}],"event_choices":[{"damage_healed":0,"gold_gain":0,"player_choice":"Full Heal","damage_taken":0,"max_hp_gain":0,"max_hp_loss":0,"event_name":"Wheel of Change","floor":2,"gold_loss":0},{"damage_healed":0,"gold_gain":175,"player_choice":"AGREE","damage_taken":0,"max_hp_gain":0,"max_hp_loss":0,"event_name":"Liars Game","floor":10,"gold_loss":0,"cards_obtained":["Doubt"]},{"damage_healed":0,"gold_gain":0,"player_choice":"Lose Max HP","damage_taken":0,"relics_obtained":["Golden Idol"],"max_hp_gain":0,"max_hp_loss":6,"event_name":"Golden Idol","floor":11,"gold_loss":0}],"is_beta":false,"boss_relics":[],"items_purged_floors":[],"is_endless":false,"potions_floor_spawned":[3,8],"killed_by":"Exordium Thugs","ascension_level":5}