{"gold_per_floor":[114,114,127,127,138,138,169,189,189,200,216,216,85,85,85,188,188,206,206,221,221,234,234,249,98,98,116,116,116,116,151,151,151],"floor_reached":33,"playtime":2710,"items_purged":["Strike_R","Strike_R"],"score":412,"play_id":"3d22545d-1345-4e98-934b-67ba123fb206","local_time":"20181228122910","is_ascension_mode":true,"campfire_choices":[{"data":"Whirlwind","floor":6,"key":"SMITH"},{"data":"Clothesline","floor":12,"key":"SMITH"},{"data":"True Grit","floor":15,"key":"SMITH"},{"floor":23,"key":"REST"},{"floor":29,"key":"REST"},{"floor":32,"key":"DIG"}],"neow_cost":"NONE","seed_source_timestamp":516117196371171,"circlet_count":0,"master_deck":["Strike_R","Defend_R","Defend_R","Defend_R","Bash+1","Feed+1","Iron Wave","Heavy Blade","Whirlwind+1","Clothesline+1","True Grit+1","Pommel Strike","Evolve","Offering","Seeing Red","Flame Barrier","Iron Wave+1","Armaments+1","Corruption","Ghostly","Ghostly","Ghostly","Ghostly","Ghostly","True Grit","Corruption","Rampage"],"relics":["Black Blood","Smiling Mask","Pear","Letter Opener","Shovel","Omamori"],"potions_floor_usage":[7,8,8,16,16,20,27,27,27],"damage_taken":[{"damage":9,"enemies":"2 Louse","floor":1,"turns":3},{"damage":1,"enemies":"Small Slimes","floor":3,"turns":3},{"damage":1,"enemies":"Cultist","floor":5,"turns":4},{"damage":30,"enemies":"Lagavulin","floor":7,"turns":5},{"damage":7,"enemies":"Blue Slaver","floor":8,"turns":3},{"damage":3,"enemies":"2 Fungi Beasts","floor":10,"turns":4},{"damage":7,"enemies":"3 Louse","floor":11,"turns":3},{"damage":68,"enemies":"Hexaghost","floor":16,"turns":13},{"damage":7,"enemies":"3 Byrds","floor":18,"turns":5},{"damage":43,"enemies":"Shell Parasite","floor":20,"turns":8},{"damage":39,"enemies":"Cultist and Chosen","floor":22,"turns":10},{"damage":52,"enemies":"Snecko","floor":24,"turns":7},{"damage":6,"enemies":"Centurion and Healer","floor":27,"turns":5},{"damage":6,"enemies":"Slavers","floor":31,"turns":8},{"damage":85,"enemies":"Automaton","floor":33,"turns":12}],"seed_played":"7706413114546862665","potions_obtained":[{"floor":5,"key":"Poison Potion"},{"floor":7,"key":"EntropicBrew"},{"floor":16,"key":"Fire Potion"},{"floor":22,"key":"Dexterity Potion"}],"is_trial":false,"path_per_floor":["M","?","M","?","M","R","E","M","T","M","M","R","$","?","R","B",null,"M","?","M","?","M","R","M","$","T","M","?","R","?","E","R","B"],"character_chosen":"IRONCLAD","items_purchased":["Evolve","Block Potion","SteroidPotion"],"campfire_rested":2,"item_purchase_floors":[13,25,25],"current_hp_per_floor":[72,72,80,80,85,85,65,68,78,85,88,88,88,81,81,19,89,96,96,67,42,17,55,13,13,13,17,17,36,36,44,44,0],"gold":151,"neow_bonus":"ONE_RANDOM_RARE_CARD","is_prod":false,"is_daily":false,"chose_seed":false,"campfire_upgraded":3,"win_rate":0,"timestamp":1546028950,"path_taken":["M","?","M","?","M","R","E","?","T","M","M","R","$","?","R","BOSS","M","?","M","?","M","R","M","$","T","M","?","R","?","E","R","BOSS"],"build_version":"2018-12-20","purchased_purges":2,"victory":false,"max_hp_per_floor":[83,83,86,86,86,86,90,94,104,108,112,112,112,112,112,112,112,116,116,120,125,129,129,129,129,129,129,64,64,64,68,68,68],"card_choices":[{"not_picked":["Warcry","Hemokinesis"],"picked":"Iron Wave","floor":1},{"not_picked":["Sword Boomerang","Iron Wave"],"picked":"Heavy Blade","floor":3},{"not_picked":["True Grit","Infernal Blade"],"picked":"Whirlwind","floor":5},{"not_picked":["Battle Trance","Hemokinesis"],"picked":"Clothesline","floor":7},{"not_picked":["Ghostly Armor","Armaments"],"picked":"True Grit","floor":8},{"not_picked":["Sword Boomerang","Infernal Blade","Dark Embrace"],"picked":"SKIP","floor":10},{"not_picked":["Warcry","True Grit"],"picked":"Pommel Strike","floor":11},{"not_picked":["Fiend Fire","Dark Embrace"],"picked":"Offering","floor":16},{"not_picked":["Warcry","Wild Strike+1"],"picked":"Seeing Red","floor":18},{"not_picked":["Combust","Body Slam","Perfected Strike+1"],"picked":"SKIP","floor":20},{"not_picked":["Armaments","Rupture"],"picked":"Iron Wave+1","floor":22},{"not_picked":["Warcry","Thunderclap"],"picked":"Armaments+1","floor":24},{"not_picked":["Feel No Pain","Disarm"],"picked":"Corruption","floor":27},{"not_picked":["Hemokinesis+1","Fiend Fire"],"picked":"Rampage","floor":31}],"player_experience":166139,"relics_obtained":[{"floor":7,"key":"Smiling Mask"},{"floor":9,"key":"Pear"},{"floor":26,"key":"Letter Opener"},{"floor":31,"key":"Shovel"},{"floor":32,"key":"Omamori"}],"event_choices":[{"damage_healed":0,"gold_gain":0,"player_choice":"Grow","damage_taken":0,"max_hp_gain":0,"max_hp_loss":0,"event_name":"Living Wall","floor":2,"gold_loss":0,"cards_upgraded":["Bash"]},{"damage_healed":0,"gold_gain":0,"player_choice":"Forge","damage_taken":0,"max_hp_gain":0,"max_hp_loss":0,"event_name":"Accursed Blacksmith","floor":4,"gold_loss":0,"cards_upgraded":["Feed"]},{"cards_removed":["Defend_R"],"damage_healed":0,"gold_gain":0,"player_choice":"Card Removal","damage_taken":7,"max_hp_gain":0,"max_hp_loss":0,"event_name":"Golden Wing","floor":14,"gold_loss":0},{"damage_healed":0,"gold_gain":0,"player_choice":"Read","damage_taken":0,"max_hp_gain":0,"max_hp_loss":0,"event_name":"The Library","floor":19,"gold_loss":0,"cards_obtained":["Flame Barrier"]},{"damage_healed":0,"gold_gain":0,"player_choice":"Shed Blood","damage_taken":30,"max_hp_gain":5,"max_hp_loss":0,"event_name":"Forgotten Altar","floor":21,"gold_loss":0},{"damage_healed":0,"gold_gain":0,"player_choice":"Became a Ghost","damage_taken":0,"max_hp_gain":0,"max_hp_loss":65,"event_name":"Ghosts","floor":28,"gold_loss":0,"cards_obtained":["Ghostly","Ghostly","Ghostly","Ghostly","Ghostly"]},{"damage_healed":0,"gold_gain":0,"cards_transformed":["Strike_R","Strike_R"],"player_choice":"Became Test Subject","damage_taken":0,"max_hp_gain":0,"max_hp_loss":0,"event_name":"Drug Dealer","floor":30,"gold_loss":0,"cards_obtained":["True Grit","Corruption"]}],"is_beta":false,"boss_relics":[{"not_picked":["Lizard Tail","Astrolabe"],"picked":"Black Blood"}],"items_purged_floors":[13,25],"is_endless":false,"potions_floor_spawned":[5,7,16,22],"killed_by":"Automaton","ascension_level":9}