{"gold_per_floor":[116,116,134,134,59,59,88,108,133,143,157,157,191,41,41,136,136,155,174,49,49,67,67,82,7,59,10,43,43,43,43,43,43],"floor_reached":33,"playtime":899,"items_purged":["Strike_B","Strike_B","Strike_B"],"score":341,"play_id":"1055b490-373c-48f3-8179-852483236c9d","local_time":"20181102183851","is_ascension_mode":true,"campfire_choices":[{"data":"Dualcast","floor":6,"key":"SMITH"},{"floor":12,"key":"REST"},{"data":"Beam Cell","floor":15,"key":"SMITH"},{"floor":23,"key":"REST"},{"floor":29,"key":"REST"},{"floor":32,"key":"REST"}],"neow_cost":"NONE","seed_source_timestamp":7206935168134,"circlet_count":0,"master_deck":["Defend_B","Defend_B+1","Zap+1","Dualcast+1","Gash","Gash","Beam Cell+1","Gash","Machine Learning","Steam+1","Steam+1"],"relics":["Cracked Core","War Paint","Potion Belt","Toxic Egg 2","Empty Cage","Ancient Tea Set","Bird Faced Urn"],"potions_floor_usage":[7,13,16,22,28,28],"damage_taken":[{"damage":1,"enemies":"Cultist","floor":1,"turns":4},{"damage":7,"enemies":"Small Slimes","floor":3,"turns":2},{"damage":15,"enemies":"Lagavulin","floor":7,"turns":6},{"damage":2,"enemies":"Jaw Worm","floor":8,"turns":3},{"damage":0,"enemies":"2 Fungi Beasts","floor":10,"turns":3},{"damage":0,"enemies":"Looter","floor":11,"turns":2},{"damage":30,"enemies":"Gremlin Nob","floor":13,"turns":4},{"damage":22,"enemies":"Slime Boss","floor":16,"turns":8},{"damage":7,"enemies":"Chosen","floor":18,"turns":4},{"damage":23,"enemies":"Shell Parasite","floor":19,"turns":4},{"damage":12,"enemies":"3 Cultists","floor":22,"turns":4},{"damage":9,"enemies":"Centurion and Healer","floor":24,"turns":5},{"damage":23,"enemies":"Book of Stabbing","floor":28,"turns":4},{"damage":57,"enemies":"Automaton","floor":33,"turns":6}],"seed_played":"7157236550187260897","potions_obtained":[{"floor":0,"key":"SpeedPotion"},{"floor":0,"key":"Swift Potion"},{"floor":0,"key":"SneckoOil"},{"floor":3,"key":"AttackPotion"},{"floor":7,"key":"LiquidBronze"},{"floor":13,"key":"Explosive Potion"},{"floor":19,"key":"FocusPotion"},{"floor":22,"key":"FearPotion"},{"floor":24,"key":"LiquidBronze"}],"is_trial":false,"path_per_floor":["M","?","M","?","$","R","E","M","T","M","M","R","E","$","R","B",null,"M","M","$","?","M","R","M","?","T","$","E","R","?","$","R","B"],"character_chosen":"DEFECT","items_purchased":["Gash","Steam+1"],"campfire_rested":4,"item_purchase_floors":[14,27],"current_hp_per_floor":[74,74,67,67,67,67,52,50,50,50,50,72,42,42,42,20,61,54,31,31,31,19,41,32,32,32,32,9,31,31,31,53,0],"gold":43,"neow_bonus":"THREE_SMALL_POTIONS","is_prod":false,"is_daily":false,"chose_seed":false,"campfire_upgraded":2,"win_rate":0,"timestamp":1541194731,"path_taken":["M","?","M","?","$","R","E","?","T","M","M","R","E","$","R","BOSS","M","M","$","?","M","R","M","?","T","$","E","R","?","$","R","BOSS"],"build_version":"2018-11-01","purchased_purges":3,"victory":false,"max_hp_per_floor":[75,75,75,75,75,75,75,75,75,75,75,75,75,75,75,75,75,75,75,75,75,75,75,75,75,75,75,75,75,75,75,75,75],"card_choices":[{"not_picked":["Compile Driver","Steam"],"picked":"Gash","floor":1},{"not_picked":["Recycle","Rebound"],"picked":"Gash","floor":3},{"not_picked":["Compile Driver","Rebound","Cold Snap"],"picked":"SKIP","floor":7},{"not_picked":["Electrodynamics","Stack","Sunder"],"picked":"SKIP","floor":8},{"not_picked":["Undo","Genetic Algorithm","Ball Lightning"],"picked":"SKIP","floor":10},{"not_picked":["Redo","Conserve Battery","Sweeping Beam"],"picked":"SKIP","floor":11},{"not_picked":["Heatsinks","Go for the Eyes"],"picked":"Beam Cell","floor":13},{"not_picked":["Thunder Strike","Core Surge"],"picked":"Machine Learning","floor":16},{"not_picked":["Barrage+1","Coolheaded+1","Conserve Battery+1"],"picked":"SKIP","floor":18},{"not_picked":["Loop+1","Cold Snap","Auto Shields+1"],"picked":"SKIP","floor":19},{"not_picked":["Go for the Eyes+1","Melter"],"picked":"Steam+1","floor":22},{"not_picked":["Barrage+1","Conserve Battery+1","Fusion+1"],"picked":"SKIP","floor":24},{"not_picked":["Ball Lightning","Barrage","Undo+1"],"picked":"SKIP","floor":28}],"player_experience":261663,"relics_obtained":[{"floor":7,"key":"War Paint"},{"floor":9,"key":"Potion Belt"},{"floor":13,"key":"Toxic Egg 2"},{"floor":26,"key":"Ancient Tea Set"},{"floor":28,"key":"Bird Faced Urn"}],"event_choices":[{"damage_healed":0,"gold_gain":0,"player_choice":"Ignored","damage_taken":0,"max_hp_gain":0,"max_hp_loss":0,"event_name":"Liars Game","floor":2,"gold_loss":0},{"damage_healed":0,"gold_gain":0,"player_choice":"Bought 0 Potions","damage_taken":0,"max_hp_gain":0,"max_hp_loss":0,"event_name":"The Woman in Blue","floor":4,"gold_loss":0},{"damage_healed":0,"gold_gain":0,"player_choice":"Ignored","damage_taken":0,"max_hp_gain":0,"max_hp_loss":0,"event_name":"Vampires","floor":21,"gold_loss":0},{"cards_removed":["Defend_B"],"damage_healed":0,"gold_gain":0,"player_choice":"Gave Gold","damage_taken":0,"max_hp_gain":0,"max_hp_loss":0,"event_name":"Beggar","floor":25,"gold_loss":75}],"is_beta":false,"boss_relics":[{"not_picked":["Sozu","Runic Dome"],"picked":"Empty Cage"}],"items_purged_floors":[5,14,20],"is_endless":false,"potions_floor_spawned":[3,7,13,19,22,24],"killed_by":"Automaton","ascension_level":5}