{"path_per_floor":["M","M","?","M","?","R","?","R","T","M","M","$","M","M","R","B",null,"M","M","M","M","$"],"character_chosen":"THE_SILENT","items_purchased":["Lantern","Kunai","Madness","Energy Potion"],"gold_per_floor":[211,229,229,240,240,240,300,300,378,392,404,260,274,288,288,392,422,440,453,463,483,92],"floor_reached":23,"campfire_rested":2,"playtime":1286,"current_hp_per_floor":[70,70,70,66,71,71,46,68,68,68,63,63,52,52,74,65,80,61,51,6,6,6],"items_purged":[],"gold":92,"score":187,"play_id":"cf409375-bd42-4825-bb5d-238a1228bcab","is_prod":false,"is_daily":false,"is_ascension_mode":false,"campfire_upgraded":1,"path_taken":["M","M","?","M","?","R","?","R","T","M","M","$","M","M","R","BOSS","M","M","?","M","$","E"],"build_version":"2018-02-08-PROD1","purchased_purges":0,"victory":false,"master_deck":["Defend_G","Defend_G","Defend_G","Defend_G","Defend_G","Strike_G","Strike_G","Strike_G","Strike_G","Strike_G","Survivor","Neutralize","Leg Sweep+1","Blade Dance+1","Deadly Poison","Flying Knee","Noxious Fumes","Outmaneuver","Infinite Blades","Predator","Envenom","Slice","Deflect+1","Finisher","Outmaneuver+1","Reflex","Madness"],"max_hp_per_floor":[70,70,70,70,75,75,75,75,75,75,75,75,75,75,75,75,80,80,80,80,80,80],"relics":["Ring of the Snake","Bronze Scales","Mummified Hand","Lantern","Tiny House","Kunai"],"card_choices":[{"not_picked":["Deadly Poison","Dagger Throw"],"picked":"Leg Sweep"},{"not_picked":["Backstab","Prepared"],"picked":"Blade Dance"},{"not_picked":["Sucker Punch","PiercingWail"],"picked":"Deadly Poison"},{"not_picked":["Choke","Quick Slash"],"picked":"Flying Knee"},{"not_picked":["Dagger Spray","Backflip"],"picked":"Noxious Fumes"},{"not_picked":["Flying Knee","Predator"],"picked":"Outmaneuver"},{"not_picked":["Sucker Punch","PiercingWail"],"picked":"Infinite Blades"},{"not_picked":["Outmaneuver","Dodge and Roll"],"picked":"Predator"},{"not_picked":["Phantasmal Killer","Tools of the Trade"],"picked":"Envenom"},{"not_picked":["PiercingWail","Backflip"],"picked":"Slice"},{"not_picked":["Acrobatics","Outmaneuver"],"picked":"Deflect"},{"not_picked":["Acrobatics","PiercingWail"],"picked":"Finisher"},{"not_picked":["Deflect","Bouncing Flask"],"picked":"Outmaneuver"},{"not_picked":["Quick Slash","Burst"],"picked":"Reflex"}],"player_experience":24162,"potions_floor_usage":[7,16,16,16,20,21,23],"damage_taken":[{"damage":0,"enemies":"Cultist","floor":1,"turns":4},{"damage":0,"enemies":"Small Slimes","floor":2,"turns":5},{"damage":4,"enemies":"Blue Slaver","floor":4,"turns":5},{"damage":25,"enemies":"3 Sentries","floor":7,"turns":14},{"damage":0,"enemies":"3 Louse","floor":10,"turns":4},{"damage":5,"enemies":"Large Slime","floor":11,"turns":5},{"damage":11,"enemies":"Exordium Thugs","floor":13,"turns":5},{"damage":0,"enemies":"3 Louse","floor":14,"turns":3},{"damage":24,"enemies":"Hexaghost","floor":16,"turns":9},{"damage":19,"enemies":"Spheric Guardian","floor":18,"turns":6},{"damage":10,"enemies":"Chosen","floor":19,"turns":5},{"damage":45,"enemies":"Sentry and Sphere","floor":20,"turns":7},{"damage":0,"enemies":"Snecko","floor":21,"turns":4},{"damage":16,"enemies":"Book of Stabbing","floor":23,"turns":1}],"event_choices":[{"event_name":"Living Wall","player_choice":"Grow","floor":3,"damage_taken":0},{"event_name":"Big Fish","player_choice":"Donut","floor":5,"damage_taken":0},{"event_name":"Dead Adventurer","player_choice":"Searched \u00272\u0027 times","floor":7,"damage_taken":0}],"boss_relics":[{"not_picked":["Runic Pyramid","White Beast Statue"],"picked":"Tiny House"}],"potions_floor_spawned":[2,4,7,11,13,20],"seed_played":"-1214968250920444511","killed_by":"Book of Stabbing","ascension_level":0,"is_trial":false}