{"gold_per_floor":[118,130,144,144,159,184,184,213,262,262,281,296,306,57,57,152,152,166,180,106,156,156,190,190,207,207,128,139,139,149,162,162,265,265,284,298,6,25,39,39,67,67,67,67,85,85,100,115,115,115],"floor_reached":50,"playtime":3062,"items_purged":["Parasite"],"score":536,"play_id":"7c51d208-ca17-4b3e-9cc8-056a560c700d","local_time":"20181011022507","is_ascension_mode":true,"campfire_choices":[{"data":"Storm","floor":7,"key":"SMITH"},{"floor":15,"key":"REST"},{"floor":29,"key":"REST"},{"floor":32,"key":"REST"},{"data":"Defragment","floor":40,"key":"SMITH"},{"data":"Defragment","floor":42,"key":"SMITH"},{"data":"Buffer","floor":49,"key":"SMITH"}],"neow_cost":"","seed_source_timestamp":7794887128268,"circlet_count":0,"master_deck":["Strike_B","Strike_B","Strike_B","Defend_B","Defend_B","Defend_B","Defend_B","Zap","Dualcast","Hologram","Static Discharge","Conserve Battery","Seek","Storm+1","Heatsinks","Stack","Ball Lightning+1","Defragment+1","Impatience","Amplify","White Noise","Genetic Algorithm","Buffer+1","Conserve Battery","White Noise","Storm+1","Defragment+1","BootSequence+1","Self Repair+1","Static Discharge+1","Loop+1"],"relics":["Cracked Core","Letter Opener","Molten Egg 2","Happy Flower","Orrery","Pen Nib","Centennial Puzzle","Eternal Feather","Bird Faced Urn","Art of War","Gremlin Horn"],"potions_floor_usage":[6,13,16,16,23,33,33,41,41,45,50],"damage_taken":[{"damage":1,"enemies":"Cultist","floor":1,"turns":3},{"damage":2,"enemies":"Small Slimes","floor":2,"turns":3},{"damage":7,"enemies":"Jaw Worm","floor":3,"turns":4},{"damage":8,"enemies":"Large Slime","floor":5,"turns":4},{"damage":21,"enemies":"Gremlin Nob","floor":6,"turns":5},{"damage":8,"enemies":"Lagavulin","floor":8,"turns":7},{"damage":7,"enemies":"Blue Slaver","floor":11,"turns":3},{"damage":8,"enemies":"Exordium Wildlife","floor":12,"turns":3},{"damage":24,"enemies":"Gremlin Gang","floor":13,"turns":4},{"damage":11,"enemies":"Hexaghost","floor":16,"turns":8},{"damage":0,"enemies":"Chosen","floor":18,"turns":4},{"damage":4,"enemies":"3 Byrds","floor":19,"turns":4},{"damage":40,"enemies":"Slavers","floor":23,"turns":4},{"damage":9,"enemies":"Centurion and Healer","floor":25,"turns":4},{"damage":10,"enemies":"Snecko","floor":28,"turns":4},{"damage":0,"enemies":"Cultist and Chosen","floor":30,"turns":4},{"damage":9,"enemies":"Centurion and Healer","floor":31,"turns":4},{"damage":15,"enemies":"Champ","floor":33,"turns":8},{"damage":0,"enemies":"3 Shapes","floor":35,"turns":3},{"damage":16,"enemies":"3 Darklings","floor":36,"turns":4},{"damage":26,"enemies":"Spire Growth","floor":38,"turns":5},{"damage":1,"enemies":"Maw","floor":39,"turns":5},{"damage":38,"enemies":"Giant Head","floor":41,"turns":8},{"damage":0,"enemies":"Reptomancer","floor":45,"turns":3},{"damage":0,"enemies":"Transient","floor":47,"turns":5},{"damage":3,"enemies":"Sphere and 2 Shapes","floor":48,"turns":3},{"damage":86,"enemies":"Awakened One","floor":50,"turns":7}],"seed_played":"4442033463923988114","potions_obtained":[{"floor":5,"key":"Block Potion"},{"floor":8,"key":"SpeedPotion"},{"floor":11,"key":"Dexterity Potion"},{"floor":13,"key":"Regen Potion"},{"floor":16,"key":"Strength Potion"},{"floor":18,"key":"SpeedPotion"},{"floor":19,"key":"SkillPotion"},{"floor":38,"key":"SpeedPotion"},{"floor":39,"key":"FocusPotion"},{"floor":41,"key":"SkillPotion"},{"floor":48,"key":"Fire Potion"}],"is_trial":false,"path_per_floor":["M","M","M","?","M","E","R","E","T","?","M","M","M","$","R","B",null,"M","M","$","?","?","E","?","M","T","$","M","R","M","M","R","B",null,"M","M","$","M","M","R","E","R","T","?","M","?","M","M","R"],"character_chosen":"DEFECT","items_purchased":["Defragment","Impatience","White Noise","Defragment","Bird Faced Urn"],"campfire_rested":3,"item_purchase_floors":[14,14,20,27,37],"current_hp_per_floor":[74,72,65,65,57,36,36,28,28,46,39,31,7,7,28,32,72,72,68,68,68,68,28,28,19,19,19,9,30,30,21,42,27,72,72,56,56,46,65,72,36,51,51,51,72,68,68,68,68,0],"gold":115,"neow_bonus":"","is_prod":false,"is_daily":false,"chose_seed":false,"campfire_upgraded":4,"win_rate":0,"timestamp":1539235507,"path_taken":["M","?","M","?","M","E","R","E","T","?","?","?","?","$","R","BOSS","M","M","$","?","?","E","?","M","T","$","M","R","?","M","R","BOSS","M","M","$","M","M","R","E","R","T","?","M","?","M","M","R","BOSS"],"build_version":"2018-10-04v2","purchased_purges":1,"victory":false,"max_hp_per_floor":[75,75,75,75,75,75,75,75,75,75,75,75,75,72,72,72,72,72,72,72,72,72,72,72,72,72,72,72,72,72,72,72,72,72,72,72,72,72,72,72,72,72,72,72,72,68,68,68,68,68],"card_choices":[{"not_picked":["Rebound","Turbo"],"picked":"Hologram","floor":1},{"not_picked":["Steam","Conserve Battery"],"picked":"Static Discharge","floor":2},{"not_picked":["Chaos","Recycle"],"picked":"Conserve Battery","floor":3},{"not_picked":["Steam","Darkness"],"picked":"Seek","floor":5},{"not_picked":["Skim","Gash"],"picked":"Storm","floor":6},{"not_picked":["Stack","Beam Cell"],"picked":"Heatsinks","floor":8},{"not_picked":["Barrage+1","Compile Driver+1"],"picked":"Stack","floor":11},{"not_picked":["Scrape+1","Static Discharge"],"picked":"Ball Lightning+1","floor":12},{"not_picked":["Gash+1","Sweeping Beam+1","Barrage+1"],"picked":"SKIP","floor":13},{"not_picked":["Reboot","Biased Cognition"],"picked":"Amplify","floor":16},{"not_picked":["Redo","Rebound+1"],"picked":"White Noise","floor":17},{"not_picked":["Consume","Leap"],"picked":"Genetic Algorithm","floor":17},{"not_picked":["FTL+1","Leap"],"picked":"Buffer","floor":17},{"not_picked":["Turbo","Beam Cell+1","Chill"],"picked":"SKIP","floor":18},{"not_picked":["Melter+1","Compile Driver+1"],"picked":"Conserve Battery","floor":19},{"not_picked":["Leap","Coolheaded","Cold Snap+1"],"picked":"SKIP","floor":23},{"not_picked":["Darkness","Recycle","Scrape+1"],"picked":"SKIP","floor":25},{"not_picked":["Undo","Rebound+1"],"picked":"BootSequence+1","floor":28},{"not_picked":["Undo","Chill","Leap"],"picked":"SKIP","floor":30},{"not_picked":["Compile Driver+1","Beam Cell+1","Chill"],"picked":"SKIP","floor":31},{"not_picked":["Sweeping Beam+1","Steam","Chill"],"picked":"SKIP","floor":35},{"not_picked":["BootSequence","Steam","Hello World+1"],"picked":"SKIP","floor":36},{"not_picked":["Barrage+1","Darkness+1","Compile Driver+1"],"picked":"SKIP","floor":38},{"not_picked":["Auto Shields","Go for the Eyes+1","Gash+1"],"picked":"SKIP","floor":39},{"not_picked":["Compile Driver+1","Barrage+1"],"picked":"Self Repair+1","floor":41},{"not_picked":["Coolheaded+1","Ball Lightning+1"],"picked":"Static Discharge+1","floor":45},{"not_picked":["Multi-Cast","Doom and Gloom+1"],"picked":"Loop+1","floor":47},{"not_picked":["Hologram","Steam","Leap+1"],"picked":"SKIP","floor":48}],"player_experience":121971,"relics_obtained":[{"floor":6,"key":"Letter Opener"},{"floor":8,"key":"Molten Egg 2"},{"floor":9,"key":"Happy Flower"},{"floor":23,"key":"Pen Nib"},{"floor":26,"key":"Centennial Puzzle"},{"floor":41,"key":"Art of War"},{"floor":43,"key":"Gremlin Horn"}],"event_choices":[{"event_name":"Bonfire Elementals","player_choice":"BASIC","floor":4,"damage_taken":0},{"event_name":"Mushrooms","player_choice":"Healed and dodged fight","floor":10,"damage_taken":0},{"event_name":"The Joust","player_choice":"Bet on Murderer","floor":21,"damage_taken":0},{"event_name":"Duplicator","player_choice":"One dupe","floor":22,"damage_taken":0},{"event_name":"Cursed Tome","player_choice":"Ignored","floor":24,"damage_taken":0},{"event_name":"SecretPortal","player_choice":"Rejected Portal.","floor":44,"damage_taken":0},{"event_name":"Winding Halls","player_choice":"Max HP","floor":46,"damage_taken":0}],"is_beta":false,"boss_relics":[{"not_picked":["Black Star","Tiny House"],"picked":"Orrery"},{"not_picked":["Calling Bell","White Beast Statue"],"picked":"Eternal Feather"}],"items_purged_floors":[14],"is_endless":false,"potions_floor_spawned":[5,8,11,13,16,18,19,38,39,41,48],"killed_by":"Awakened One","ascension_level":1}