{"gold_per_floor":[113,133,143,159,171,171,47,47,47,12,12,29,49,0,0,78,78,62,62,79,79],"floor_reached":21,"playtime":1200,"items_purged":["Strike_R"],"score":303,"play_id":"bbb7c957-dbef-4989-af44-d12eca17743e","local_time":"20181212032613","is_ascension_mode":true,"campfire_choices":[{"data":"Flex","floor":8,"key":"SMITH"},{"data":"Corruption","floor":11,"key":"SMITH"},{"data":"Metallicize","floor":15,"key":"SMITH"}],"neow_cost":"NONE","seed_source_timestamp":24509631826850,"circlet_count":0,"master_deck":["AscendersBane","Strike_R","Strike_R","Strike_R","Defend_R","Defend_R","Defend_R","Defend_R","Bash","Ghostly Armor","Combust","Pummel","Wild Strike+1","Corruption+1","Flex+1","Pummel","Metallicize+1","Limit Break","Shrug It Off","Headbutt","Uppercut","Armaments+1","Anger"],"relics":["Burning Blood","Magic Flower","Orrery"],"potions_floor_usage":[18],"damage_taken":[{"damage":1,"enemies":"Cultist","floor":1,"turns":3},{"damage":10,"enemies":"Small Slimes","floor":2,"turns":6},{"damage":3,"enemies":"Jaw Worm","floor":3,"turns":4},{"damage":24,"enemies":"Large Slime","floor":4,"turns":6},{"damage":17,"enemies":"Blue Slaver","floor":5,"turns":6},{"damage":13,"enemies":"Gremlin Gang","floor":12,"turns":6},{"damage":9,"enemies":"3 Louse","floor":13,"turns":2},{"damage":35,"enemies":"Slime Boss","floor":16,"turns":9},{"damage":22,"enemies":"2 Thieves","floor":18,"turns":4},{"damage":31,"enemies":"Spheric Guardian","floor":20,"turns":4},{"damage":32,"enemies":"Snake Plant","floor":21,"turns":4}],"seed_played":"-3821459552028762636","potions_obtained":[{"floor":2,"key":"Weak Potion"},{"floor":12,"key":"Weak Potion"},{"floor":13,"key":"Energy Potion"}],"is_trial":false,"path_per_floor":["M","M","M","M","M","?","$","R","T","?","R","M","M","?","R","B",null,"M","?","M","M"],"character_chosen":"IRONCLAD","items_purchased":["Flex"],"campfire_rested":0,"item_purchase_floors":[7],"current_hp_per_floor":[73,69,72,54,43,43,43,43,43,61,61,57,57,57,57,31,64,51,51,29,0],"gold":79,"neow_bonus":"REMOVE_CARD","is_prod":false,"is_daily":false,"chose_seed":false,"campfire_upgraded":3,"win_rate":0,"timestamp":1544595973,"path_taken":["M","M","M","M","?","?","$","R","T","?","R","M","M","?","R","BOSS","M","?","M","?"],"build_version":"2018-12-06","purchased_purges":1,"victory":false,"max_hp_per_floor":[75,75,75,75,75,75,75,75,75,75,75,75,75,75,75,75,75,75,75,75,75],"card_choices":[{"not_picked":["Warcry","Body Slam"],"picked":"Ghostly Armor","floor":1},{"not_picked":["True Grit","Warcry"],"picked":"Combust","floor":2},{"not_picked":["Warcry","Feel No Pain"],"picked":"Pummel","floor":3},{"not_picked":["Body Slam","Warcry"],"picked":"Wild Strike","floor":4},{"not_picked":["Searing Blow","Ghostly Armor"],"picked":"Corruption","floor":5},{"not_picked":["Seeing Red","Berserk"],"picked":"Pummel","floor":12},{"not_picked":["Infernal Blade","Sword Boomerang"],"picked":"Metallicize","floor":13},{"not_picked":["Barricade","Double Tap"],"picked":"Limit Break","floor":16},{"not_picked":["Power Through","Thunderclap"],"picked":"Shrug It Off","floor":17},{"not_picked":["True Grit","Hemokinesis"],"picked":"Headbutt","floor":17},{"not_picked":["Corruption","Reckless Charge"],"picked":"Uppercut","floor":17},{"not_picked":["Searing Blow","Pummel"],"picked":"Armaments","floor":17},{"not_picked":["Bludgeon","Seeing Red"],"picked":"Anger","floor":18},{"not_picked":["Clothesline+1","Carnage","Wild Strike"],"picked":"SKIP","floor":20}],"player_experience":518767,"relics_obtained":[{"floor":9,"key":"Magic Flower"}],"event_choices":[{"damage_healed":0,"gold_gain":0,"player_choice":"Grow","damage_taken":0,"max_hp_gain":0,"max_hp_loss":0,"event_name":"Living Wall","floor":6,"gold_loss":0,"cards_upgraded":["Wild Strike"]},{"damage_healed":18,"gold_gain":0,"player_choice":"Healed","damage_taken":0,"max_hp_gain":0,"max_hp_loss":0,"event_name":"The Cleric","floor":10,"gold_loss":35},{"damage_healed":0,"gold_gain":0,"player_choice":"Left Gold","damage_taken":0,"max_hp_gain":0,"max_hp_loss":0,"event_name":"World of Goop","floor":14,"gold_loss":49},{"damage_healed":0,"gold_gain":0,"player_choice":"Upgraded","damage_taken":0,"max_hp_gain":0,"max_hp_loss":0,"event_name":"Upgrade Shrine","floor":19,"gold_loss":0,"cards_upgraded":["Armaments"]}],"is_beta":false,"boss_relics":[{"not_picked":["Eternal Feather","Black Blood"],"picked":"Orrery"}],"items_purged_floors":[7],"is_endless":false,"potions_floor_spawned":[2,12,13],"killed_by":"Snake Plant","ascension_level":15}