{"gold_per_floor":[110,122,139,15,26,26,58,58,58,58,69,100,117,144,144,144],"floor_reached":16,"playtime":581,"items_purged":["Normality"],"score":153,"play_id":"79a0bd91-1cdf-4f71-b3f8-c2383801fcda","local_time":"20190412184911","is_ascension_mode":true,"campfire_choices":[{"data":"Pommel Strike","floor":6,"key":"SMITH"},{"data":"Double Tap","floor":8,"key":"SMITH"},{"floor":10,"key":"REST"},{"floor":15,"key":"REST"}],"neow_cost":"CURSE","seed_source_timestamp":113906965787317,"circlet_count":0,"master_deck":["Strike_R","Strike_R","Strike_R","Strike_R","Strike_R","Defend_R","Defend_R","Defend_R","Defend_R","Bash","Pommel Strike","Pommel Strike","Pommel Strike+1","Shrug It Off","Double Tap+1","Armaments","Barricade","Uppercut","Evolve"],"relics":["Burning Blood","Magic Flower","Pen Nib","Anchor","Sundial","Bronze Scales"],"potions_floor_usage":[12,14,16],"damage_taken":[{"damage":6,"enemies":"Cultist","floor":1,"turns":3},{"damage":14,"enemies":"Jaw Worm","floor":2,"turns":4},{"damage":9,"enemies":"Small Slimes","floor":3,"turns":4},{"damage":23,"enemies":"3 Louse","floor":5,"turns":4},{"damage":35,"enemies":"3 Sentries","floor":7,"turns":9},{"damage":17,"enemies":"Exordium Wildlife","floor":11,"turns":4},{"damage":16,"enemies":"Gremlin Nob","floor":12,"turns":3},{"damage":8,"enemies":"Lots of Slimes","floor":13,"turns":4},{"damage":15,"enemies":"Lagavulin","floor":14,"turns":3},{"damage":68,"enemies":"Slime Boss","floor":16,"turns":6}],"seed_played":"3780009912890074766","potions_obtained":[{"floor":2,"key":"FearPotion"},{"floor":3,"key":"SteroidPotion"},{"floor":7,"key":"Block Potion"},{"floor":14,"key":"Poison Potion"}],"is_trial":false,"path_per_floor":["M","M","M","$","M","R","E","R","T","R","M","E","M","E","R","B"],"character_chosen":"IRONCLAD","items_purchased":["Shrug It Off"],"campfire_rested":2,"item_purchase_floors":[4],"current_hp_per_floor":[80,75,75,75,61,61,35,35,35,59,51,44,45,39,63,0],"gold":144,"neow_bonus":"ONE_RARE_RELIC","is_prod":false,"is_daily":false,"chose_seed":false,"campfire_upgraded":2,"win_rate":0,"timestamp":1555109351,"path_taken":["M","M","M","$","M","R","E","R","T","R","M","E","M","E","R","BOSS"],"build_version":"2019-01-23","purchased_purges":1,"victory":false,"max_hp_per_floor":[80,80,80,80,80,80,80,80,80,80,80,80,80,80,80,80],"card_choices":[{"not_picked":["Seeing Red","Spot Weakness"],"picked":"Pommel Strike","floor":1},{"not_picked":["Intimidate","Perfected Strike"],"picked":"Pommel Strike","floor":2},{"not_picked":["Warcry","Brutality"],"picked":"Pommel Strike","floor":3},{"not_picked":["Bloodletting","Thunderclap","Anger"],"picked":"SKIP","floor":5},{"not_picked":["Battle Trance","Bloodletting"],"picked":"Double Tap","floor":7},{"not_picked":["Hemokinesis","Sever Soul"],"picked":"Armaments","floor":11},{"not_picked":["Brutality","True Grit"],"picked":"Barricade","floor":12},{"not_picked":["Clothesline","Body Slam"],"picked":"Uppercut","floor":13},{"not_picked":["Disarm","True Grit"],"picked":"Evolve","floor":14}],"player_experience":458447,"relics_obtained":[{"floor":7,"key":"Pen Nib"},{"floor":9,"key":"Anchor"},{"floor":12,"key":"Sundial"},{"floor":14,"key":"Bronze Scales"}],"event_choices":[],"is_beta":false,"boss_relics":[],"items_purged_floors":[4],"is_endless":false,"potions_floor_spawned":[2,3,7,14],"killed_by":"Slime Boss","ascension_level":5}