{"gold_per_floor":[99,274,325,343,356,356,388,41,41,75,55,69,101,116,116,214,214,232,232,331,331,351,351,381,381],"floor_reached":25,"playtime":1810,"items_purged":["Doubt"],"score":476,"play_id":"911c3f5d-106c-46c0-b59f-67cbae054c87","local_time":"20190120225647","is_ascension_mode":true,"campfire_choices":[{"data":"Neutralize","floor":6,"key":"SMITH"},{"floor":15,"key":"REST"},{"data":"Caltrops","floor":23,"key":"SMITH"}],"neow_cost":"NONE","seed_source_timestamp":1018656214305094,"circlet_count":0,"master_deck":["Defend_G","Defend_G","Defend_G","Defend_G+1","Defend_G","Strike_G","Strike_G","Strike_G","Strike_G","Survivor","Neutralize+1","Distraction","Backstab","Backflip","Dash","Blade Dance+1","Caltrops+1","Underhanded Strike","Dagger Spray","Deadly Poison","Terror","Wraith Form v2","Predator","Backflip"],"special_seed":0,"relics":["Ring of the Snake","Dream Catcher","Bird Faced Urn","Sling","Bottled Tornado","War Paint","Matryoshka","Black Star","The Courier","Ancient Tea Set"],"potions_floor_usage":[13,16,16,21,24,25],"damage_taken":[{"damage":1,"enemies":"Jaw Worm","floor":1,"turns":7},{"damage":1,"enemies":"Small Slimes","floor":4,"turns":5},{"damage":0,"enemies":"2 Louse","floor":5,"turns":2},{"damage":24,"enemies":"3 Sentries","floor":7,"turns":12},{"damage":20,"enemies":"Lagavulin","floor":10,"turns":6},{"damage":14,"enemies":"Large Slime","floor":12,"turns":7},{"damage":0,"enemies":"3 Sentries","floor":13,"turns":7},{"damage":0,"enemies":"Blue Slaver","floor":14,"turns":4},{"damage":16,"enemies":"The Guardian","floor":16,"turns":9},{"damage":6,"enemies":"3 Byrds","floor":18,"turns":2},{"damage":0,"enemies":"Chosen","floor":21,"turns":4},{"damage":9,"enemies":"Centurion and Healer","floor":22,"turns":11},{"damage":48,"enemies":"Slavers","floor":24,"turns":6},{"damage":20,"enemies":"3 Cultists","floor":25,"turns":4}],"seed_played":"356362640751552046","potions_obtained":[{"floor":5,"key":"GamblersBrew"},{"floor":12,"key":"Poison Potion"},{"floor":13,"key":"SmokeBomb"},{"floor":14,"key":"LiquidBronze"},{"floor":22,"key":"GamblersBrew"},{"floor":24,"key":"SpeedPotion"}],"is_trial":false,"path_per_floor":["M","?","T","M","M","R","E","$","T","E","?","M","E","M","R","B",null,"M","?","?","M","M","R","E","M"],"character_chosen":"THE_SILENT","items_purchased":["Sling","Caltrops"],"campfire_rested":1,"item_purchase_floors":[8,8],"current_hp_per_floor":[62,62,62,61,61,61,37,37,37,19,19,7,7,7,28,14,56,52,70,70,70,61,61,17,0],"gold":381,"neow_bonus":"TRANSFORM_CARD","is_prod":false,"is_daily":false,"chose_seed":false,"campfire_upgraded":2,"win_rate":0,"timestamp":1548043007,"path_taken":["M","?","?","M","M","R","E","$","T","E","?","M","E","M","R","BOSS","M","?","?","M","M","R","E","M"],"build_version":"2019-01-17v2","purchased_purges":1,"victory":false,"max_hp_per_floor":[70,70,70,70,70,70,70,70,70,70,70,70,70,70,70,70,70,70,70,70,70,70,70,70,70],"card_choices":[{"not_picked":["Quick Slash","Concentrate"],"picked":"Backstab","floor":1},{"not_picked":["Slice","Blade Dance"],"picked":"Backflip","floor":4},{"not_picked":["Deadly Poison","Distraction"],"picked":"Dash","floor":5},{"not_picked":["Flechettes","Riddle With Holes"],"picked":"Blade Dance","floor":7},{"not_picked":["Underhanded Strike","Outmaneuver","Bane"],"picked":"SKIP","floor":10},{"not_picked":["Flying Knee","PiercingWail"],"picked":"Underhanded Strike","floor":12},{"not_picked":["Bullet Time","Dodge and Roll"],"picked":"Dagger Spray","floor":13},{"not_picked":["Deflect","Poisoned Stab"],"picked":"Deadly Poison","floor":14},{"not_picked":["PiercingWail","Acrobatics"],"picked":"Terror","floor":15},{"not_picked":["Phantasmal Killer","Die Die Die"],"picked":"Wraith Form v2","floor":16},{"not_picked":["Quick Slash","Outmaneuver+1","Expertise"],"picked":"SKIP","floor":18},{"not_picked":["Deflect+1","PiercingWail"],"picked":"Predator","floor":22},{"not_picked":["Dagger Spray","Masterful Stab"],"picked":"Backflip","floor":24}],"player_experience":156200,"relics_obtained":[{"floor":3,"key":"Dream Catcher"},{"floor":7,"key":"Bird Faced Urn"},{"floor":9,"key":"Bottled Tornado"},{"floor":10,"key":"War Paint"},{"floor":13,"key":"Matryoshka"},{"floor":24,"key":"The Courier"},{"floor":24,"key":"Ancient Tea Set"}],"event_choices":[{"damage_healed":0,"gold_gain":175,"player_choice":"AGREE","damage_taken":0,"max_hp_gain":0,"max_hp_loss":0,"event_name":"Liars Game","floor":2,"gold_loss":0,"cards_obtained":["Doubt"]},{"damage_healed":0,"gold_gain":0,"player_choice":"Left Gold","damage_taken":0,"max_hp_gain":0,"max_hp_loss":0,"event_name":"World of Goop","floor":11,"gold_loss":20},{"damage_healed":23,"gold_gain":0,"player_choice":"Heal","damage_taken":0,"max_hp_gain":0,"max_hp_loss":0,"event_name":"The Library","floor":19,"gold_loss":0},{"damage_healed":0,"gold_gain":99,"player_choice":"Stole From Cult","damage_taken":0,"max_hp_gain":0,"max_hp_loss":0,"event_name":"Nest","floor":20,"gold_loss":0}],"is_beta":false,"boss_relics":[{"not_picked":["Velvet Choker","WristBlade"],"picked":"Black Star"}],"items_purged_floors":[8],"is_endless":false,"potions_floor_spawned":[5,12,13,14,22,24],"killed_by":"3 Cultists","ascension_level":6}