{"gold_per_floor":[119,72,86,56,73,73,104,104,131,161,175,186,210,225,225,323,323,337,350,275,275,154,154,171,171,196,196,227,237,237,61,61,165,165,185,198,67,67,0,0],"floor_reached":40,"playtime":2294,"items_purged":["Strike_B"],"score":586,"play_id":"38b84c50-b7ba-4288-9a2b-c7c83c2f8379","local_time":"20181112020612","is_ascension_mode":true,"campfire_choices":[{"data":"Steam","floor":6,"key":"SMITH"},{"data":"Zap","floor":8,"key":"SMITH"},{"data":"Dualcast","floor":15,"key":"SMITH"},{"data":"Steam","floor":23,"key":"SMITH"},{"data":"Echo Form","floor":25,"key":"SMITH"},{"floor":27,"key":"REST"},{"data":"Beam Cell","floor":30,"key":"SMITH"},{"floor":32,"key":"REST"}],"neow_cost":"NONE","seed_source_timestamp":8785384720366,"circlet_count":0,"master_deck":["Defend_B","Defend_B","Defend_B","Zap+1","Dualcast+1","All For One","FTL","Gash","Steam+1","Sweeping Beam","BootSequence","Rebound","Melter","All For One","Echo Form+1","Steam+1","Beam Cell+1","Mayhem","Flash of Steel","Good Instincts"],"relics":["Cracked Core","Art of War","Bronze Scales","Odd Mushroom","Empty Cage","Nilry\u0027s Codex","PreservedInsect","Dodecahedron","Cursed Key","Red Mask"],"potions_floor_usage":[7,16,28,28,29,33,33,40],"damage_taken":[{"damage":1,"enemies":"Cultist","floor":1,"turns":3},{"damage":2,"enemies":"Jaw Worm","floor":3,"turns":2},{"damage":0,"enemies":"Small Slimes","floor":5,"turns":2},{"damage":12,"enemies":"Lagavulin","floor":7,"turns":5},{"damage":0,"enemies":"Exordium Wildlife","floor":11,"turns":2},{"damage":0,"enemies":"Large Slime","floor":12,"turns":4},{"damage":2,"enemies":"The Mushroom Lair","floor":13,"turns":3},{"damage":0,"enemies":"2 Fungi Beasts","floor":14,"turns":2},{"damage":26,"enemies":"Hexaghost","floor":16,"turns":7},{"damage":2,"enemies":"Chosen","floor":18,"turns":4},{"damage":10,"enemies":"Shell Parasite","floor":19,"turns":3},{"damage":3,"enemies":"Snecko","floor":24,"turns":4},{"damage":24,"enemies":"Slavers","floor":28,"turns":3},{"damage":8,"enemies":"Shelled Parasite and Fungi","floor":29,"turns":4},{"damage":9,"enemies":"Collector","floor":33,"turns":9},{"damage":26,"enemies":"3 Shapes","floor":35,"turns":4},{"damage":27,"enemies":"3 Darklings","floor":36,"turns":4},{"damage":14,"enemies":"Nemesis","floor":40,"turns":4}],"seed_played":"3108737453697261211","potions_obtained":[{"floor":1,"key":"FocusPotion"},{"floor":4,"key":"EntropicBrew"},{"floor":4,"key":"Weak Potion"},{"floor":5,"key":"Dexterity Potion"},{"floor":12,"key":"Poison Potion"},{"floor":16,"key":"Regen Potion"},{"floor":18,"key":"AttackPotion"},{"floor":35,"key":"Strength Potion"}],"is_trial":false,"path_per_floor":["M","$","M","?","M","R","E","R","T","?","M","M","?","M","R","B",null,"M","M","?","?","$","R","M","R","T","R","E","M","R","$","R","B",null,"M","M","$","?","?","E"],"character_chosen":"DEFECT","items_purchased":["Gash","Beam Cell","Mayhem","Flash of Steel","Block Potion"],"campfire_rested":2,"item_purchase_floors":[2,22,31,37,37],"current_hp_per_floor":[67,67,65,65,65,65,53,53,53,53,53,53,51,51,51,25,63,61,51,51,35,35,35,32,32,32,54,39,31,31,31,53,44,67,41,14,14,14,14,0],"gold":0,"neow_bonus":"TRANSFORM_CARD","is_prod":false,"is_daily":false,"chose_seed":false,"campfire_upgraded":6,"win_rate":0,"timestamp":1541999172,"path_taken":["M","$","M","?","?","R","E","R","T","?","M","M","?","M","R","BOSS","M","M","?","?","$","R","M","R","T","R","E","M","R","$","R","BOSS","M","M","$","?","?","E"],"build_version":"2018-11-08","purchased_purges":1,"victory":false,"max_hp_per_floor":[75,75,75,75,75,75,75,75,75,75,75,75,75,75,75,75,75,75,75,75,75,75,75,75,75,75,75,75,75,75,75,75,75,75,75,75,75,75,75,75],"card_choices":[{"not_picked":["Rip and Tear","Coolheaded"],"picked":"FTL","floor":1},{"not_picked":["Glacier","Tempest"],"picked":"Steam","floor":3},{"not_picked":["Leap","Barrage"],"picked":"Sweeping Beam","floor":5},{"not_picked":["Heatsinks","Steam Power"],"picked":"BootSequence","floor":7},{"not_picked":["Reinforced Body","Consume"],"picked":"Rebound","floor":11},{"not_picked":["Rip and Tear","Capacitor"],"picked":"Melter","floor":12},{"not_picked":["Defragment","Auto Shields"],"picked":"All For One","floor":14},{"not_picked":["All For One","Meteor Strike"],"picked":"Echo Form","floor":16},{"not_picked":["Static Discharge+1","Reprogram","Tempest+1"],"picked":"SKIP","floor":18},{"not_picked":["Self Repair+1","Rip and Tear+1"],"picked":"Steam","floor":19},{"not_picked":["Static Discharge","Barrage","Beam Cell"],"picked":"SKIP","floor":24},{"not_picked":["Static Discharge+1","Recycle","Sweeping Beam"],"picked":"SKIP","floor":28},{"not_picked":["Redo","Barrage","Rebound+1"],"picked":"SKIP","floor":29},{"not_picked":["Darkness+1","Defragment+1","Steam Power"],"picked":"SKIP","floor":35},{"not_picked":["Recycle+1","Rebound+1","Beam Cell"],"picked":"SKIP","floor":36},{"not_picked":["Swift Strike","Transmutation"],"picked":"Good Instincts","floor":38}],"player_experience":361757,"relics_obtained":[{"floor":7,"key":"Art of War"},{"floor":9,"key":"Bronze Scales"},{"floor":13,"key":"Odd Mushroom"},{"floor":21,"key":"Nilry\u0027s Codex"},{"floor":26,"key":"PreservedInsect"},{"floor":28,"key":"Dodecahedron"}],"event_choices":[{"damage_healed":0,"gold_gain":0,"player_choice":"Bought 2 Potions","damage_taken":0,"max_hp_gain":0,"max_hp_loss":0,"event_name":"The Woman in Blue","floor":4,"gold_loss":0},{"damage_healed":0,"gold_gain":30,"player_choice":"Searched \u00271\u0027 times","damage_taken":0,"max_hp_gain":0,"max_hp_loss":0,"event_name":"Dead Adventurer","floor":10,"gold_loss":0},{"damage_healed":0,"gold_gain":0,"player_choice":"Fought Mushrooms","damage_taken":0,"max_hp_gain":0,"max_hp_loss":0,"event_name":"Mushrooms","floor":13,"gold_loss":0},{"cards_removed":["Strike_B"],"damage_healed":0,"gold_gain":0,"player_choice":"Gave Gold","damage_taken":0,"max_hp_gain":0,"max_hp_loss":0,"event_name":"Beggar","floor":20,"gold_loss":75},{"damage_healed":0,"gold_gain":0,"player_choice":"Obtained Book","damage_taken":16,"max_hp_gain":0,"max_hp_loss":0,"event_name":"Cursed Tome","floor":21,"gold_loss":0},{"damage_healed":0,"gold_gain":0,"player_choice":"Memory 1","damage_taken":0,"max_hp_gain":0,"max_hp_loss":0,"event_name":"SensoryStone","floor":38,"gold_loss":0},{"damage_healed":0,"gold_gain":0,"player_choice":"Paid","damage_taken":0,"relics_obtained":["Red Mask"],"max_hp_gain":0,"max_hp_loss":0,"event_name":"Tomb of Lord Red Mask","floor":39,"gold_loss":67}],"is_beta":false,"boss_relics":[{"not_picked":["Orrery","Coffee Dripper"],"picked":"Empty Cage"},{"not_picked":["Lizard Tail","Sozu"],"picked":"Cursed Key"}],"items_purged_floors":[22],"is_endless":false,"potions_floor_spawned":[1,5,12,14,16,18,19,35],"killed_by":"Nemesis","ascension_level":9}