{"path_per_floor":["M","?","M","?","M","R","?","M","T","$","R","$","M","$","R","B",null,"M","M","?","?","M","R"],"character_chosen":"IRONCLAD","items_purchased":["Bandage Up"],"gold_per_floor":[117,117,117,117,129,129,129,145,145,55,55,55,75,75,75,177,207,219,231,231,231,243,243],"floor_reached":24,"campfire_rested":1,"playtime":919,"current_hp_per_floor":[67,67,66,66,65,65,40,48,48,48,48,48,66,66,66,21,82,40,30,30,30,14,38],"items_purged":[],"gold":243,"score":186,"play_id":"bfc21543-f7f6-4a4c-b0c8-f0cb4dca2c48","is_prod":false,"is_daily":false,"is_ascension_mode":false,"campfire_upgraded":3,"path_taken":["M","?","?","?","M","R","?","M","T","$","R","?","?","?","R","BOSS","M","M","?","?","M","R","E"],"build_version":"2018-02-12-PROD1","purchased_purges":0,"victory":false,"master_deck":["Strike_R","Strike_R","Strike_R","Strike_R","Strike_R","Defend_R","Defend_R","Defend_R","Defend_R","Bash","Reaper","Whirlwind+1","Inflame+1","Iron Wave","Perfected Strike","Bandage Up+1","Searing Blow","Feed","Perfected Strike","Clash","Heavy Blade+1","Shrug It Off+1"],"max_hp_per_floor":[80,77,77,77,77,77,77,77,77,77,77,77,77,77,77,77,82,82,82,82,82,82,82],"relics":["Burning Blood","Bag of Preparation","Gambling Chip","Tiny House"],"card_choices":[{"not_picked":["Impervious","Brutality"],"picked":"Reaper"},{"not_picked":["Fire Breathing","Power Through"],"picked":"Whirlwind"},{"not_picked":["Anger","Pommel Strike"],"picked":"Inflame"},{"not_picked":["Body Slam","Burning Pact"],"picked":"Iron Wave"},{"not_picked":["Twin Strike","Shrug It Off"],"picked":"Perfected Strike"},{"not_picked":["Warcry","Headbutt"],"picked":"Searing Blow"},{"not_picked":["Dark Embrace","Bludgeon"],"picked":"Feed"},{"not_picked":["Warcry","Uppercut"],"picked":"Perfected Strike"},{"not_picked":["Corruption","Anger"],"picked":"Clash"},{"not_picked":["Pommel Strike","Pummel"],"picked":"Heavy Blade"},{"not_picked":["Corruption","Iron Wave"],"picked":"Shrug It Off"}],"player_experience":72279,"potions_floor_usage":[16,16,16,22,22],"damage_taken":[{"damage":19,"enemies":"Jaw Worm","floor":1,"turns":8},{"damage":10,"enemies":"Blue Slaver","floor":3,"turns":6},{"damage":16,"enemies":"2 Louse","floor":5,"turns":3},{"damage":18,"enemies":"Lots of Slimes","floor":8,"turns":3},{"damage":0,"enemies":"Large Slime","floor":13,"turns":4},{"damage":91,"enemies":"The Guardian","floor":16,"turns":14},{"damage":56,"enemies":"Shell Parasite","floor":18,"turns":9},{"damage":27,"enemies":"Chosen","floor":19,"turns":6},{"damage":40,"enemies":"3 Cultists","floor":22,"turns":6},{"damage":81,"enemies":"Gremlin Leader","floor":24,"turns":8}],"event_choices":[{"event_name":"Purifier","player_choice":"One Purge","floor":2,"damage_taken":0},{"event_name":"The Lab","player_choice":"Got Potions","floor":4,"damage_taken":0},{"event_name":"Scrap Ooze","player_choice":"success","floor":7,"damage_taken":25},{"event_name":"Beggar","player_choice":"Ignored","floor":20,"damage_taken":0},{"event_name":"Drug Dealer","player_choice":"Ignored","floor":21,"damage_taken":0}],"boss_relics":[{"not_picked":["Philosopher\u0027s Stone","Snecko Eye"],"picked":"Tiny House"}],"potions_floor_spawned":[1,3,13,19],"seed_played":"4423504978755499161","killed_by":"Gremlin Leader","ascension_level":0,"is_trial":false}