{"gold_per_floor":[110,120,134,144,159,159,192,203,203,215,231,231,1,1,1,106,106,122,47,47,61,76,76,76,96,120,120],"floor_reached":27,"playtime":1826,"items_purged":["Strike_G"],"score":318,"play_id":"fea145b2-3a74-4f84-88b5-30cfefbbc68a","local_time":"20181109193346","is_ascension_mode":true,"campfire_choices":[{"data":"Cloak And Dagger","floor":6,"key":"SMITH"},{"floor":12,"key":"REST"},{"data":"Envenom","floor":15,"key":"SMITH"},{"data":"Envenom","floor":23,"key":"SMITH"}],"neow_cost":"NONE","seed_source_timestamp":10620169508133,"circlet_count":0,"master_deck":["Defend_G","Defend_G","Defend_G","Defend_G","Defend_G","Strike_G","Strike_G","Survivor","Neutralize","Envenom+1","Dash","Cloak And Dagger+1","Deflect","Cloak And Dagger","Flying Knee","PiercingWail","Footwork","Infinite Blades","Footwork","Dodge and Roll","Envenom+1","Adrenaline","Well Laid Plans","Envenom","Acrobatics+1","Blade Dance","Venomology","Finisher"],"relics":["Ring of the Snake","Dream Catcher","Blue Candle","Lizard Tail","Omamori"],"potions_floor_usage":[3,11,22,22,25,27],"damage_taken":[{"damage":2,"enemies":"Cultist","floor":1,"turns":5},{"damage":2,"enemies":"Jaw Worm","floor":2,"turns":8},{"damage":0,"enemies":"2 Louse","floor":3,"turns":2},{"damage":15,"enemies":"Gremlin Gang","floor":4,"turns":8},{"damage":0,"enemies":"Large Slime","floor":5,"turns":7},{"damage":27,"enemies":"Gremlin Nob","floor":7,"turns":5},{"damage":10,"enemies":"3 Louse","floor":8,"turns":5},{"damage":0,"enemies":"Blue Slaver","floor":10,"turns":6},{"damage":0,"enemies":"Lots of Slimes","floor":11,"turns":5},{"damage":22,"enemies":"The Guardian","floor":16,"turns":13},{"damage":22,"enemies":"Shell Parasite","floor":18,"turns":9},{"damage":11,"enemies":"2 Thieves","floor":19,"turns":5},{"damage":23,"enemies":"Shelled Parasite and Fungi","floor":21,"turns":12},{"damage":29,"enemies":"Centurion and Healer","floor":22,"turns":14},{"damage":4,"enemies":"Snake Plant","floor":25,"turns":8},{"damage":27,"enemies":"Snecko","floor":27,"turns":5}],"seed_played":"-6219888280870160708","potions_obtained":[{"floor":1,"key":"Fire Potion"},{"floor":5,"key":"Energy Potion"},{"floor":7,"key":"Swift Potion"},{"floor":8,"key":"Swift Potion"},{"floor":11,"key":"Explosive Potion"},{"floor":18,"key":"Regen Potion"},{"floor":20,"key":"Block Potion"},{"floor":20,"key":"Energy Potion"},{"floor":22,"key":"Weak Potion"}],"is_trial":false,"path_per_floor":["M","M","M","M","M","R","E","M","T","M","M","R","$","?","R","B",null,"M","M","?","M","M","R","?","M","T","M"],"character_chosen":"THE_SILENT","items_purchased":["Envenom"],"campfire_rested":1,"item_purchase_floors":[13],"current_hp_per_floor":[61,59,59,44,44,44,17,7,7,7,7,28,28,51,51,29,60,38,27,27,4,27,27,27,23,23,0],"gold":120,"neow_bonus":"ONE_RANDOM_RARE_CARD","is_prod":false,"is_daily":false,"chose_seed":false,"campfire_upgraded":3,"win_rate":0,"timestamp":1541802826,"path_taken":["M","M","?","M","M","R","E","M","T","M","M","R","$","?","R","BOSS","M","M","?","?","M","R","?","M","T","M"],"build_version":"2018-11-08","purchased_purges":1,"victory":false,"max_hp_per_floor":[70,70,70,70,70,70,70,70,70,70,70,70,70,70,70,70,70,70,70,70,70,70,70,70,70,70,70],"card_choices":[{"not_picked":["Choke","Underhanded Strike"],"picked":"Dash","floor":1},{"not_picked":["Accuracy","Terror"],"picked":"Cloak And Dagger","floor":2},{"not_picked":["Blur","Predator"],"picked":"Deflect","floor":3},{"not_picked":["Deflect","PiercingWail"],"picked":"Cloak And Dagger","floor":4},{"not_picked":["Endless Agony","Setup"],"picked":"Flying Knee","floor":5},{"not_picked":["Masterful Stab","Crippling Poison"],"picked":"PiercingWail","floor":7},{"not_picked":["Tactician","Dagger Spray"],"picked":"Footwork","floor":8},{"not_picked":["Poisoned Stab","Skewer"],"picked":"Infinite Blades","floor":10},{"not_picked":["Dagger Spray","Bane"],"picked":"Footwork","floor":11},{"not_picked":["Slice","PiercingWail"],"picked":"Dodge and Roll","floor":12},{"not_picked":["Envenom","Unload"],"picked":"Adrenaline","floor":16},{"not_picked":["Outmaneuver","Finisher"],"picked":"Well Laid Plans","floor":18},{"not_picked":["Backflip+1","Flying Knee"],"picked":"Envenom","floor":19},{"not_picked":["PiercingWail","Deadly Poison"],"picked":"Acrobatics+1","floor":21},{"not_picked":["Bane","Caltrops"],"picked":"Blade Dance","floor":22},{"not_picked":["Deadly Poison","Bouncing Flask","Predator"],"picked":"SKIP","floor":25}],"player_experience":334816,"relics_obtained":[{"floor":7,"key":"Dream Catcher"},{"floor":9,"key":"Blue Candle"},{"floor":26,"key":"Omamori"}],"event_choices":[{"damage_healed":23,"gold_gain":0,"player_choice":"Banana","damage_taken":0,"max_hp_gain":0,"max_hp_loss":0,"event_name":"Big Fish","floor":14,"gold_loss":0},{"damage_healed":0,"gold_gain":0,"player_choice":"Got Potions","damage_taken":0,"max_hp_gain":0,"max_hp_loss":0,"event_name":"Lab","floor":20,"gold_loss":0},{"damage_healed":0,"gold_gain":0,"cards_transformed":["Strike_G","Strike_G"],"player_choice":"Became Test Subject","damage_taken":0,"max_hp_gain":0,"max_hp_loss":0,"event_name":"Drug Dealer","floor":24,"gold_loss":0,"cards_obtained":["Venomology","Finisher"]}],"is_beta":false,"boss_relics":[{"not_picked":["Pandora\u0027s Box","HoveringKite"],"picked":"Lizard Tail"}],"items_purged_floors":[13],"is_endless":false,"potions_floor_spawned":[1,5,7,8,11,16,18,22],"killed_by":"Snecko","ascension_level":9}