{"path_per_floor":["M","M","T","M","M","E","?","R","T","M","E","M","R","$","R","B",null,"M","?","M","M","?","R"],"character_chosen":"IRONCLAD","items_purchased":["Toxic Egg 2","Iron Wave"],"gold_per_floor":[113,123,123,134,150,180,180,180,258,275,300,320,320,40,40,138,138,157,207,227,242,242,242],"floor_reached":24,"campfire_rested":2,"playtime":935,"current_hp_per_floor":[75,78,78,80,77,45,45,45,45,51,33,32,56,56,56,33,80,80,80,66,45,21,45],"items_purged":[],"gold":242,"score":208,"play_id":"063794bc-7355-40f2-b319-3364c59aa859","is_prod":false,"is_daily":false,"is_ascension_mode":false,"campfire_upgraded":2,"path_taken":["M","M","?","M","M","E","?","R","T","M","E","M","R","$","R","BOSS","M","?","?","M","?","R","E"],"build_version":"2018-02-12-PROD1","purchased_purges":0,"victory":false,"master_deck":["Strike_R","Strike_R","Strike_R","Strike_R","Strike_R","Defend_R","Defend_R","Defend_R","Defend_R","Twin Strike","Blood for Blood","Whirlwind","Infernal Blade+1","Armaments","Body Slam","Spot Weakness","Seeing Red","Thunderclap","Iron Wave+1","Juggernaut+1","Sword Boomerang","Wild Strike","Reaper","Madness+1","Jack Of All Trades+1"],"max_hp_per_floor":[80,80,80,80,80,80,80,80,80,80,80,80,80,80,80,80,80,80,80,80,80,80,80],"relics":["Burning Blood","Frozen Egg 2","Pen Nib","Letter Opener","Art of War","Toxic Egg 2","Mark of Pain"],"card_choices":[{"not_picked":["Body Slam","Corruption"],"picked":"Twin Strike"},{"not_picked":["Heavy Blade","Shrug It Off"],"picked":"Blood for Blood"},{"not_picked":["Bloodletting","Thunderclap"],"picked":"Whirlwind"},{"not_picked":["Sword Boomerang","Sever Soul"],"picked":"Infernal Blade"},{"not_picked":["Flex","Spot Weakness"],"picked":"Armaments"},{"not_picked":["Offering","Dual Wield"],"picked":"Spot Weakness"},{"not_picked":["Shrug It Off","Burning Pact"],"picked":"Seeing Red"},{"not_picked":["Anger","Burning Pact"],"picked":"Thunderclap"},{"not_picked":["Brutality","Demon Form"],"picked":"Juggernaut"},{"not_picked":["Twin Strike","Warcry"],"picked":"Sword Boomerang"},{"not_picked":["Body Slam","Thunderclap"],"picked":"Wild Strike"},{"not_picked":["Armaments","Warcry"],"picked":"Reaper"}],"player_experience":63002,"potions_floor_usage":[6,6,16,24,24],"damage_taken":[{"damage":11,"enemies":"Blue Slaver","floor":1,"turns":8},{"damage":3,"enemies":"Small Slimes","floor":2,"turns":3},{"damage":1,"enemies":"2 Louse","floor":4,"turns":3},{"damage":9,"enemies":"2 Fungi Beasts","floor":5,"turns":4},{"damage":50,"enemies":"Lagavulin","floor":6,"turns":7},{"damage":0,"enemies":"Red Slaver","floor":10,"turns":1},{"damage":24,"enemies":"3 Sentries","floor":11,"turns":6},{"damage":7,"enemies":"3 Louse","floor":12,"turns":2},{"damage":29,"enemies":"Hexaghost","floor":16,"turns":9},{"damage":5,"enemies":"Shell Parasite","floor":18,"turns":4},{"damage":20,"enemies":"Spheric Guardian","floor":20,"turns":4},{"damage":27,"enemies":"3 Cultists","floor":21,"turns":6},{"damage":57,"enemies":"Gremlin Leader","floor":24,"turns":6}],"event_choices":[{"event_name":"Transmorgrifier","player_choice":"Transform","floor":7,"damage_taken":0},{"event_name":"The Joust","player_choice":"Bet on Murderer","floor":19,"damage_taken":0},{"event_name":"Knowing Skull","player_choice":"CARD CARD ","floor":22,"damage_taken":0}],"boss_relics":[{"not_picked":["Orrery","Black Star"],"picked":"Mark of Pain"}],"potions_floor_spawned":[2,4,6,12,21],"seed_played":"-7607767638511564383","killed_by":"Gremlin Leader","ascension_level":0,"is_trial":false}