{"gold_per_floor":[112,67,17,35,35,67,67,67,90,116,131,161,175,189,189,264,264,277,7,18,38,38,38],"floor_reached":23,"playtime":976,"items_purged":[],"score":389,"play_id":"cd0d8a6a-3a28-44e2-a2f5-39e0406fccf2","local_time":"20190506161814","is_ascension_mode":true,"campfire_choices":[{"data":"Neutralize","floor":7,"key":"SMITH"},{"data":"Bullet Time","floor":15,"key":"SMITH"}],"neow_cost":"NONE","seed_source_timestamp":425811593457565,"circlet_count":0,"master_deck":["AscendersBane","Defend_G","Defend_G","Defend_G","Strike_G","Strike_G","Strike_G","Strike_G","Strike_G","Survivor","Neutralize+1","Backflip","Cloak And Dagger","Dagger Throw","Bullet Time+1","PiercingWail","Terror","Dagger Spray","Dagger Spray","Die Die Die","Noxious Fumes","Deadly Poison","Deadly Poison","Leg Sweep"],"relics":["Ring of the Snake","NeowsBlessing","Oddly Smooth Stone","Happy Flower","Dream Catcher","Pear","Philosopher\u0027s Stone","Meat on the Bone"],"potions_floor_usage":[10,12,16,16,23],"damage_taken":[{"damage":0,"enemies":"Small Slimes","floor":1,"turns":1},{"damage":0,"enemies":"Cultist","floor":4,"turns":1},{"damage":0,"enemies":"Lagavulin","floor":6,"turns":1},{"damage":23,"enemies":"3 Sentries","floor":10,"turns":12},{"damage":2,"enemies":"Jaw Worm","floor":11,"turns":3},{"damage":20,"enemies":"Lagavulin","floor":12,"turns":8},{"damage":0,"enemies":"3 Louse","floor":13,"turns":3},{"damage":0,"enemies":"Exordium Wildlife","floor":14,"turns":4},{"damage":29,"enemies":"The Guardian","floor":16,"turns":16},{"damage":14,"enemies":"Shell Parasite","floor":18,"turns":4},{"damage":15,"enemies":"Spheric Guardian","floor":20,"turns":5},{"damage":14,"enemies":"Shelled Parasite and Fungi","floor":21,"turns":5},{"damage":50,"enemies":"Gremlin Leader","floor":23,"turns":6}],"seed_played":"1454718343913366683","potions_obtained":[{"floor":6,"key":"SpeedPotion"},{"floor":8,"key":"Regen Potion"},{"floor":10,"key":"Poison Potion"},{"floor":12,"key":"Fire Potion"},{"floor":16,"key":"EssenceOfSteel"},{"floor":21,"key":"Weak Potion"}],"is_trial":false,"path_per_floor":["M","$","?","M","?","E","R","?","T","E","M","E","M","M","R","B",null,"M","$","M","M","$","E"],"character_chosen":"THE_SILENT","items_purchased":["Cloak And Dagger","Meat on the Bone","Deadly Poison"],"campfire_rested":0,"item_purchase_floors":[2,19,19],"current_hp_per_floor":[63,63,63,63,56,56,56,56,56,48,46,36,36,36,36,7,62,48,48,45,43,43,0],"gold":38,"neow_bonus":"THREE_ENEMY_KILL","is_prod":false,"is_daily":false,"chose_seed":false,"campfire_upgraded":2,"win_rate":0,"timestamp":1557173894,"path_taken":["M","$","?","M","?","E","R","?","T","E","M","E","M","M","R","BOSS","M","$","?","M","?","E"],"build_version":"2019-01-23","purchased_purges":0,"victory":false,"max_hp_per_floor":[70,70,70,70,70,70,70,70,70,70,70,80,80,80,80,80,80,80,80,80,80,80,80],"card_choices":[{"not_picked":["PiercingWail","Calculated Gamble"],"picked":"Backflip","floor":1},{"not_picked":["Prepared","Distraction","Calculated Gamble"],"picked":"SKIP","floor":4},{"not_picked":["Choke","Outmaneuver"],"picked":"Dagger Throw","floor":6},{"not_picked":["Flying Knee","Acrobatics"],"picked":"Bullet Time","floor":10},{"not_picked":["Deadly Poison","Slice"],"picked":"PiercingWail","floor":11},{"not_picked":["Slice","Flying Knee"],"picked":"Terror","floor":12},{"not_picked":["Backflip","Underhanded Strike"],"picked":"Dagger Spray","floor":13},{"not_picked":["Flying Knee","PiercingWail"],"picked":"Dagger Spray","floor":14},{"not_picked":["Wraith Form v2","Venomology"],"picked":"Die Die Die","floor":16},{"not_picked":["Terror","PiercingWail"],"picked":"Noxious Fumes","floor":18},{"not_picked":["Poisoned Stab","Blade Dance"],"picked":"Deadly Poison","floor":20},{"not_picked":["Dagger Throw","Escape Plan"],"picked":"Leg Sweep","floor":21}],"player_experience":490300,"relics_obtained":[{"floor":6,"key":"Oddly Smooth Stone"},{"floor":9,"key":"Happy Flower"},{"floor":10,"key":"Dream Catcher"},{"floor":12,"key":"Pear"}],"event_choices":[{"cards_removed":["Defend_G"],"damage_healed":0,"gold_gain":0,"player_choice":"Card Removal","damage_taken":0,"max_hp_gain":0,"max_hp_loss":0,"event_name":"The Cleric","floor":3,"gold_loss":50},{"cards_removed":["Defend_G"],"damage_healed":0,"gold_gain":0,"player_choice":"Card Removal","damage_taken":7,"max_hp_gain":0,"max_hp_loss":0,"event_name":"Golden Wing","floor":5,"gold_loss":0},{"damage_healed":0,"gold_gain":0,"player_choice":"Got Potions","damage_taken":0,"max_hp_gain":0,"max_hp_loss":0,"event_name":"Lab","floor":8,"gold_loss":0}],"is_beta":false,"boss_relics":[{"not_picked":["Ectoplasm","Sozu"],"picked":"Philosopher\u0027s Stone"}],"items_purged_floors":[],"is_endless":false,"potions_floor_spawned":[6,10,12,14,16,21],"killed_by":"Gremlin Leader","ascension_level":13}