{"gold_per_floor":[110,110,129,143,143,176,176,187,187,214,214,225,21,33,33,135,135,150,160,160,160,174,205,221,221],"floor_reached":25,"playtime":1000,"items_purged":[],"score":294,"play_id":"ad3cde73-0387-4aae-aef3-3485d0832dc3","local_time":"20180923115827","is_ascension_mode":true,"campfire_choices":[{"floor":7,"key":"REST"},{"data":"Conserve Battery","floor":15,"key":"SMITH"}],"neow_cost":"","seed_source_timestamp":770531039192978,"circlet_count":0,"master_deck":["Strike_B+1","Strike_B+1","Strike_B+1","Strike_B+1","Defend_B+1","Defend_B+1","Defend_B+1","Defend_B+1","Zap+1","Dualcast","Redo","Leap","Ball Lightning","Conserve Battery","Ball Lightning","Compile Driver","Barrage","Conserve Battery+1","Buffer","Glacier+1","Chill","Conserve Battery","Sweeping Beam","Turbo+1"],"relics":["Cracked Core","Mummified Hand","Meat on the Bone","Gremlin Horn","Lee\u0027s Waffle","Busted Crown","Toxic Egg 2"],"potions_floor_usage":[10,16,22,22],"damage_taken":[{"damage":4,"enemies":"Jaw Worm","floor":1,"turns":5},{"damage":0,"enemies":"Cultist","floor":3,"turns":2},{"damage":8,"enemies":"2 Louse","floor":4,"turns":2},{"damage":31,"enemies":"3 Sentries","floor":6,"turns":6},{"damage":7,"enemies":"2 Fungi Beasts","floor":8,"turns":3},{"damage":18,"enemies":"Gremlin Nob","floor":10,"turns":3},{"damage":0,"enemies":"Blue Slaver","floor":12,"turns":3},{"damage":0,"enemies":"Exordium Thugs","floor":14,"turns":3},{"damage":46,"enemies":"The Guardian","floor":16,"turns":11},{"damage":15,"enemies":"Chosen","floor":18,"turns":5},{"damage":11,"enemies":"Spheric Guardian","floor":19,"turns":4},{"damage":0,"enemies":"Snecko","floor":22,"turns":4},{"damage":21,"enemies":"Book of Stabbing","floor":23,"turns":7},{"damage":18,"enemies":"Shelled Parasite and Fungi","floor":24,"turns":6},{"damage":56,"enemies":"Gremlin Leader","floor":25,"turns":8}],"seed_played":"-3915201047197224372","potions_obtained":[{"floor":8,"key":"FocusPotion"},{"floor":10,"key":"Dexterity Potion"},{"floor":12,"key":"Swift Potion"},{"floor":16,"key":"Regen Potion"},{"floor":23,"key":"Swift Potion"}],"is_trial":false,"path_per_floor":["M","?","M","M","?","E","R","M","T","E","?","M","$","M","R","B",null,"M","M","?","?","M","E","M"],"character_chosen":"DEFECT","items_purchased":["Lee\u0027s Waffle"],"campfire_rested":1,"item_purchase_floors":[13],"current_hp_per_floor":[71,71,71,63,63,32,54,47,47,41,41,41,82,82,82,48,74,59,48,48,48,60,51,45,0],"gold":221,"neow_bonus":"","is_prod":false,"is_daily":false,"chose_seed":false,"campfire_upgraded":1,"win_rate":0,"timestamp":1537718307,"path_taken":["M","?","M","M","?","E","R","M","T","E","?","M","$","?","R","BOSS","M","?","?","?","M","E","M","E"],"build_version":"2018-09-20","purchased_purges":0,"victory":false,"max_hp_per_floor":[75,75,75,75,75,75,75,75,75,75,75,75,82,82,82,82,82,82,82,82,82,82,82,82,82],"card_choices":[{"not_picked":["Rebound","Turbo"],"picked":"Redo","floor":1},{"not_picked":["Compile Driver","Heatsinks"],"picked":"Leap","floor":3},{"not_picked":["Stack","Reinforced Body"],"picked":"Ball Lightning","floor":4},{"not_picked":["Leap","Streamline"],"picked":"Conserve Battery","floor":6},{"not_picked":["Sweeping Beam","Cold Snap"],"picked":"Ball Lightning","floor":8},{"not_picked":["Lockon","Steam Power"],"picked":"Hyperbeam","floor":10},{"not_picked":["Consume","Coolheaded"],"picked":"Barrage","floor":12},{"not_picked":["Compile Driver","Heatsinks"],"picked":"Conserve Battery","floor":14},{"not_picked":["Seek","Thunder Strike"],"picked":"Buffer","floor":16},{"not_picked":[],"picked":"Glacier+1","floor":18},{"not_picked":[],"picked":"Chill","floor":19},{"not_picked":[],"picked":"Conserve Battery","floor":22},{"not_picked":[],"picked":"Sweeping Beam","floor":23},{"not_picked":[],"picked":"Turbo+1","floor":24}],"player_experience":180716,"relics_obtained":[{"floor":6,"key":"Mummified Hand"},{"floor":9,"key":"Meat on the Bone"},{"floor":10,"key":"Gremlin Horn"},{"floor":23,"key":"Toxic Egg 2"}],"event_choices":[{"event_name":"Upgrade Shrine","player_choice":"Upgraded","floor":2,"damage_taken":0},{"event_name":"Golden Wing","player_choice":"Ignored","floor":5,"damage_taken":0},{"event_name":"Transmorgrifier","player_choice":"Transform","floor":11,"damage_taken":0},{"event_name":"Ghosts","player_choice":"Ignored","floor":20,"damage_taken":0},{"event_name":"Back to Basics","player_choice":"Simplicity","floor":21,"damage_taken":0}],"is_beta":false,"boss_relics":[{"not_picked":["Pandora\u0027s Box","Nuclear Battery"],"picked":"Busted Crown"}],"items_purged_floors":[],"is_endless":false,"potions_floor_spawned":[8,10,12,16,23],"killed_by":"Gremlin Leader","ascension_level":5}