{"gold_per_floor":[119,133,133,147,72,97,116,116,165,165,165,180,180,180,180,281,281,297,297,316,332,349,349],"floor_reached":23,"playtime":1049,"items_purged":["Strike_B"],"score":241,"play_id":"87ee6d31-c8ed-4471-980d-33b392a12df9","local_time":"20181102185632","is_ascension_mode":true,"campfire_choices":[{"floor":8,"key":"REST"},{"data":"Beam Cell","floor":10,"key":"SMITH"},{"floor":13,"key":"REST"},{"data":"Streamline","floor":15,"key":"SMITH"}],"neow_cost":"NONE","seed_source_timestamp":8116759922897,"circlet_count":0,"master_deck":["Strike_B","Defend_B","Defend_B","Defend_B","Zap","Dualcast","Coolheaded","Scrape","Streamline+1","Beam Cell+1","All For One","Storm"],"relics":["Cracked Core","Blue Candle","Bag of Preparation","Nuclear Battery"],"potions_floor_usage":[7,16],"damage_taken":[{"damage":1,"enemies":"Small Slimes","floor":1,"turns":4},{"damage":0,"enemies":"Cultist","floor":2,"turns":4},{"damage":9,"enemies":"Jaw Worm","floor":4,"turns":5},{"damage":40,"enemies":"3 Sentries","floor":6,"turns":8},{"damage":27,"enemies":"Large Slime","floor":7,"turns":9},{"damage":0,"enemies":"3 Louse","floor":12,"turns":3},{"damage":46,"enemies":"Hexaghost","floor":16,"turns":9},{"damage":4,"enemies":"Spheric Guardian","floor":18,"turns":3},{"damage":2,"enemies":"Chosen","floor":20,"turns":3},{"damage":13,"enemies":"Snecko","floor":21,"turns":3},{"damage":32,"enemies":"Centurion and Healer","floor":22,"turns":5},{"damage":8,"enemies":"Slavers","floor":23,"turns":1}],"seed_played":"6860541376111708712","potions_obtained":[{"floor":4,"key":"Regen Potion"},{"floor":7,"key":"SkillPotion"},{"floor":12,"key":"Dexterity Potion"},{"floor":16,"key":"SpeedPotion"},{"floor":20,"key":"FearPotion"}],"is_trial":false,"path_per_floor":["M","M","?","M","$","E","M","R","T","R","?","M","R","?","R","B",null,"M","?","M","M","M","E"],"character_chosen":"DEFECT","items_purchased":[],"campfire_rested":2,"item_purchase_floors":[],"current_hp_per_floor":[74,74,74,65,65,25,10,32,32,32,32,32,54,54,54,8,58,54,54,52,39,7,0],"gold":349,"neow_bonus":"TRANSFORM_CARD","is_prod":false,"is_daily":false,"chose_seed":false,"campfire_upgraded":2,"win_rate":0,"timestamp":1541195792,"path_taken":["M","M","?","M","$","E","?","R","T","R","?","M","R","?","R","BOSS","M","?","M","?","M","E"],"build_version":"2018-11-01","purchased_purges":1,"victory":false,"max_hp_per_floor":[75,75,75,75,75,75,75,75,75,75,75,75,75,75,75,75,75,75,75,75,75,75,75],"card_choices":[{"not_picked":["Coolheaded","Leap"],"picked":"Scrape","floor":1},{"not_picked":["Rebound","Double Energy","Hologram"],"picked":"SKIP","floor":2},{"not_picked":["Static Discharge","Doom and Gloom"],"picked":"Streamline","floor":4},{"not_picked":["Conserve Battery","Hello World","Ball Lightning"],"picked":"SKIP","floor":6},{"not_picked":["Heatsinks","Fission"],"picked":"Beam Cell","floor":7},{"not_picked":["Sunder","Stack","Conserve Battery"],"picked":"SKIP","floor":12},{"not_picked":["Meteor Strike","Reboot"],"picked":"All For One","floor":16},{"not_picked":["Leap","Hologram","Cold Snap+1"],"picked":"SKIP","floor":18},{"not_picked":["Steam Power","Barrage+1","Storm+1"],"picked":"SKIP","floor":20},{"not_picked":["Reinforced Body","Storm+1","Barrage"],"picked":"SKIP","floor":21},{"not_picked":["Hologram","Rebound","Reprogram+1"],"picked":"SKIP","floor":22}],"player_experience":262562,"relics_obtained":[{"floor":6,"key":"Blue Candle"},{"floor":9,"key":"Bag of Preparation"}],"event_choices":[{"damage_healed":0,"gold_gain":0,"player_choice":"0 cards matched","damage_taken":0,"max_hp_gain":0,"max_hp_loss":0,"event_name":"Match and Keep!","floor":3,"gold_loss":0,"cards_obtained":[]},{"damage_healed":0,"gold_gain":0,"player_choice":"Fled","damage_taken":0,"max_hp_gain":0,"max_hp_loss":0,"event_name":"Scrap Ooze","floor":11,"gold_loss":0},{"cards_removed":["Defend_B"],"damage_healed":0,"gold_gain":0,"player_choice":"Forget","damage_taken":0,"max_hp_gain":0,"max_hp_loss":0,"event_name":"Living Wall","floor":14,"gold_loss":0},{"damage_healed":0,"gold_gain":0,"cards_transformed":["Strike_B"],"player_choice":"Transformed","damage_taken":0,"max_hp_gain":0,"max_hp_loss":0,"event_name":"Transmorgrifier","floor":19,"gold_loss":0,"cards_obtained":["Storm"]}],"is_beta":false,"boss_relics":[{"not_picked":["Pandora\u0027s Box","Calling Bell"],"picked":"Nuclear Battery"}],"items_purged_floors":[5],"is_endless":false,"potions_floor_spawned":[4,7,12,16,20],"killed_by":"Slavers","ascension_level":5}