{"gold_per_floor":[115,190,190,42,42,69,69,102,153,153,153,60,70,70,70,174,224,237,253,264,15,25,35,35,35,60,71,71,101,101,114,114,114],"floor_reached":33,"playtime":2260,"items_purged":["Doppelganger","Strike_G"],"score":272,"play_id":"ea86d4b6-1401-4573-a506-55481730198f","local_time":"20190116011218","is_ascension_mode":false,"campfire_choices":[{"floor":7.0,"key":"REST"},{"floor":11.0,"key":"REST"},{"floor":15.0,"key":"REST"},{"floor":30.0,"key":"REST"},{"floor":32,"key":"REST"}],"neow_cost":"NONE","seed_source_timestamp":0,"circlet_count":0,"master_deck":["Defend_G+1","Defend_G+1","Defend_G","Strike_G+1","Strike_G+1","Strike_G+1","Strike_G","Survivor","Neutralize","Leg Sweep","Terror+1","Sucker Punch","Flying Knee","Backstab","Blade Dance","Dagger Throw","Bullet Time","Flying Knee","Flying Knee","Underhanded Strike+1","Bouncing Flask","Noxious Fumes","Prepared","Underhanded Strike","Dagger Spray","Dagger Throw+1"],"special_seed":0,"relics":["Ring of the Snake","Vajra","Gambling Chip","Whetstone","Tiny House","Pen Nib","Letter Opener","Nunchaku","Regal Pillow","Spirit Poop","Art of War"],"potions_floor_usage":[33,33],"damage_taken":[{"damage":7.0,"enemies":"Small Slimes","floor":1.0,"turns":5.0},{"damage":16.0,"enemies":"Lagavulin","floor":6.0,"turns":10.0},{"damage":33.0,"enemies":"3 Sentries","floor":8.0,"turns":11.0},{"damage":0.0,"enemies":"2 Louse","floor":13.0,"turns":1.0},{"damage":6.0,"enemies":"Hexaghost","floor":16.0,"turns":6.0},{"damage":0.0,"enemies":"Spheric Guardian","floor":18.0,"turns":3.0},{"damage":0.0,"enemies":"Chosen","floor":19.0,"turns":4.0},{"damage":22.0,"enemies":"Sentry and Sphere","floor":20.0,"turns":6.0},{"damage":4.0,"enemies":"Snake Plant","floor":22.0,"turns":4.0},{"damage":18.0,"enemies":"Cultist and Chosen","floor":23.0,"turns":5.0},{"damage":0.0,"enemies":"Chosen and Byrds","floor":27.0,"turns":4.0},{"damage":7.0,"enemies":"Book of Stabbing","floor":29.0,"turns":5.0},{"damage":33.0,"enemies":"Shelled Parasite and Fungi","floor":31.0,"turns":5.0},{"damage":80,"enemies":"Champ","floor":33,"turns":9}],"seed_played":"-6462094176577876143","potions_obtained":[{"floor":6.0,"key":"Strength Potion"},{"floor":8.0,"key":"EssenceOfSteel"},{"floor":13.0,"key":"Block Potion"},{"floor":16.0,"key":"Dexterity Potion"},{"floor":17.0,"key":"AttackPotion"},{"floor":19.0,"key":"FearPotion"},{"floor":23.0,"key":"PowerPotion"},{"floor":27.0,"key":"Energy Potion"}],"is_trial":false,"path_per_floor":["M","?","?","$","?","E","R","E","T","?","R","$","M","?","R","B",null,"M","M","M","$","M","M","?","?","T","M","?","E","R","M","R","B"],"character_chosen":"THE_SILENT","items_purchased":["Terror","Backstab","Blade Dance","Pen Nib"],"campfire_rested":5,"item_purchase_floors":[4,12,12,21],"current_hp_per_floor":[63,52,45,45,45,29,50,17,17,17,38,38,38,24,45,39,75,75,75,53,53,49,31,31,31,31,31,31,24,61,28,65,0],"gold":114,"neow_bonus":"ONE_RANDOM_RARE_CARD","is_prod":false,"is_daily":false,"chose_seed":false,"campfire_upgraded":0,"win_rate":0.0,"timestamp":1547619138,"path_taken":["M","?","?","$","?","E","R","E","T","?","R","$","?","?","R","BOSS","M","M","M","$","M","M","?","?","T","M","?","E","R","?","R","BOSS"],"build_version":"2019-01-10","purchased_purges":2,"victory":false,"max_hp_per_floor":[70,70,70,70,70,70,70,70,70,70,70,70,70,70,70,70,75,75,75,75,75,75,75,75,75,75,75,75,75,75,75,75,75],"card_choices":[{"not_picked":["Acrobatics","Blur"],"picked":"Leg Sweep","floor":1.0},{"not_picked":["Deadly Poison","Slice"],"picked":"Sucker Punch","floor":6.0},{"not_picked":["Well Laid Plans","Sucker Punch"],"picked":"Flying Knee","floor":8.0},{"not_picked":["Prepared","Footwork"],"picked":"Dagger Throw","floor":13.0},{"not_picked":["Envenom","Adrenaline"],"picked":"Bullet Time","floor":16.0},{"not_picked":["Deflect","Acrobatics"],"picked":"Flying Knee","floor":17.0},{"not_picked":["Blade Dance","Sucker Punch"],"picked":"Flying Knee","floor":18.0},{"not_picked":["All Out Attack+1","Backstab"],"picked":"Underhanded Strike+1","floor":19.0},{"not_picked":["Quick Slash","Dodge and Roll"],"picked":"Bouncing Flask","floor":20.0},{"not_picked":["Eviscerate","Slice"],"picked":"Noxious Fumes","floor":22.0},{"not_picked":["Accuracy","Phantasmal Killer"],"picked":"Prepared","floor":23.0},{"not_picked":["Deflect+1","Crippling Poison"],"picked":"Underhanded Strike","floor":27.0},{"not_picked":["Catalyst","Outmaneuver+1"],"picked":"Dagger Spray","floor":29.0},{"not_picked":["Accuracy+1","Venomology"],"picked":"Dagger Throw+1","floor":31.0}],"player_experience":29469,"relics_obtained":[{"floor":6.0,"key":"Vajra"},{"floor":8.0,"key":"Gambling Chip"},{"floor":9.0,"key":"Whetstone"},{"floor":26.0,"key":"Regal Pillow"},{"floor":29.0,"key":"Art of War"}],"event_choices":[{"damage_healed":0.0,"max_hp_gain":0.0,"max_hp_loss":0.0,"gold_gain":75.0,"event_name":"World of Goop","player_choice":"Gather Gold","floor":2.0,"gold_loss":0.0,"damage_taken":11.0},{"cards_removed":["Defend_G"],"damage_healed":0.0,"max_hp_gain":0.0,"max_hp_loss":0.0,"gold_gain":0.0,"event_name":"Golden Wing","player_choice":"Card Removal","floor":3.0,"gold_loss":0.0,"damage_taken":7.0},{"cards_removed":["Defend_G"],"damage_healed":0.0,"max_hp_gain":0.0,"max_hp_loss":0.0,"gold_gain":0.0,"event_name":"Living Wall","player_choice":"Forget","floor":5.0,"gold_loss":0.0,"damage_taken":0.0},{"damage_healed":0.0,"max_hp_gain":0.0,"max_hp_loss":0.0,"gold_gain":0.0,"event_name":"Accursed Blacksmith","player_choice":"Forge","floor":10.0,"gold_loss":0.0,"damage_taken":0.0,"cards_upgraded":["Terror"]},{"damage_healed":0.0,"max_hp_gain":0.0,"max_hp_loss":0.0,"gold_gain":0.0,"event_name":"Shining Light","player_choice":"Entered Light","floor":14.0,"gold_loss":0.0,"damage_taken":14.0,"cards_upgraded":["Defend_G","Defend_G"]},{"damage_healed":0.0,"max_hp_gain":0.0,"max_hp_loss":0.0,"gold_gain":0.0,"event_name":"The Mausoleum","player_choice":"Opened","floor":24.0,"gold_loss":0.0,"damage_taken":0.0,"relics_obtained":["Letter Opener"]},{"damage_healed":0.0,"max_hp_gain":0.0,"max_hp_loss":0.0,"gold_gain":0.0,"event_name":"Addict","player_choice":"Stole Relic","floor":25.0,"gold_loss":0.0,"damage_taken":0.0,"relics_obtained":["Nunchaku"],"cards_obtained":["Shame"]},{"cards_removed":["Shame"],"damage_healed":0.0,"max_hp_gain":0.0,"max_hp_loss":0.0,"gold_gain":0.0,"event_name":"Bonfire Elementals","player_choice":"Offered Curse","floor":28.0,"gold_loss":0.0,"damage_taken":0.0,"relics_obtained":["Spirit Poop"]}],"is_beta":false,"boss_relics":[{"not_picked":["Orrery","Philosopher\u0027s Stone"],"picked":"Tiny House"}],"items_purged_floors":[4,21],"is_endless":false,"potions_floor_spawned":[6,8,13,16,19,23,27],"killed_by":"Champ","ascension_level":0}