{"gold_per_floor":[115,115,115,135,149,178,103,123,174,174,191,225,225,244,244,244],"floor_reached":16,"playtime":675,"items_purged":["Strike_G"],"score":213,"play_id":"b1490170-2bbc-4d4e-9e50-db671d2fc7d3","local_time":"20190612153424","is_ascension_mode":true,"campfire_choices":[{"floor":10,"key":"REST"},{"floor":13,"key":"REST"},{"floor":15,"key":"REST"}],"neow_cost":"NONE","seed_source_timestamp":43348533995727,"circlet_count":0,"master_deck":["AscendersBane","Defend_G","Defend_G","Defend_G+1","Defend_G","Defend_G","Strike_G","Strike_G","Strike_G","Strike_G+1","Survivor","Neutralize+1","Dagger Spray","Dash","Dash","PiercingWail","Poisoned Stab","Footwork","Quick Slash"],"relics":["Ring of the Snake","Pantograph","Anchor","Orichalcum"],"potions_floor_usage":[6,8,12],"damage_taken":[{"damage":2,"enemies":"2 Louse","floor":1,"turns":3},{"damage":4,"enemies":"Jaw Worm","floor":4,"turns":5},{"damage":0,"enemies":"Cultist","floor":5,"turns":4},{"damage":36,"enemies":"Lagavulin","floor":6,"turns":9},{"damage":1,"enemies":"Looter","floor":8,"turns":3},{"damage":3,"enemies":"Large Slime","floor":11,"turns":7},{"damage":44,"enemies":"Gremlin Nob","floor":12,"turns":6},{"damage":2,"enemies":"Exordium Thugs","floor":14,"turns":5},{"damage":69,"enemies":"Hexaghost","floor":16,"turns":16}],"seed_played":"4931710332029228852","potions_obtained":[{"floor":1,"key":"Regen Potion"},{"floor":4,"key":"Fire Potion"},{"floor":6,"key":"Poison Potion"},{"floor":14,"key":"EssenceOfSteel"}],"is_trial":false,"path_per_floor":["M","?","?","M","M","E","$","M","T","R","M","E","R","M","R","B"],"character_chosen":"THE_SILENT","items_purchased":[],"campfire_rested":3,"item_purchase_floors":[],"current_hp_per_floor":[57,37,59,55,55,19,19,18,18,37,34,5,24,22,41,0],"gold":244,"neow_bonus":"UPGRADE_CARD","is_prod":false,"is_daily":false,"chose_seed":false,"campfire_upgraded":0,"win_rate":0,"timestamp":1560368064,"path_taken":["M","?","?","M","M","E","$","M","T","R","M","E","R","M","R","BOSS"],"build_version":"2019-01-23","purchased_purges":1,"victory":false,"max_hp_per_floor":[66,66,66,66,66,66,66,66,66,66,66,66,66,66,66,66],"card_choices":[{"not_picked":["Riddle With Holes","Flechettes","Blur"],"picked":"SKIP","floor":1},{"not_picked":["Reflex","Accuracy"],"picked":"Dagger Spray","floor":4},{"not_picked":["Setup","Flying Knee"],"picked":"Dash","floor":5},{"not_picked":["Blade Dance","Deflect"],"picked":"Dash","floor":6},{"not_picked":["Accuracy","Well Laid Plans"],"picked":"PiercingWail","floor":8},{"not_picked":["Flying Knee","Heel Hook"],"picked":"Poisoned Stab","floor":11},{"not_picked":["Sucker Punch","Deflect"],"picked":"Footwork","floor":12},{"not_picked":["Doppelganger","Blur"],"picked":"Quick Slash","floor":14}],"player_experience":809917,"relics_obtained":[{"floor":6,"key":"Pantograph"},{"floor":9,"key":"Anchor"},{"floor":12,"key":"Orichalcum"}],"event_choices":[{"damage_healed":0,"gold_gain":0,"player_choice":"Entered Light","damage_taken":20,"max_hp_gain":0,"max_hp_loss":0,"event_name":"Shining Light","floor":2,"gold_loss":0,"cards_upgraded":["Defend_G","Strike_G"]},{"damage_healed":22,"gold_gain":0,"player_choice":"Banana","damage_taken":0,"max_hp_gain":0,"max_hp_loss":0,"event_name":"Big Fish","floor":3,"gold_loss":0}],"is_beta":false,"boss_relics":[],"items_purged_floors":[7],"is_endless":false,"potions_floor_spawned":[1,4,6,14],"killed_by":"Hexaghost","ascension_level":18}