{"gold_per_floor":[366,89,25,25,39,39,50,50,74,74,89,115,132,143,143,143],"floor_reached":16,"playtime":559,"items_purged":["Parasite"],"score":128,"play_id":"af9e5954-8d7b-4573-8e19-658510983fa7","local_time":"20181102182253","is_ascension_mode":true,"campfire_choices":[{"data":"Dualcast","floor":6,"key":"SMITH"},{"data":"Zap","floor":8,"key":"SMITH"},{"data":"Gash","floor":10,"key":"SMITH"},{"floor":15,"key":"REST"}],"neow_cost":"CURSE","seed_source_timestamp":6590410752443,"circlet_count":0,"master_deck":["Strike_B","Strike_B","Strike_B","Strike_B","Defend_B","Defend_B","Defend_B","Defend_B","Zap+1","Dualcast+1","Gash+1"],"relics":["Cracked Core","Potion Belt","Cables","Bag of Preparation","Orichalcum"],"potions_floor_usage":[11,11,11,16],"damage_taken":[{"damage":7,"enemies":"Small Slimes","floor":1,"turns":3},{"damage":0,"enemies":"Cultist","floor":5,"turns":3},{"damage":0,"enemies":"2 Louse","floor":7,"turns":2},{"damage":9,"enemies":"Exordium Thugs","floor":11,"turns":4},{"damage":20,"enemies":"3 Sentries","floor":12,"turns":6},{"damage":10,"enemies":"3 Louse","floor":13,"turns":3},{"damage":11,"enemies":"Blue Slaver","floor":14,"turns":3},{"damage":50,"enemies":"The Guardian","floor":16,"turns":13}],"seed_played":"7524843086832582630","potions_obtained":[{"floor":1,"key":"Block Potion"},{"floor":11,"key":"Fruit Juice"},{"floor":12,"key":"Weak Potion"},{"floor":13,"key":"Ancient Potion"}],"is_trial":false,"path_per_floor":["M","$","?","$","M","R","M","R","T","R","M","E","M","M","R","B"],"character_chosen":"DEFECT","items_purchased":["Potion Belt","Block Potion"],"campfire_rested":1,"item_purchase_floors":[2,2],"current_hp_per_floor":[68,68,68,68,68,68,68,68,68,68,64,44,34,23,46,0],"gold":143,"neow_bonus":"TWO_FIFTY_GOLD","is_prod":false,"is_daily":false,"chose_seed":false,"campfire_upgraded":3,"win_rate":0,"timestamp":1541193773,"path_taken":["M","$","?","?","?","R","M","R","T","R","?","E","M","M","R","BOSS"],"build_version":"2018-11-01","purchased_purges":1,"victory":false,"max_hp_per_floor":[75,72,72,72,72,72,72,72,72,72,77,77,77,77,77,77],"card_choices":[{"not_picked":["Defragment","Sunder","Sweeping Beam"],"picked":"SKIP","floor":1},{"not_picked":["Recycle","Beam Cell"],"picked":"Gash","floor":5},{"not_picked":["Turbo","Coolheaded","Hologram"],"picked":"SKIP","floor":7},{"not_picked":["Recycle","Coolheaded","Chill"],"picked":"SKIP","floor":11},{"not_picked":["Cold Snap","Seek","Static Discharge"],"picked":"SKIP","floor":12},{"not_picked":["Cold Snap","Seek","Static Discharge"],"picked":"SKIP","floor":12},{"not_picked":["Hologram","Conserve Battery","Doom and Gloom"],"picked":"SKIP","floor":13},{"not_picked":["Turbo","Leap","Chaos"],"picked":"SKIP","floor":14}],"player_experience":261104,"relics_obtained":[{"floor":9,"key":"Bag of Preparation"},{"floor":12,"key":"Orichalcum"}],"event_choices":[{"damage_healed":0,"gold_gain":0,"player_choice":"Paid Gold","damage_taken":0,"relics_obtained":["Cables"],"max_hp_gain":0,"max_hp_loss":0,"event_name":"WeMeetAgain","floor":3,"gold_loss":64}],"is_beta":false,"boss_relics":[],"items_purged_floors":[2],"is_endless":false,"potions_floor_spawned":[1,11,12,13],"killed_by":"The Guardian","ascension_level":5}