{"gold_per_floor":[99,99,99,119,119,162,162,33,33,53,53,86,104,104,104,224,224,247,260,260,274,117,117],"floor_reached":23,"playtime":776,"items_purged":[],"score":229,"play_id":"4777ce72-1657-414b-87dc-1a43756539ec","local_time":"20180920220428","is_ascension_mode":true,"campfire_choices":[{"floor":7,"key":"REST"},{"floor":11,"key":"REST"},{"floor":15,"key":"REST"}],"neow_cost":"PERCENT_DAMAGE","seed_source_timestamp":547917868962793,"circlet_count":0,"master_deck":["Strike_B","Strike_B","Strike_B","Strike_B","Defend_B","Defend_B","Zap","Dualcast","Electrodynamics","Double Energy","Stack","Conserve Battery","Undo","Conserve Battery","Sunder","Heatsinks","Genetic Algorithm","Static Discharge","Regret","Storm","Buffer+1","Self Repair","Barrage","Redo+1","Self Repair","BootSequence"],"relics":["Cracked Core","Golden Idol","GremlinMask","Dream Catcher","PreservedInsect","Shuriken","Girya","Gremlin Horn","Fusion Hammer"],"potions_floor_usage":[16,16,16,23],"damage_taken":[{"damage":0,"enemies":"Small Slimes","floor":1,"turns":2},{"damage":0,"enemies":"2 Louse","floor":4,"turns":1},{"damage":38,"enemies":"Lagavulin","floor":6,"turns":7},{"damage":0,"enemies":"Cultist","floor":10,"turns":3},{"damage":3,"enemies":"3 Sentries","floor":12,"turns":3},{"damage":1,"enemies":"Looter","floor":13,"turns":4},{"damage":67,"enemies":"Hexaghost","floor":16,"turns":10},{"damage":20,"enemies":"Chosen","floor":18,"turns":6},{"damage":17,"enemies":"Spheric Guardian","floor":19,"turns":4},{"damage":41,"enemies":"Centurion and Healer","floor":21,"turns":8},{"damage":24,"enemies":"Book of Stabbing","floor":23,"turns":3}],"seed_played":"3459512551370938082","potions_obtained":[{"floor":10,"key":"EssenceOfSteel"},{"floor":12,"key":"Ancient Potion"},{"floor":13,"key":"Fire Potion"},{"floor":21,"key":"GamblersBrew"}],"is_trial":false,"path_per_floor":["M","?","?","M","?","E","R","?","T","M","R","E","M","?","R","B",null,"M","M","?","M","$"],"character_chosen":"DEFECT","items_purchased":["Self Repair","BootSequence"],"campfire_rested":3,"item_purchase_floors":[22,22],"current_hp_per_floor":[54,54,54,54,54,16,38,38,38,38,60,57,56,56,75,8,75,55,45,45,11,11,0],"gold":117,"neow_bonus":"TRANSFORM_TWO_CARDS","is_prod":false,"is_daily":false,"chose_seed":false,"campfire_upgraded":0,"win_rate":0,"timestamp":1537495468,"path_taken":["M","?","?","M","?","E","R","?","T","?","R","E","M","?","R","BOSS","M","M","?","?","$","E"],"build_version":"2018-09-20","purchased_purges":0,"victory":false,"max_hp_per_floor":[75,75,75,75,75,75,75,75,75,75,75,75,75,75,75,75,75,75,75,75,75,75,75],"card_choices":[{"not_picked":["Compile Driver","Steam"],"picked":"Stack","floor":1},{"not_picked":["Ball Lightning","Chill"],"picked":"Conserve Battery","floor":4},{"not_picked":["Barrage","Reboot"],"picked":"Undo","floor":6},{"not_picked":["Cold Snap","FTL"],"picked":"Conserve Battery","floor":7},{"not_picked":["Steam","Ball Lightning"],"picked":"Sunder","floor":10},{"not_picked":["Compile Driver","Leap"],"picked":"Heatsinks","floor":11},{"not_picked":["Gash","FTL"],"picked":"Genetic Algorithm","floor":12},{"not_picked":["Melter","Cold Snap"],"picked":"Static Discharge","floor":13},{"not_picked":["Barrage","Darkness"],"picked":"Storm","floor":15},{"not_picked":["Biased Cognition","Electrodynamics"],"picked":"Buffer","floor":16},{"not_picked":["Streamline","Turbo"],"picked":"Self Repair","floor":18},{"not_picked":["Blizzard+1","Steam"],"picked":"Barrage","floor":19},{"not_picked":["Genetic Algorithm","Go for the Eyes"],"picked":"Redo+1","floor":21}],"player_experience":156248,"relics_obtained":[{"floor":6,"key":"Dream Catcher"},{"floor":9,"key":"Shuriken"},{"floor":12,"key":"Girya"}],"event_choices":[{"event_name":"Golden Idol","player_choice":"Take Wound","floor":2,"damage_taken":0},{"event_name":"Living Wall","player_choice":"Forget","floor":3,"damage_taken":0},{"event_name":"FaceTrader","player_choice":"Trade","floor":5,"damage_taken":0},{"event_name":"WeMeetAgain","player_choice":"Gold","floor":8,"damage_taken":0},{"event_name":"Big Fish","player_choice":"Box","floor":14,"damage_taken":0},{"event_name":"Upgrade Shrine","player_choice":"Upgraded","floor":20,"damage_taken":0}],"is_beta":false,"boss_relics":[{"not_picked":["Pandora\u0027s Box","Nuclear Battery"],"picked":"Fusion Hammer"}],"items_purged_floors":[],"is_endless":false,"potions_floor_spawned":[10,12,13,21],"killed_by":"Book of Stabbing","ascension_level":3}