{"gold_per_floor":[109,109,127,144,69,69,99,116,116,116,128,128,141,167,167,242,242,167,167,167,46,46,46,46,46,46,46,46,46,46,46,46,46,46,46,46,46,46,46,46,46,46,46,46,46,46,46,46,46,46],"floor_reached":51,"playtime":5129,"items_purged":["Strike_G"],"score":1197,"play_id":"1db35a6f-7f17-4ae2-8217-946a6dca0228","local_time":"20190616090602","is_ascension_mode":true,"campfire_choices":[{"data":"Poisoned Stab","floor":6,"key":"SMITH"},{"data":"Leg Sweep","floor":10,"key":"SMITH"},{"data":"Survivor","floor":12,"key":"SMITH"},{"floor":15,"key":"REST"},{"data":"Backflip","floor":25,"key":"SMITH"},{"data":"Footwork","floor":30,"key":"SMITH"},{"data":"Blur","floor":32,"key":"SMITH"},{"data":"Adrenaline","floor":40,"key":"SMITH"},{"data":"Cloak And Dagger","floor":42,"key":"SMITH"},{"data":"Backflip","floor":46,"key":"SMITH"},{"floor":49,"key":"REST"}],"neow_cost":"NONE","seed_source_timestamp":309701323050587,"circlet_count":0,"master_deck":["AscendersBane","Defend_G+1","Defend_G+1","Defend_G+1","Defend_G+1","Strike_G+1","Strike_G+1","Survivor+1","Neutralize","Poisoned Stab+1","All Out Attack","Well Laid Plans","Leg Sweep+1","Escape Plan","Footwork+1","Backflip+1","Unload","Cloak And Dagger+1","Skewer+1","Backflip+1","Blur+1","Terror+1","Adrenaline+1","Cloak And Dagger+1","After Image+1","Storm of Steel+1","Dagger Spray+1","Calculated Gamble+1","Adrenaline"],"relics":["Ring of the Snake","Bag of Marbles","Blood Vial","Tingsha","The Courier","Art of War","Ectoplasm","Pen Nib","Bag of Preparation","Bronze Scales","Astrolabe","Prayer Wheel","Orichalcum","Shuriken","Nunchaku"],"potions_floor_usage":[7,14,23,23,33,33,36,50,50],"damage_taken":[{"damage":0,"enemies":"Small Slimes","floor":1,"turns":4},{"damage":0,"enemies":"Cultist","floor":3,"turns":4},{"damage":0,"enemies":"2 Louse","floor":4,"turns":5},{"damage":39,"enemies":"Lagavulin","floor":7,"turns":7},{"damage":8,"enemies":"Blue Slaver","floor":8,"turns":4},{"damage":0,"enemies":"3 Louse","floor":11,"turns":3},{"damage":0,"enemies":"Looter","floor":13,"turns":3},{"damage":11,"enemies":"Gremlin Nob","floor":14,"turns":5},{"damage":1,"enemies":"The Guardian","floor":16,"turns":13},{"damage":19,"enemies":"2 Thieves","floor":18,"turns":5},{"damage":0,"enemies":"Spheric Guardian","floor":22,"turns":6},{"damage":18,"enemies":"Slavers","floor":23,"turns":5},{"damage":0,"enemies":"Centurion and Healer","floor":24,"turns":5},{"damage":0,"enemies":"Snake Plant","floor":27,"turns":3},{"damage":5,"enemies":"Chosen and Byrds","floor":28,"turns":4},{"damage":1,"enemies":"Cultist and Chosen","floor":29,"turns":6},{"damage":0,"enemies":"Snake Plant","floor":31,"turns":2},{"damage":29,"enemies":"Champ","floor":33,"turns":11},{"damage":0,"enemies":"Orb Walker","floor":35,"turns":3},{"damage":12,"enemies":"2 Orb Walkers","floor":36,"turns":6},{"damage":1,"enemies":"3 Darklings","floor":39,"turns":3},{"damage":6,"enemies":"Maw","floor":41,"turns":7},{"damage":10,"enemies":"4 Shapes","floor":47,"turns":3},{"damage":0,"enemies":"Nemesis","floor":48,"turns":5},{"damage":15,"enemies":"Donu and Deca","floor":50,"turns":10}],"seed_played":"1269676658459959676","potions_obtained":[{"floor":4,"key":"Block Potion"},{"floor":7,"key":"Ancient Potion"},{"floor":8,"key":"EssenceOfSteel"},{"floor":14,"key":"Weak Potion"},{"floor":22,"key":"LiquidBronze"},{"floor":29,"key":"EssenceOfSteel"},{"floor":31,"key":"Strength Potion"},{"floor":33,"key":"Explosive Potion"},{"floor":36,"key":"PowerPotion"},{"floor":39,"key":"Explosive Potion"}],"is_trial":false,"path_per_floor":["M","?","M","M","$","R","E","M","T","R","M","R","M","E","R","B",null,"M","?","?","$","M","E","M","R","T","M","M","M","R","M","R","B",null,"M","?","?","$","M","R","M","R","T","?","T","R","M","E","R","B",null],"character_chosen":"THE_SILENT","items_purchased":["Pen Nib"],"campfire_rested":2,"item_purchase_floors":[21],"current_hp_per_floor":[59,59,61,63,63,63,26,20,20,20,22,22,24,15,34,35,58,41,41,41,41,43,27,29,29,29,31,28,29,29,31,31,4,51,53,43,43,43,44,44,40,40,40,40,40,40,32,34,52,39],"gold":46,"neow_bonus":"RANDOM_COMMON_RELIC","is_prod":false,"is_daily":false,"chose_seed":false,"campfire_upgraded":9,"win_rate":0,"timestamp":1560647162,"path_taken":["M","?","M","M","$","R","E","M","T","R","M","R","?","E","R","BOSS","M","?","?","$","M","E","M","R","T","M","M","M","R","M","R","BOSS","M","?","?","?","M","R","M","R","T","?","?","R","M","E","R","BOSS"],"build_version":"2019-01-23","purchased_purges":1,"victory":true,"max_hp_per_floor":[66,66,66,66,66,66,66,66,66,66,66,66,66,66,66,66,66,66,66,66,66,66,66,66,66,66,66,66,66,66,66,66,66,66,66,66,66,66,66,66,66,66,66,63,63,63,63,63,63,63],"card_choices":[{"not_picked":["Quick Slash","Choke"],"picked":"Cloak And Dagger","floor":1},{"not_picked":["Bane","Sucker Punch"],"picked":"Poisoned Stab","floor":3},{"not_picked":["Acrobatics","Quick Slash"],"picked":"All Out Attack","floor":4},{"not_picked":["Heel Hook","Glass Knife"],"picked":"Well Laid Plans","floor":7},{"not_picked":["Blade Dance","PiercingWail"],"picked":"Leg Sweep","floor":8},{"not_picked":["Blade Dance","Bane"],"picked":"Escape Plan","floor":11},{"not_picked":["Blade Dance","Acrobatics"],"picked":"Footwork","floor":13},{"not_picked":["Dodge and Roll","Reflex"],"picked":"Backflip","floor":14},{"not_picked":["Grand Finale","Tools of the Trade"],"picked":"Unload","floor":16},{"not_picked":["Outmaneuver","Poisoned Stab"],"picked":"Cloak And Dagger","floor":18},{"not_picked":["Bane","All Out Attack"],"picked":"Skewer+1","floor":22},{"not_picked":["Grand Finale","Deadly Poison"],"picked":"Dodge and Roll","floor":23},{"not_picked":["Dagger Throw","Sucker Punch"],"picked":"Backflip","floor":24},{"not_picked":["Deadly Poison","Predator","Prepared"],"picked":"SKIP","floor":27},{"not_picked":["Burst","Poisoned Stab"],"picked":"Blur","floor":28},{"not_picked":["Underhanded Strike","Dagger Throw","Heel Hook"],"picked":"SKIP","floor":29},{"not_picked":["Cloak And Dagger","Dodge and Roll"],"picked":"Terror+1","floor":31},{"not_picked":["Wraith Form v2","Doppelganger"],"picked":"Adrenaline","floor":33},{"not_picked":["Underhanded Strike","Flying Knee+1","Dagger Spray"],"picked":"SKIP","floor":35},{"not_picked":["Catalyst","Underhanded Strike"],"picked":"Dagger Spray+1","floor":36},{"not_picked":["Dagger Throw","Acrobatics+1"],"picked":"Calculated Gamble+1","floor":39},{"not_picked":["Sucker Punch","Outmaneuver","Blade Dance"],"picked":"SKIP","floor":39},{"not_picked":["Underhanded Strike+1","Riddle With Holes","PiercingWail"],"picked":"SKIP","floor":41},{"not_picked":["Acrobatics","Deflect","Riddle With Holes"],"picked":"SKIP","floor":41},{"not_picked":["Flechettes","Outmaneuver"],"picked":"Adrenaline","floor":47},{"not_picked":["Quick Slash","Bane+1","Dodge and Roll"],"picked":"SKIP","floor":47},{"not_picked":["Concentrate","Accuracy","Catalyst"],"picked":"SKIP","floor":48}],"player_experience":862924,"relics_obtained":[{"floor":7,"key":"Tingsha"},{"floor":9,"key":"The Courier"},{"floor":14,"key":"Art of War"},{"floor":23,"key":"Bag of Preparation"},{"floor":26,"key":"Bronze Scales"},{"floor":36,"key":"Prayer Wheel"},{"floor":43,"key":"Orichalcum"},{"floor":45,"key":"Shuriken"},{"floor":48,"key":"Nunchaku"}],"event_choices":[{"cards_removed":["Cloak And Dagger"],"damage_healed":0,"gold_gain":0,"player_choice":"Gave Card","damage_taken":0,"relics_obtained":["Blood Vial"],"max_hp_gain":0,"max_hp_loss":0,"event_name":"WeMeetAgain","floor":2,"gold_loss":0},{"damage_healed":0,"gold_gain":0,"player_choice":"Simplicity","damage_taken":0,"max_hp_gain":0,"max_hp_loss":0,"event_name":"Back to Basics","floor":19,"gold_loss":0,"cards_upgraded":["Defend_G","Defend_G","Defend_G","Defend_G","Defend_G","Strike_G","Strike_G","Strike_G","Strike_G"]},{"damage_healed":0,"gold_gain":0,"player_choice":"Ignored","damage_taken":0,"max_hp_gain":0,"max_hp_loss":0,"event_name":"The Mausoleum","floor":20,"gold_loss":0},{"damage_healed":0,"gold_gain":0,"player_choice":"Fight","damage_taken":0,"max_hp_gain":0,"max_hp_loss":0,"event_name":"Mysterious Sphere","floor":36,"gold_loss":0},{"cards_removed":["Dodge and Roll"],"damage_healed":0,"gold_gain":0,"player_choice":"Removed Skill","damage_taken":0,"max_hp_gain":0,"max_hp_loss":0,"event_name":"Falling","floor":37,"gold_loss":0},{"damage_healed":0,"gold_gain":0,"player_choice":"Max HP","damage_taken":0,"max_hp_gain":0,"max_hp_loss":3,"event_name":"Winding Halls","floor":44,"gold_loss":0}],"is_beta":false,"boss_relics":[{"not_picked":["Cursed Key","Philosopher\u0027s Stone"],"picked":"Ectoplasm"},{"not_picked":["Snecko Eye","HoveringKite"],"picked":"Astrolabe"}],"items_purged_floors":[5],"is_endless":false,"potions_floor_spawned":[4,7,8,14,22,29,31,33,36,39,47],"ascension_level":15}