{"gold_per_floor":[218,235,235,253,270,270,327,327,372,391,66,81,81,113,125,215,227,252,276,323,352,364,376,50,50,50,50,65,81,81,99,99,99],"floor_reached":33,"playtime":1806,"items_purged":["Strike_B","Strike_B"],"score":582,"play_id":"faa60eba-c2d2-44eb-aac6-e0c669ac472a","local_time":"20190106010739","is_ascension_mode":true,"campfire_choices":[{"data":"Buffer","floor":6,"key":"SMITH"},{"data":"Zap","floor":8,"key":"SMITH"},{"floor":15,"key":"REST"},{"floor":23,"key":"REST"},{"floor":32,"key":"REST"}],"neow_cost":"NONE","seed_source_timestamp":4379936255936,"circlet_count":0,"master_deck":["AscendersBane","Strike_B","Strike_B","Defend_B","Defend_B","Defend_B","Defend_B","Zap+1","Dualcast","Capacitor","Ball Lightning","Buffer+1","Compile Driver","Ball Lightning","Conserve Battery","Leap","Creative AI","Steam","Barrage","Electrodynamics","Capacitor","Defragment","Leap","Decay","Coolheaded"],"relics":["FrozenCore","Juzu Bracelet","DataDisk","MawBank","Red Mask","Question Card"],"potions_floor_usage":[5,16,20,20,24,33,33],"damage_taken":[{"damage":2,"enemies":"Jaw Worm","floor":1,"turns":3},{"damage":1,"enemies":"Cultist","floor":2,"turns":3},{"damage":2,"enemies":"2 Louse","floor":4,"turns":2},{"damage":12,"enemies":"Exordium Wildlife","floor":5,"turns":3},{"damage":20,"enemies":"Lagavulin Event","floor":7,"turns":6},{"damage":3,"enemies":"3 Louse","floor":10,"turns":4},{"damage":0,"enemies":"Large Slime","floor":12,"turns":5},{"damage":6,"enemies":"Gremlin Gang","floor":14,"turns":5},{"damage":0,"enemies":"Slime Boss","floor":16,"turns":6},{"damage":9,"enemies":"Shell Parasite","floor":18,"turns":9},{"damage":7,"enemies":"2 Thieves","floor":19,"turns":5},{"damage":41,"enemies":"Masked Bandits","floor":20,"turns":4},{"damage":0,"enemies":"Snecko","floor":21,"turns":8},{"damage":5,"enemies":"Sentry and Sphere","floor":28,"turns":7},{"damage":10,"enemies":"Snake Plant","floor":29,"turns":9},{"damage":0,"enemies":"Cultist and Chosen","floor":31,"turns":6},{"damage":63,"enemies":"Collector","floor":33,"turns":6}],"seed_played":"-4134828359314863126","potions_obtained":[{"floor":4,"key":"AttackPotion"},{"floor":7,"key":"Weak Potion"},{"floor":12,"key":"Explosive Potion"},{"floor":18,"key":"SteroidPotion"},{"floor":21,"key":"Ancient Potion"},{"floor":29,"key":"Fire Potion"},{"floor":31,"key":"Block Potion"}],"is_trial":false,"path_per_floor":["M","M","?","M","M","R","?","R","T","M","$","M","T","M","R","B",null,"M","M","?","M","?","R","$","?","T","?","M","M","?","M","R","B"],"character_chosen":"DEFECT","items_purchased":["Leap","Creative AI","Steam","PowerPotion","Defragment","Fruit Juice","Leap"],"campfire_rested":3,"item_purchase_floors":[11,11,11,11,24,24,24],"current_hp_per_floor":[62,61,61,59,47,47,27,27,27,24,24,24,24,18,39,39,63,54,47,6,6,6,27,32,32,32,32,27,17,17,17,39,0],"gold":99,"neow_bonus":"HUNDRED_GOLD","is_prod":false,"is_daily":false,"chose_seed":false,"campfire_upgraded":2,"win_rate":0,"timestamp":1546747659,"path_taken":["M","M","?","M","?","R","?","R","T","M","$","M","?","M","R","BOSS","M","M","?","M","?","R","$","?","T","?","M","M","?","M","R","BOSS"],"build_version":"2019-01-03v4","purchased_purges":2,"victory":false,"max_hp_per_floor":[71,71,71,71,71,71,71,71,71,71,71,71,71,71,71,71,71,71,71,71,71,71,71,76,76,76,76,76,76,76,76,76,76],"card_choices":[{"not_picked":["Conserve Battery","Gash"],"picked":"Capacitor","floor":1},{"not_picked":["Conserve Battery","Storm"],"picked":"Ball Lightning","floor":2},{"not_picked":["Stack","Undo"],"picked":"Compile Driver","floor":4},{"not_picked":["Leap","Beam Cell"],"picked":"Ball Lightning","floor":5},{"not_picked":["Skim","Aggregate"],"picked":"Conserve Battery","floor":7},{"not_picked":["White Noise","Rip and Tear","Redo"],"picked":"SKIP","floor":10},{"not_picked":["Coolheaded","Streamline"],"picked":"Barrage","floor":12},{"not_picked":["Blizzard","Multi-Cast","Rebound"],"picked":"SKIP","floor":14},{"not_picked":["Reboot","Core Surge"],"picked":"Electrodynamics","floor":16},{"not_picked":["Go for the Eyes","Steam Power","Ball Lightning+1"],"picked":"SKIP","floor":18},{"not_picked":["Go for the Eyes","Skim","Steam Power"],"picked":"SKIP","floor":19},{"not_picked":["Go for the Eyes","Barrage","Tempest"],"picked":"SKIP","floor":21},{"not_picked":["Compile Driver","Heatsinks","Sweeping Beam","Electrodynamics"],"picked":"SKIP","floor":28},{"not_picked":["Chaos","Double Energy","Leap","Tempest"],"picked":"SKIP","floor":29},{"not_picked":["Redo","Chaos","Stack"],"picked":"Coolheaded","floor":31}],"player_experience":727904,"relics_obtained":[{"floor":7,"key":"Juzu Bracelet"},{"floor":9,"key":"DataDisk"},{"floor":13,"key":"MawBank"},{"floor":20,"key":"Red Mask"},{"floor":26,"key":"Question Card"}],"event_choices":[{"damage_healed":0,"gold_gain":0,"player_choice":"1 cards matched","damage_taken":0,"max_hp_gain":0,"max_hp_loss":0,"event_name":"Match and Keep!","floor":3,"gold_loss":0,"cards_obtained":["Buffer"]},{"damage_healed":0,"gold_gain":0,"player_choice":"Searched \u00271\u0027 times","damage_taken":0,"max_hp_gain":0,"max_hp_loss":0,"event_name":"Dead Adventurer","floor":7,"gold_loss":0},{"damage_healed":0,"gold_gain":0,"player_choice":"Fought Bandits","damage_taken":0,"max_hp_gain":0,"max_hp_loss":0,"event_name":"Masked Bandits","floor":20,"gold_loss":0},{"damage_healed":0,"gold_gain":0,"player_choice":"Copied","damage_taken":0,"max_hp_gain":0,"max_hp_loss":0,"event_name":"Duplicator","floor":22,"gold_loss":0,"cards_obtained":["Capacitor"]},{"damage_healed":0,"gold_gain":0,"player_choice":"Ignored","damage_taken":0,"max_hp_gain":0,"max_hp_loss":0,"event_name":"The Mausoleum","floor":25,"gold_loss":0},{"damage_healed":0,"gold_gain":0,"player_choice":"Cursed","damage_taken":0,"max_hp_gain":0,"max_hp_loss":0,"event_name":"Wheel of Change","floor":27,"gold_loss":0,"cards_obtained":["Decay"]}],"is_beta":false,"boss_relics":[{"not_picked":["Velvet Choker","Pandora\u0027s Box"],"picked":"FrozenCore"}],"items_purged_floors":[11,24],"is_endless":false,"potions_floor_spawned":[4,7,12,14,18,21,29,31],"killed_by":"Collector","ascension_level":20}