{"gold_per_floor":[114,129,144,144,93,93,108,123,173,203,203,218,218,218,218,318,318,333,243,243,258,273,273,273],"floor_reached":24,"playtime":827,"items_purged":[],"score":223,"play_id":"a53bf288-9ba2-44bf-9da0-ec7718cab354","local_time":"20180926233104","daily_mods":["Allstar","Uncertain Future","Lethality"],"is_ascension_mode":false,"campfire_choices":[{"floor":6,"key":"REST"},{"data":"Zap","floor":11,"key":"SMITH"},{"data":"Redo","floor":15,"key":"SMITH"},{"floor":23,"key":"REST"}],"neow_cost":"","seed_source_timestamp":1069699860005370,"circlet_count":0,"master_deck":["Strike_B","Strike_B","Strike_B","Strike_B","Defend_B","Defend_B","Defend_B","Defend_B","Zap+1","Dualcast","PanicButton","Swift Strike","Jack Of All Trades","The Bomb","Madness","Storm","Conserve Battery+1","Darkness","Ball Lightning","Auto Shields","Self Repair","Redo+1","FTL+1","Electrodynamics","Leap+1","Conserve Battery+1","Auto Shields+1"],"special_seed":17801,"relics":["Cracked Core","Anchor","Regal Pillow","WarpedTongs","Black Star"],"potions_floor_usage":[10,10,10,18,24],"damage_taken":[{"damage":0,"enemies":"2 Louse","floor":1,"turns":1},{"damage":9,"enemies":"Cultist","floor":2,"turns":3},{"damage":9,"enemies":"Jaw Worm","floor":3,"turns":5},{"damage":0,"enemies":"Looter","floor":7,"turns":4},{"damage":6,"enemies":"Red Slaver","floor":8,"turns":3},{"damage":0,"enemies":"3 Sentries","floor":10,"turns":4},{"damage":3,"enemies":"2 Fungi Beasts","floor":12,"turns":3},{"damage":67,"enemies":"The Guardian","floor":16,"turns":11},{"damage":28,"enemies":"2 Thieves","floor":18,"turns":4},{"damage":2,"enemies":"Shell Parasite","floor":21,"turns":5},{"damage":22,"enemies":"Shelled Parasite and Fungi","floor":22,"turns":5},{"damage":84,"enemies":"Slavers","floor":24,"turns":5}],"seed_played":"-5863381733931304207","potions_obtained":[{"floor":2,"key":"EssenceOfSteel"},{"floor":3,"key":"Ancient Potion"},{"floor":8,"key":"EssenceOfSteel"},{"floor":16,"key":"AttackPotion"},{"floor":22,"key":"Weak Potion"}],"is_trial":false,"path_per_floor":["M","M","M","?","$","R","M","M","T","E","R","M","?","?","R","B",null,"M","?","?","M","M","R"],"character_chosen":"DEFECT","items_purchased":["Ball Lightning"],"campfire_rested":2,"item_purchase_floors":[5],"current_hp_per_floor":[75,66,57,57,57,75,75,69,69,75,75,75,75,75,75,8,75,57,57,57,62,47,75,0],"gold":273,"neow_bonus":"","is_prod":false,"is_daily":true,"chose_seed":false,"campfire_upgraded":2,"win_rate":0,"timestamp":1538019064,"path_taken":["M","M","M","?","$","R","M","M","T","E","R","M","?","?","R","BOSS","M","?","?","M","M","R","E"],"build_version":"2018-09-20","purchased_purges":0,"victory":false,"max_hp_per_floor":[75,75,75,75,75,75,75,75,75,75,75,75,75,75,75,75,75,75,75,75,75,75,75,75],"card_choices":[{"not_picked":["Barrage","Hologram"],"picked":"Storm","floor":1},{"not_picked":["Reprogram","Turbo"],"picked":"Conserve Battery","floor":2},{"not_picked":["Tempest","Hologram"],"picked":"Darkness","floor":3},{"not_picked":["Stack","Meteor Strike"],"picked":"Auto Shields","floor":7},{"not_picked":["Recycle","Beam Cell"],"picked":"Self Repair","floor":8},{"not_picked":["Coolheaded","Undo"],"picked":"Redo","floor":10},{"not_picked":["Redo","Turbo"],"picked":"FTL","floor":12},{"not_picked":["Rainbow","Creative AI"],"picked":"Electrodynamics","floor":16},{"not_picked":["Turbo","Lockon+1"],"picked":"Leap+1","floor":18},{"not_picked":["Darkness+1","Turbo"],"picked":"Conserve Battery+1","floor":21},{"not_picked":["Beam Cell+1","Darkness"],"picked":"Auto Shields+1","floor":22}],"player_experience":197438,"relics_obtained":[{"floor":9,"key":"Anchor"},{"floor":10,"key":"Regal Pillow"}],"event_choices":[{"event_name":"Golden Wing","player_choice":"Ignored","floor":4,"damage_taken":0},{"event_name":"Accursed Blacksmith","player_choice":"Rummage","floor":13,"damage_taken":0},{"event_name":"Living Wall","player_choice":"Grow","floor":14,"damage_taken":0},{"event_name":"Designer","player_choice":"Full Service","floor":19,"damage_taken":0},{"event_name":"Beggar","player_choice":"Ignored","floor":20,"damage_taken":0}],"is_beta":false,"boss_relics":[{"not_picked":["Eternal Feather","Snecko Eye"],"picked":"Black Star"}],"items_purged_floors":[],"is_endless":false,"potions_floor_spawned":[2,3,8,16,22],"killed_by":"Slavers","ascension_level":0}