{"gold_per_floor":[116,116,29,29,40,99,109,124,124,139,139,162,188,200,200,304,354,373,373,13,26,38,38,48,66,135,135,186,29,56,110,110,110],"floor_reached":33,"playtime":1466,"items_purged":[],"score":402,"play_id":"346a0295-644a-45d5-aff0-647bf2879a51","local_time":"20190130185257","is_ascension_mode":false,"campfire_choices":[{"floor":15,"key":"REST"},{"floor":23,"key":"RECALL"},{"floor":27,"key":"REST"},{"floor":32,"key":"REST"}],"neow_cost":"","seed_source_timestamp":2183190854703796,"circlet_count":0,"master_deck":["Strike_R","Strike_R","Strike_R+1","Strike_R","Strike_R","Defend_R","Defend_R","Defend_R","Intimidate","Life Link+1","Survivor","Neutralize","Cleave","Cleave","Flex","Wild Strike","Heavy Blade","Blood for Blood","Anger","Shockwave","Shrug It Off","Carnage","Sword Boomerang","Exhume","Thunderclap","Flame Barrier+1","Anger","Anger","Panache","Replay:Sssssssssshield","Jack Of All Trades","Havoc+1","Pommel Strike+1","Intimidate","ReplayTheSpireMod:Stacked","Reaper","Flex"],"relics":["Burning Blood","ReplayTheSpireMod:ShopPack","MerchantsRug","Tiny Chest","Replay:Rubber Ducky","Arrowhead","infinitespire:EmpoweringShard","Shuriken","Happy Flower","Red Skull","infinitespire:Lucky Rock"],"potions_floor_usage":[16,21,22,25,25],"damage_taken":[{"damage":6,"enemies":"2 Louse","floor":1,"turns":3},{"damage":7,"enemies":"Small Slimes","floor":5,"turns":2},{"damage":37,"enemies":"3 Sentries","floor":6,"turns":9},{"damage":4,"enemies":"Cultist","floor":7,"turns":3},{"damage":17,"enemies":"Large Slime","floor":8,"turns":5},{"damage":0,"enemies":"Exordium Wildlife","floor":10,"turns":3},{"damage":18,"enemies":"Gremlin Nob","floor":13,"turns":4},{"damage":4,"enemies":"Blue Slaver","floor":14,"turns":3},{"damage":29,"enemies":"Hexaghost","floor":16,"turns":8},{"damage":19,"enemies":"Shell Parasite","floor":18,"turns":7},{"damage":23,"enemies":"2 Thieves","floor":21,"turns":3},{"damage":9,"enemies":"Centurion and Healer","floor":22,"turns":6},{"damage":35,"enemies":"Shelled Parasite and Fungi","floor":24,"turns":8},{"damage":10,"enemies":"Snake Plant","floor":25,"turns":4},{"damage":23,"enemies":"Book of Stabbing","floor":30,"turns":6},{"damage":92,"enemies":"Champ","floor":33,"turns":10}],"seed_played":"8747795979111161675","potions_obtained":[{"floor":6,"key":"Milkshake"},{"floor":7,"key":"BloodPotion"},{"floor":14,"key":"Fire Potion"},{"floor":17,"key":"GamblersBrew"},{"floor":18,"key":"SkillPotion"},{"floor":21,"key":"Block Potion"},{"floor":24,"key":"Block Potion"}],"is_trial":false,"path_per_floor":["M","?","$","?","M","E","M","M","T","M","?","$","E","M","R","B",null,"M","?","$","M","M","R","M","M","T","R","T","$","E","T","R","B"],"character_chosen":"IRONCLAD","items_purchased":["MerchantsRug","Cleave","Flex","Shrug It Off","Anger","infinitespire:EmpoweringShard","ReplayTheSpireMod:ShopPack","Reaper"],"campfire_rested":3,"item_purchase_floors":[0,3,3,12,20,20,20,29],"current_hp_per_floor":[72,72,72,65,64,33,35,24,24,30,30,30,18,20,44,21,85,72,72,72,55,52,52,23,19,19,44,44,44,32,32,57,0],"gold":110,"neow_bonus":"","is_prod":false,"is_daily":false,"chose_seed":false,"campfire_upgraded":0,"win_rate":0,"timestamp":1548892377,"path_taken":["M","?","$","?","M","E","M","M","T","M","?","$","E","?","R","BOSS","M","?","$","M","M","R","M","M","T","R","?","?","E","?","R","BOSS"],"build_version":"2019-01-23","purchased_purges":0,"victory":false,"max_hp_per_floor":[80,80,80,80,80,80,80,80,80,80,80,80,80,80,80,80,85,85,85,85,85,85,85,85,85,85,85,85,85,85,85,85,85],"card_choices":[{"not_picked":["Clash","Shrug It Off"],"picked":"Life Link","floor":1},{"not_picked":["Perfected Strike","Shrug It Off"],"picked":"Wild Strike","floor":5},{"not_picked":["Rage","Pommel Strike"],"picked":"Heavy Blade","floor":6},{"not_picked":["Body Slam","Second Wind"],"picked":"Blood for Blood","floor":7},{"not_picked":["Inflame","Pommel Strike"],"picked":"Anger","floor":8},{"not_picked":["Intimidate","True Grit"],"picked":"Shockwave","floor":10},{"not_picked":["Corruption","True Grit"],"picked":"Carnage","floor":13},{"not_picked":["Intimidate","Corruption"],"picked":"Sword Boomerang","floor":14},{"not_picked":["Brutality","Juggernaut"],"picked":"Exhume","floor":16},{"not_picked":["Intimidate","Hemokinesis"],"picked":"Thunderclap","floor":17},{"not_picked":["Heavy Blade","Corruption"],"picked":"Flame Barrier+1","floor":18},{"not_picked":["HandOfGreed","Master of Strategy"],"picked":"Panache","floor":20},{"not_picked":["Replay:Dark Deal","Madness"],"picked":"Replay:Sssssssssshield","floor":20},{"not_picked":["Enlightenment","ReplayUltimateDefense"],"picked":"Jack Of All Trades","floor":20},{"not_picked":["Dropkick","Cleave"],"picked":"Havoc+1","floor":21},{"not_picked":["Intimidate+1","Sentinel+1"],"picked":"Pommel Strike+1","floor":22},{"not_picked":["Entrench","Clash+1"],"picked":"Intimidate","floor":24},{"not_picked":["Sentinel","Iron Wave"],"picked":"ReplayTheSpireMod:Stacked","floor":25},{"not_picked":["True Grit","Sentinel"],"picked":"Flex","floor":30}],"player_experience":393734,"relics_obtained":[{"floor":6,"key":"Tiny Chest"},{"floor":13,"key":"Replay:Rubber Ducky"},{"floor":26,"key":"Shuriken"},{"floor":28,"key":"Happy Flower"},{"floor":30,"key":"Red Skull"},{"floor":31,"key":"infinitespire:Lucky Rock"}],"event_choices":[{"cards_removed":["Defend_R"],"damage_healed":0,"gold_gain":0,"player_choice":"Card Removal","damage_taken":7,"max_hp_gain":0,"max_hp_loss":0,"event_name":"Golden Wing","floor":4,"gold_loss":0},{"damage_healed":0,"gold_gain":0,"player_choice":"Upgraded","damage_taken":0,"max_hp_gain":0,"max_hp_loss":0,"event_name":"Upgrade Shrine","floor":11,"gold_loss":0,"cards_upgraded":["Life Link"]}],"is_beta":false,"boss_relics":[{"not_picked":["Replay:Wanted Poster","Runic Dome"],"picked":"Tiny House"}],"items_purged_floors":[],"is_endless":false,"potions_floor_spawned":[6,7,14,18,21,24],"killed_by":"Champ","ascension_level":0}