{"gold_per_floor":[114,129,54,69,84,114,129,159,184,184,14,14,29,44,44,144,144,159,174,189,99,99,99,129,129,179,209,224,224],"floor_reached":29,"playtime":1448,"items_purged":[],"score":452,"play_id":"0bda767d-6972-46f0-9d9e-bf6c3f862bee","local_time":"20180920193126","daily_mods":["Heirloom","Cursed Run","Time Dilation"],"is_ascension_mode":false,"campfire_choices":[{"floor":15,"key":"REST"},{"floor":23,"key":"REST"},{"data":"Infinite Blades","floor":25,"key":"SMITH"}],"neow_cost":"","seed_source_timestamp":0,"circlet_count":0,"master_deck":["Defend_G","Defend_G","Defend_G","Defend_G","Defend_G","Strike_G","Strike_G","Strike_G","Strike_G","Strike_G","Survivor","Neutralize","Endless Agony","Blade Dance","Prepared","Flying Knee","Distraction","Outmaneuver","Die Die Die","Deflect","Shame","Regret","PiercingWail","Bouncing Flask+1","Caltrops","Pain","Deadly Poison","Footwork","Shame","Adrenaline","Terror","Sucker Punch","Masterful Stab","Blade Dance","Infinite Blades+1","Accuracy","Infinite Blades","Infinite Blades","Blade Dance+1","Doubt","Noxious Fumes","Terror"],"special_seed":17794,"relics":["Cursed Key","Darkstone Periapt","Du-Vu Doll","Unceasing Top","Vajra","Centennial Puzzle","Smiling Mask","Regal Pillow","WarpedTongs","Orrery","Ornamental Fan","Art of War","Meat on the Bone"],"potions_floor_usage":[6,8,24,24],"damage_taken":[{"damage":0,"enemies":"Small Slimes","floor":1,"turns":3},{"damage":3,"enemies":"2 Louse","floor":2,"turns":2},{"damage":1,"enemies":"Jaw Worm","floor":4,"turns":2},{"damage":0,"enemies":"Gremlin Gang","floor":5,"turns":3},{"damage":10,"enemies":"Gremlin Nob","floor":6,"turns":4},{"damage":7,"enemies":"Blue Slaver","floor":7,"turns":2},{"damage":16,"enemies":"Lagavulin","floor":8,"turns":4},{"damage":0,"enemies":"3 Louse","floor":13,"turns":1},{"damage":11,"enemies":"Exordium Thugs","floor":14,"turns":2},{"damage":55,"enemies":"The Guardian","floor":16,"turns":6},{"damage":21,"enemies":"3 Byrds","floor":18,"turns":4},{"damage":10,"enemies":"2 Thieves","floor":19,"turns":2},{"damage":23,"enemies":"Cultist and Chosen","floor":20,"turns":5},{"damage":25,"enemies":"Book of Stabbing","floor":24,"turns":3},{"damage":39,"enemies":"Gremlin Leader","floor":27,"turns":4},{"damage":10,"enemies":"3 Cultists","floor":28,"turns":3},{"damage":44,"enemies":"Shelled Parasite and Fungi","floor":29,"turns":3}],"seed_played":"1139054497184590397","potions_obtained":[{"floor":1,"key":"Weak Potion"},{"floor":2,"key":"AttackPotion"},{"floor":13,"key":"Strength Potion"},{"floor":16,"key":"Regen Potion"},{"floor":19,"key":"SteroidPotion"},{"floor":28,"key":"Swift Potion"}],"is_trial":false,"path_per_floor":["M","M","$","M","M","E","M","E","T","?","$","?","M","M","R","B",null,"M","M","M","?","?","R","E","R","T","E","M"],"character_chosen":"THE_SILENT","items_purchased":["Prepared","Flying Knee","PiercingWail","Bouncing Flask","Caltrops"],"campfire_rested":2,"item_purchase_floors":[3,3,11,11,11],"current_hp_per_floor":[70,67,67,66,66,56,49,33,39,45,45,51,51,40,81,32,94,73,63,40,40,40,83,67,67,73,34,36,0],"gold":224,"neow_bonus":"","is_prod":false,"is_daily":true,"chose_seed":false,"campfire_upgraded":1,"win_rate":0,"timestamp":1537486286,"path_taken":["M","M","$","M","M","E","M","E","T","?","$","?","M","M","R","BOSS","M","M","M","?","?","R","E","R","T","E","M","M"],"build_version":"2018-09-06","purchased_purges":0,"victory":false,"max_hp_per_floor":[70,70,70,70,70,70,70,70,76,82,82,88,88,88,88,94,94,94,94,94,94,94,94,94,94,100,100,100,100],"card_choices":[{"not_picked":["Escape Plan","Underhanded Strike"],"picked":"Endless Agony","floor":1},{"not_picked":["Deadly Poison","Bouncing Flask"],"picked":"Blade Dance","floor":2},{"not_picked":["Blade Dance","Bane"],"picked":"Distraction","floor":4},{"not_picked":["Blur","Skewer"],"picked":"Outmaneuver","floor":5},{"not_picked":["Dash","Acrobatics"],"picked":"Well Laid Plans","floor":6},{"not_picked":["Dagger Spray","Outmaneuver"],"picked":"Die Die Die","floor":7},{"not_picked":["Leg Sweep","Outmaneuver"],"picked":"Deflect","floor":8},{"not_picked":["Quick Slash","Dagger Throw"],"picked":"Deadly Poison","floor":13},{"not_picked":["Slice","Dagger Spray"],"picked":"Footwork","floor":14},{"not_picked":["Storm of Steel","Wraith Form v2"],"picked":"Adrenaline","floor":16},{"not_picked":["Prepared","Underhanded Strike"],"picked":"Terror","floor":17},{"not_picked":["PiercingWail","Acrobatics"],"picked":"Sucker Punch","floor":17},{"not_picked":["Poisoned Stab","Finisher"],"picked":"Masterful Stab","floor":17},{"not_picked":["Dagger Spray","Escape Plan"],"picked":"Blade Dance","floor":17},{"not_picked":["Dagger Spray","Poisoned Stab"],"picked":"Infinite Blades","floor":17},{"not_picked":["Flying Knee","Blade Dance"],"picked":"Accuracy","floor":18},{"not_picked":["Quick Slash+1","All Out Attack"],"picked":"Infinite Blades","floor":19},{"not_picked":["Deflect","Night Terror"],"picked":"Infinite Blades","floor":20},{"not_picked":["Calculated Gamble","Die Die Die"],"picked":"Blade Dance+1","floor":24},{"not_picked":["Underhanded Strike","Tactician+1"],"picked":"Noxious Fumes","floor":27},{"not_picked":["Dagger Spray","Dodge and Roll"],"picked":"Terror","floor":28}],"player_experience":148732,"relics_obtained":[{"floor":6,"key":"Vajra"},{"floor":8,"key":"Centennial Puzzle"},{"floor":9,"key":"Smiling Mask"},{"floor":24,"key":"Ornamental Fan"},{"floor":26,"key":"Art of War"},{"floor":27,"key":"Meat on the Bone"}],"event_choices":[{"event_name":"Big Fish","player_choice":"Box","floor":10,"damage_taken":0},{"event_name":"Accursed Blacksmith","player_choice":"Rummage","floor":12,"damage_taken":0},{"event_name":"Designer","player_choice":"Full Service","floor":21,"damage_taken":0},{"event_name":"Purifier","player_choice":"Skipped","floor":22,"damage_taken":0}],"is_beta":false,"boss_relics":[{"not_picked":["Empty Cage","Runic Pyramid"],"picked":"Orrery"}],"items_purged_floors":[],"is_endless":false,"potions_floor_spawned":[1,2,13,16,19,20,28],"killed_by":"Shelled Parasite and Fungi","ascension_level":0}