{"path_per_floor":["M","?","$","?","M","?","?","R","T","M","$","T","M","M","R"],"character_chosen":"THE_SILENT","items_purchased":["Well Laid Plans"],"gold_per_floor":[109,109,69,69,85,85,106,106,131,146,146,146,161,181,181],"floor_reached":16,"campfire_rested":2,"playtime":644,"current_hp_per_floor":[61,61,61,47,47,40,14,35,35,33,33,33,28,11,32],"items_purged":[],"gold":181,"score":90,"play_id":"12e7ff5a-23be-40aa-9042-7c0a2473d2ee","is_prod":false,"is_daily":false,"is_ascension_mode":false,"campfire_upgraded":0,"path_taken":["M","?","$","?","M","?","?","R","T","?","$","?","M","M","R","BOSS"],"build_version":"2018-02-08-PROD1","purchased_purges":0,"victory":false,"master_deck":["Defend_G","Defend_G","Defend_G","Defend_G","Defend_G","Strike_G+1","Strike_G+1","Strike_G","Strike_G","Strike_G","Survivor+1","Neutralize+1","Outmaneuver+1","Well Laid Plans+1","Noxious Fumes","Caltrops+1","Quick Slash","Dagger Spray","Finisher","Backflip"],"max_hp_per_floor":[70,70,70,70,70,70,70,70,70,70,70,70,70,70,70],"relics":["Ring of the Snake","Frozen Egg 2","Odd Mushroom","Dream Catcher","Whetstone"],"card_choices":[{"not_picked":["Masterful Stab","Calculated Gamble"],"picked":"Outmaneuver"},{"not_picked":["Doppelganger","Masterful Stab"],"picked":"Noxious Fumes"},{"not_picked":["Slice","Sucker Punch"],"picked":"Caltrops"},{"not_picked":["Well Laid Plans","Bane"],"picked":"Quick Slash"},{"not_picked":["Backflip","Slice"],"picked":"Dagger Spray"},{"not_picked":["Prepared","Outmaneuver"],"picked":"Finisher"},{"not_picked":["Dagger Throw","Prepared"],"picked":"Backflip"}],"player_experience":18284,"potions_floor_usage":[],"damage_taken":[{"damage":9,"enemies":"Blue Slaver","floor":1,"turns":6},{"damage":0,"enemies":"Small Slimes","floor":5,"turns":4},{"damage":26,"enemies":"The Mushroom Lair","floor":7,"turns":7},{"damage":2,"enemies":"2 Louse","floor":10,"turns":3},{"damage":5,"enemies":"2 Fungi Beasts","floor":13,"turns":4},{"damage":17,"enemies":"3 Louse","floor":14,"turns":3},{"damage":33,"enemies":"Slime Boss","floor":16,"turns":7}],"event_choices":[{"event_name":"Living Wall","player_choice":"Grow","floor":2,"damage_taken":0},{"event_name":"Shining Light","player_choice":"Entered Light","floor":4,"damage_taken":0},{"event_name":"Scrap Ooze","player_choice":"success","floor":6,"damage_taken":7},{"event_name":"Mushrooms","player_choice":"Fought Mushrooms","floor":7,"damage_taken":0}],"boss_relics":[],"potions_floor_spawned":[5,10,13],"seed_played":"-5684426022808628964","killed_by":"Slime Boss","ascension_level":0,"is_trial":false}