{"gold_per_floor":[110,110,25,40,40,40,65,65,65,15,32,48,78,78,78,176,176,160,160,177,102,102,102,121,121,146,164,18,34,34,0,0,0],"floor_reached":33,"playtime":1945,"items_purged":[],"score":278,"play_id":"6644bfcf-607b-490d-a23f-9a0b5b1cbccc","local_time":"20181217213046","is_ascension_mode":true,"campfire_choices":[{"floor":6,"key":"RECALL"},{"floor":8,"key":"REST"},{"data":"Barricade","floor":15,"key":"SMITH"},{"data":"1","floor":23,"key":"LIFT"},{"floor":25,"key":"REST"},{"floor":32,"key":"REST"}],"neow_cost":"TEN_PERCENT_HP_LOSS","seed_source_timestamp":178121443611909,"circlet_count":0,"master_deck":["Strike_R+1","Defend_R","Defend_R","Defend_R","Bash","Thunderclap+1","Intimidate","Pommel Strike","Sword Boomerang","Shrug It Off","Shrug It Off","Spot Weakness","Barricade+1","Juggernaut","Shockwave+1","Iron Wave","True Grit+1","Iron Wave","Infernal Blade+1","Rage"],"relics":["Burning Blood","WingedGreaves","Pen Nib","Omamori","Boot","Pear","Empty Cage","Girya","Oddly Smooth Stone"],"potions_floor_usage":[13,16,16,29,29,29,29,33],"damage_taken":[{"damage":3,"enemies":"2 Louse","floor":1,"turns":3},{"damage":3,"enemies":"Small Slimes","floor":4,"turns":3},{"damage":38,"enemies":"3 Sentries","floor":7,"turns":8},{"damage":2,"enemies":"Jaw Worm","floor":11,"turns":3},{"damage":4,"enemies":"Looter","floor":12,"turns":4},{"damage":12,"enemies":"Lagavulin","floor":13,"turns":7},{"damage":18,"enemies":"The Guardian","floor":16,"turns":7},{"damage":31,"enemies":"2 Thieves","floor":18,"turns":4},{"damage":20,"enemies":"Shell Parasite","floor":20,"turns":6},{"damage":38,"enemies":"Shelled Parasite and Fungi","floor":24,"turns":12},{"damage":29,"enemies":"Snecko","floor":27,"turns":5},{"damage":8,"enemies":"Cultist and Chosen","floor":29,"turns":9},{"damage":34,"enemies":"Automaton","floor":33,"turns":4}],"seed_played":"8745769316998515977","potions_obtained":[{"floor":7,"key":"FearPotion"},{"floor":12,"key":"Fire Potion"},{"floor":13,"key":"AttackPotion"},{"floor":27,"key":"EntropicBrew"}],"is_trial":false,"path_per_floor":["M","?","$","M","?","R","E","R","T","$","M","M","E","?","R","B",null,"M","?","M","?","?","R","M","R","T","M","$","M","?","$","R","B"],"character_chosen":"IRONCLAD","items_purchased":["Intimidate","PowerPotion","Shrug It Off","Oddly Smooth Stone","Rage"],"campfire_rested":3,"item_purchase_floors":[3,3,10,28,31],"current_hp_per_floor":[72,58,58,61,54,54,22,43,43,43,47,49,43,46,46,34,82,57,57,43,43,43,43,11,35,35,12,12,10,10,10,34,0],"gold":0,"neow_bonus":"ONE_RARE_RELIC","is_prod":false,"is_daily":false,"chose_seed":false,"campfire_upgraded":1,"win_rate":0,"timestamp":1545111046,"path_taken":["M","?","$","M","?","R","E","R","T","?","M","M","E","?","R","BOSS","M","?","?","?","?","R","M","R","T","M","?","?","?","$","R","BOSS"],"build_version":"2018-12-13","purchased_purges":0,"victory":false,"max_hp_per_floor":[72,72,72,72,72,72,72,72,72,72,72,72,72,82,82,82,82,82,82,82,82,82,82,82,82,82,82,82,82,82,82,82,82],"card_choices":[{"not_picked":["Iron Wave","Clash"],"picked":"Thunderclap","floor":1},{"not_picked":["True Grit","Entrench"],"picked":"Pommel Strike","floor":4},{"not_picked":["Armaments","Bloodletting"],"picked":"Sword Boomerang","floor":7},{"not_picked":["Anger","Heavy Blade"],"picked":"Shrug It Off","floor":11},{"not_picked":["Headbutt","Wild Strike"],"picked":"Spot Weakness","floor":12},{"not_picked":["Body Slam","Seeing Red"],"picked":"Barricade","floor":13},{"not_picked":["Reaper","Fiend Fire"],"picked":"Juggernaut","floor":16},{"not_picked":["Headbutt","Cleave"],"picked":"Shockwave","floor":18},{"not_picked":["Thunderclap","Twin Strike"],"picked":"Iron Wave","floor":20},{"not_picked":["Flex","Clash"],"picked":"True Grit+1","floor":24},{"not_picked":["Heavy Blade","Sword Boomerang"],"picked":"Iron Wave","floor":27},{"not_picked":["Headbutt","Warcry"],"picked":"Infernal Blade+1","floor":29}],"player_experience":66097,"relics_obtained":[{"floor":7,"key":"Pen Nib"},{"floor":9,"key":"Omamori"},{"floor":13,"key":"Boot"}],"event_choices":[{"damage_healed":0,"gold_gain":0,"player_choice":"Entered Light","damage_taken":14,"max_hp_gain":0,"max_hp_loss":0,"event_name":"Shining Light","floor":2,"gold_loss":0,"cards_upgraded":["Thunderclap","Strike_R"]},{"cards_removed":["Strike_R"],"damage_healed":0,"gold_gain":0,"player_choice":"Card Removal","damage_taken":7,"max_hp_gain":0,"max_hp_loss":0,"event_name":"Golden Wing","floor":5,"gold_loss":0},{"damage_healed":0,"gold_gain":0,"player_choice":"Success","damage_taken":7,"relics_obtained":["Pear"],"max_hp_gain":0,"max_hp_loss":0,"event_name":"Scrap Ooze","floor":14,"gold_loss":0},{"damage_healed":0,"gold_gain":0,"player_choice":"Upgraded","damage_taken":0,"max_hp_gain":0,"max_hp_loss":0,"event_name":"Upgrade Shrine","floor":19,"gold_loss":0,"cards_upgraded":["Shockwave"]},{"cards_removed":["Strike_R"],"damage_healed":0,"gold_gain":0,"player_choice":"Gave Gold","damage_taken":0,"max_hp_gain":0,"max_hp_loss":0,"event_name":"Beggar","floor":21,"gold_loss":75},{"damage_healed":0,"gold_gain":0,"player_choice":"Stole Relic","damage_taken":0,"relics_obtained":["Girya"],"max_hp_gain":0,"max_hp_loss":0,"event_name":"Addict","floor":22,"gold_loss":0,"cards_obtained":["Shame"]},{"cards_removed":["Strike_R"],"damage_healed":0,"gold_gain":0,"player_choice":"Card Removal","damage_taken":0,"max_hp_gain":0,"max_hp_loss":0,"event_name":"Wheel of Change","floor":30,"gold_loss":0}],"is_beta":false,"boss_relics":[{"not_picked":["Fusion Hammer","Velvet Choker"],"picked":"Empty Cage"}],"items_purged_floors":[],"is_endless":false,"potions_floor_spawned":[7,12,13,27],"killed_by":"Automaton","ascension_level":2}