{"gold_per_floor":[114,124,144,163,182,207,62,62,62,8,8],"floor_reached":11,"playtime":266,"items_purged":[],"score":79,"play_id":"41e12849-fa7f-4216-88ce-54ff61c914aa","local_time":"20181004212655","is_ascension_mode":true,"campfire_choices":[],"neow_cost":"NONE","seed_source_timestamp":15011506127642,"circlet_count":0,"master_deck":["Strike_B","Strike_B","Strike_B","Strike_B","Defend_B","Defend_B","Defend_B","Defend_B","Zap","Dualcast","Gash"],"relics":["Cracked Core","Matryoshka","Lantern","Art of War","Dream Catcher"],"potions_floor_usage":[6],"damage_taken":[{"damage":5,"enemies":"Small Slimes","floor":1,"turns":3},{"damage":1,"enemies":"Jaw Worm","floor":2,"turns":3},{"damage":1,"enemies":"Cultist","floor":3,"turns":3},{"damage":6,"enemies":"Blue Slaver","floor":4,"turns":4},{"damage":6,"enemies":"Exordium Wildlife","floor":5,"turns":4},{"damage":34,"enemies":"Lagavulin","floor":6,"turns":8},{"damage":0,"enemies":"Exordium Thugs","floor":11,"turns":1}],"seed_played":"7752383075430350407","potions_obtained":[{"floor":4,"key":"LiquidBronze"},{"floor":5,"key":"Block Potion"},{"floor":6,"key":"Poison Potion"}],"is_trial":false,"path_per_floor":["M","M","M","M","M","E","$","?","T","$"],"character_chosen":"DEFECT","items_purchased":["Lantern","Gash"],"campfire_rested":0,"item_purchase_floors":[7,10],"current_hp_per_floor":[77,76,75,69,63,29,29,29,29,29,29],"gold":8,"neow_bonus":"TEN_PERCENT_HP_BONUS","is_prod":false,"is_daily":false,"chose_seed":false,"campfire_upgraded":0,"win_rate":0,"timestamp":1538699215,"path_taken":["M","M","M","M","M","E","$","?","T","$","M"],"build_version":"2018-09-27","purchased_purges":0,"victory":false,"max_hp_per_floor":[82,82,82,82,82,82,82,82,82,82,82],"card_choices":[{"not_picked":["Redo","Conserve Battery","Go for the Eyes"],"picked":"SKIP","floor":1},{"not_picked":["Hello World","Auto Shields","Aggregate"],"picked":"SKIP","floor":2},{"not_picked":["Ball Lightning","Cold Snap","Defragment"],"picked":"SKIP","floor":3},{"not_picked":["Conserve Battery","Blizzard","Leap"],"picked":"SKIP","floor":4},{"not_picked":["Heatsinks","Cold Snap","Lockon"],"picked":"SKIP","floor":5},{"not_picked":["Heatsinks","Cold Snap","Lockon"],"picked":"SKIP","floor":5},{"not_picked":["BootSequence","All For One","Biased Cognition"],"picked":"SKIP","floor":6}],"player_experience":112473,"relics_obtained":[{"floor":6,"key":"Matryoshka"},{"floor":9,"key":"Art of War"},{"floor":9,"key":"Dream Catcher"}],"event_choices":[{"event_name":"Shining Light","player_choice":"Ignored","floor":8,"damage_taken":0}],"is_beta":false,"boss_relics":[],"items_purged_floors":[],"is_endless":false,"potions_floor_spawned":[4,5,6],"killed_by":"Exordium Thugs","ascension_level":1}