{"gold_per_floor":[117,5,16,191,141,141,168,168,191,191,207,7,7,33,33,128,128,108,108,118,118],"floor_reached":21,"playtime":1084,"items_purged":["Regret"],"score":268,"play_id":"756022b0-65ac-43fc-abd9-97dbfb729675","local_time":"20190304162627","is_ascension_mode":true,"campfire_choices":[{"data":"After Image","floor":6,"key":"SMITH"},{"floor":8,"key":"REST"},{"floor":13,"key":"REST"},{"floor":15,"key":"REST"}],"neow_cost":"CURSE","seed_source_timestamp":391450479381824,"circlet_count":0,"master_deck":["Defend_G","Defend_G","Defend_G","Defend_G","Defend_G","Strike_G+1","Strike_G","Strike_G","Strike_G","Strike_G","Survivor","Neutralize","After Image+1","Predator+1","Blur","PiercingWail","Backstab","Dash","A Thousand Cuts","Acrobatics+1","Blade Dance"],"relics":["Ring of the Snake","Mummified Hand","Boot","OrangePellets","Centennial Puzzle","Eternal Feather","Letter Opener"],"potions_floor_usage":[16,16],"damage_taken":[{"damage":0,"enemies":"Jaw Worm","floor":1,"turns":5},{"damage":0,"enemies":"2 Louse","floor":3,"turns":3},{"damage":48,"enemies":"Gremlin Nob","floor":7,"turns":6},{"damage":0,"enemies":"Cultist","floor":11,"turns":2},{"damage":5,"enemies":"3 Sentries","floor":14,"turns":9},{"damage":58,"enemies":"Hexaghost","floor":16,"turns":17},{"damage":14,"enemies":"2 Thieves","floor":18,"turns":4},{"damage":0,"enemies":"Chosen","floor":20,"turns":4},{"damage":40,"enemies":"Sentry and Sphere","floor":21,"turns":9}],"seed_played":"1849666208628490509","potions_obtained":[{"floor":1,"key":"Poison Potion"},{"floor":11,"key":"Weak Potion"},{"floor":14,"key":"PowerPotion"},{"floor":16,"key":"SkillPotion"}],"is_trial":false,"path_per_floor":["M","$","M","?","?","R","E","R","T","?","M","$","R","E","R","B",null,"M","?","M","M"],"character_chosen":"THE_SILENT","items_purchased":["Predator","OrangePellets"],"campfire_rested":3,"item_purchase_floors":[2,12],"current_hp_per_floor":[63,63,63,63,63,63,15,36,36,22,22,22,43,38,59,1,53,39,39,39,0],"gold":118,"neow_bonus":"THREE_RARE_CARDS","is_prod":false,"is_daily":false,"chose_seed":false,"campfire_upgraded":1,"win_rate":0,"timestamp":1551734787,"path_taken":["M","$","M","?","?","R","E","R","T","?","M","$","R","E","R","BOSS","M","?","M","?"],"build_version":"2019-01-23","purchased_purges":1,"victory":false,"max_hp_per_floor":[70,70,70,70,70,70,70,70,70,70,70,70,70,70,70,70,70,70,70,70,70],"card_choices":[{"not_picked":["Doppelganger","Glass Knife"],"picked":"After Image","floor":0},{"not_picked":["Bane","Choke","Slice"],"picked":"SKIP","floor":1},{"not_picked":["PiercingWail","Acrobatics"],"picked":"Blur","floor":3},{"not_picked":["Underhanded Strike","Concentrate"],"picked":"PiercingWail","floor":7},{"not_picked":["Night Terror","Underhanded Strike"],"picked":"Backstab","floor":11},{"not_picked":["Poisoned Stab","Setup"],"picked":"Dash","floor":14},{"not_picked":["Phantasmal Killer","Corpse Explosion"],"picked":"A Thousand Cuts","floor":16},{"not_picked":["Riddle With Holes","Calculated Gamble"],"picked":"Acrobatics+1","floor":18},{"not_picked":["Catalyst","Acrobatics"],"picked":"Blade Dance","floor":20}],"player_experience":191565,"relics_obtained":[{"floor":7,"key":"Mummified Hand"},{"floor":9,"key":"Boot"},{"floor":14,"key":"Centennial Puzzle"}],"event_choices":[{"damage_healed":0,"gold_gain":175,"player_choice":"AGREE","damage_taken":0,"max_hp_gain":0,"max_hp_loss":0,"event_name":"Liars Game","floor":4,"gold_loss":0,"cards_obtained":["Doubt"]},{"cards_removed":["Doubt"],"damage_healed":0,"gold_gain":0,"player_choice":"Card Removal","damage_taken":0,"max_hp_gain":0,"max_hp_loss":0,"event_name":"The Cleric","floor":5,"gold_loss":50},{"damage_healed":0,"gold_gain":0,"player_choice":"Entered Light","damage_taken":14,"max_hp_gain":0,"max_hp_loss":0,"event_name":"Shining Light","floor":10,"gold_loss":0,"cards_upgraded":["Predator","Strike_G"]},{"damage_healed":0,"gold_gain":0,"player_choice":"Gave Potion","damage_taken":0,"relics_obtained":["Letter Opener"],"max_hp_gain":0,"max_hp_loss":0,"event_name":"WeMeetAgain","floor":19,"gold_loss":0}],"is_beta":false,"boss_relics":[{"not_picked":["Busted Crown","Snecko Eye"],"picked":"Eternal Feather"}],"items_purged_floors":[2],"is_endless":false,"potions_floor_spawned":[1,11,14,16],"killed_by":"Sentry and Sphere","ascension_level":9}