{"gold_per_floor":[109,124,142,142,154,186,186,217,217,229,241,241,241,416,416,416],"floor_reached":16,"playtime":1259,"items_purged":[],"score":159,"play_id":"a0a064d6-d2f6-493f-9203-326095036a5e","local_time":"20190122182445","is_ascension_mode":true,"campfire_choices":[{"floor":7,"key":"REST"},{"floor":15,"key":"REST"}],"neow_cost":"NONE","seed_source_timestamp":1175688996814794,"circlet_count":0,"master_deck":["Strike_R","Strike_R","Strike_R","Strike_R","Strike_R","Defend_R","Defend_R","Defend_R","Defend_R","Bash","Feed","Armaments","Decay","Headbutt","Clothesline","Heavy Blade","Twin Strike","Warcry","Doubt"],"relics":["Burning Blood","Art of War","Gremlin Horn","Peace Pipe","Dodecahedron","Gambling Chip"],"potions_floor_usage":[10,11,16,16],"damage_taken":[{"damage":1,"enemies":"Cultist","floor":1,"turns":4},{"damage":11,"enemies":"Jaw Worm","floor":2,"turns":6},{"damage":0,"enemies":"Small Slimes","floor":3,"turns":3},{"damage":17,"enemies":"2 Fungi Beasts","floor":5,"turns":5},{"damage":49,"enemies":"3 Sentries","floor":6,"turns":11},{"damage":26,"enemies":"Gremlin Nob","floor":8,"turns":4},{"damage":31,"enemies":"Large Slime","floor":10,"turns":6},{"damage":5,"enemies":"Blue Slaver","floor":11,"turns":3},{"damage":65,"enemies":"Hexaghost","floor":16,"turns":9}],"seed_played":"-6410357873645957750","potions_obtained":[{"floor":2,"key":"LiquidBronze"},{"floor":3,"key":"SteroidPotion"},{"floor":6,"key":"Regen Potion"},{"floor":10,"key":"Block Potion"}],"is_trial":false,"path_per_floor":["M","M","M","?","M","E","R","E","T","M","M","$","T","?","R","B"],"character_chosen":"IRONCLAD","items_purchased":[],"campfire_rested":2,"item_purchase_floors":[],"current_hp_per_floor":[80,75,83,83,76,36,63,46,46,33,34,34,34,34,62,0],"gold":416,"neow_bonus":"RANDOM_COMMON_RELIC","is_prod":false,"is_daily":false,"chose_seed":false,"campfire_upgraded":0,"win_rate":0,"timestamp":1548199485,"path_taken":["M","M","M","?","M","E","R","E","T","M","M","?","?","?","R","BOSS"],"build_version":"2019-01-17v2","purchased_purges":0,"victory":false,"max_hp_per_floor":[80,80,83,83,87,90,90,93,93,96,96,96,96,96,96,96],"card_choices":[{"not_picked":["True Grit","Havoc","Burning Pact"],"picked":"SKIP","floor":1},{"not_picked":["Wild Strike","Havoc"],"picked":"Feed","floor":2},{"not_picked":["Reckless Charge","Feel No Pain"],"picked":"Armaments","floor":3},{"not_picked":["Shrug It Off","Wild Strike"],"picked":"Headbutt","floor":5},{"not_picked":["Anger","Flex"],"picked":"Clothesline","floor":6},{"not_picked":["Bloodletting","Headbutt"],"picked":"Heavy Blade","floor":8},{"not_picked":["Body Slam","Armaments"],"picked":"Twin Strike","floor":10},{"not_picked":["True Grit","Perfected Strike"],"picked":"Warcry","floor":11}],"player_experience":177802,"relics_obtained":[{"floor":6,"key":"Gremlin Horn"},{"floor":8,"key":"Peace Pipe"},{"floor":9,"key":"Dodecahedron"},{"floor":13,"key":"Gambling Chip"}],"event_choices":[{"damage_healed":0,"gold_gain":0,"player_choice":"Cursed","damage_taken":0,"max_hp_gain":0,"max_hp_loss":0,"event_name":"Wheel of Change","floor":4,"gold_loss":0,"cards_obtained":["Decay"]},{"damage_healed":0,"gold_gain":175,"player_choice":"AGREE","damage_taken":0,"max_hp_gain":0,"max_hp_loss":0,"event_name":"Liars Game","floor":14,"gold_loss":0,"cards_obtained":["Doubt"]}],"is_beta":false,"boss_relics":[],"items_purged_floors":[],"is_endless":false,"potions_floor_spawned":[2,3,6,8,10],"killed_by":"Hexaghost","ascension_level":4}