{"gold_per_floor":[111,111,131,131,183,183,208,208,234,259,184,184,184,184,184,285,285,265,179,94,94,26,60,60,79,79,79],"floor_reached":27,"playtime":136162,"items_purged":[],"score":373,"play_id":"f1931ad9-3c89-4493-8496-fc0cc2fa7536","local_time":"20190324125655","is_ascension_mode":true,"campfire_choices":[{"data":"Quick Slash","floor":6,"key":"SMITH"},{"floor":12,"key":"REST"},{"floor":15,"key":"REST"},{"floor":24,"key":"REST"}],"neow_cost":"NONE","seed_source_timestamp":793719684852998,"circlet_count":0,"master_deck":["AscendersBane","Defend_G","Defend_G","Defend_G","Defend_G","Defend_G","Strike_G","Strike_G","Strike_G","Survivor","Neutralize+1","Crippling Poison","Quick Slash+1","Footwork","Glass Knife+1","Noxious Fumes","Well Laid Plans","After Image","Deadly Poison","Infinite Blades","Footwork","Riddle With Holes+1","Well Laid Plans"],"relics":["Ring of the Snake","Snake Skull","StoneCalendar","Bronze Scales","Juzu Bracelet","Empty Cage","Art of War","Whetstone","Meat on the Bone"],"potions_floor_usage":[7,10,23],"damage_taken":[{"damage":0,"enemies":"Cultist","floor":1,"turns":4},{"damage":1,"enemies":"2 Louse","floor":3,"turns":3},{"damage":31,"enemies":"3 Sentries","floor":7,"turns":10},{"damage":23,"enemies":"Lagavulin","floor":10,"turns":7},{"damage":46,"enemies":"Slime Boss","floor":16,"turns":7},{"damage":20,"enemies":"2 Thieves","floor":18,"turns":4},{"damage":41,"enemies":"Book of Stabbing","floor":23,"turns":7},{"damage":3,"enemies":"Chosen","floor":25,"turns":6},{"damage":24,"enemies":"Snake Plant","floor":27,"turns":2}],"seed_played":"-1758072630523240932","potions_obtained":[{"floor":1,"key":"SteroidPotion"},{"floor":7,"key":"Energy Potion"},{"floor":18,"key":"GamblersBrew"},{"floor":25,"key":"Fire Potion"}],"is_trial":false,"path_per_floor":["M","$","M","?","T","R","E","$","T","E","$","R","$","?","R","B",null,"M","$","?","?","$","E","R","M","T","M"],"character_chosen":"THE_SILENT","items_purchased":["Noxious Fumes","Infinite Blades","Strength Potion","Footwork"],"campfire_rested":3,"item_purchase_floors":[11,19,19,22],"current_hp_per_floor":[70,70,69,69,69,69,38,38,38,15,15,38,38,38,61,15,62,42,42,42,42,42,1,24,21,21,0],"gold":79,"neow_bonus":"TEN_PERCENT_HP_BONUS","is_prod":false,"is_daily":false,"chose_seed":false,"campfire_upgraded":1,"win_rate":0,"timestamp":1553446615,"path_taken":["M","?","M","?","?","R","E","?","T","E","$","R","$","?","R","BOSS","M","$","?","?","$","E","R","M","T","M"],"build_version":"2019-01-23","purchased_purges":0,"victory":false,"max_hp_per_floor":[77,77,77,77,77,77,77,77,77,77,77,77,77,77,77,77,77,77,77,77,77,77,77,77,77,77,77],"card_choices":[{"not_picked":["Riddle With Holes","Blade Dance"],"picked":"Crippling Poison","floor":1},{"not_picked":["Masterful Stab","Prepared"],"picked":"Quick Slash","floor":3},{"not_picked":["Dash","Poisoned Stab"],"picked":"Footwork","floor":7},{"not_picked":["Deadly Poison","Slice"],"picked":"Glass Knife","floor":10},{"not_picked":["Malaise","Wraith Form v2"],"picked":"After Image","floor":16},{"not_picked":["Prepared","Accuracy"],"picked":"Deadly Poison","floor":18},{"not_picked":["Masterful Stab","Bane+1"],"picked":"Riddle With Holes","floor":23},{"not_picked":["Outmaneuver","Tactician"],"picked":"Well Laid Plans","floor":25}],"player_experience":240102,"relics_obtained":[{"floor":5,"key":"Snake Skull"},{"floor":7,"key":"StoneCalendar"},{"floor":9,"key":"Bronze Scales"},{"floor":10,"key":"Juzu Bracelet"},{"floor":23,"key":"Whetstone"},{"floor":26,"key":"Meat on the Bone"}],"event_choices":[{"damage_healed":0,"gold_gain":0,"player_choice":"Grow","damage_taken":0,"max_hp_gain":0,"max_hp_loss":0,"event_name":"Living Wall","floor":4,"gold_loss":0,"cards_upgraded":["Neutralize"]},{"damage_healed":0,"gold_gain":0,"player_choice":"1 cards matched","damage_taken":0,"max_hp_gain":0,"max_hp_loss":0,"event_name":"Match and Keep!","floor":14,"gold_loss":0,"cards_obtained":["Well Laid Plans"]},{"damage_healed":0,"gold_gain":0,"player_choice":"Obtained Relic","damage_taken":0,"relics_obtained":["Art of War"],"max_hp_gain":0,"max_hp_loss":0,"event_name":"Addict","floor":20,"gold_loss":85},{"damage_healed":0,"gold_gain":0,"player_choice":"Ignored","damage_taken":0,"max_hp_gain":0,"max_hp_loss":0,"event_name":"N\u0027loth","floor":21,"gold_loss":0}],"is_beta":false,"boss_relics":[{"not_picked":["Snecko Eye","Runic Pyramid"],"picked":"Empty Cage"}],"items_purged_floors":[],"is_endless":false,"potions_floor_spawned":[1,7,18,25],"killed_by":"Snake Plant","ascension_level":12}