{"path_per_floor":["M","?","M","$","M","E","M","?","T","M","M","M","M","M","R","B",null,"M","?","?","M","?"],"character_chosen":"IRONCLAD","items_purchased":[],"gold_per_floor":[118,118,141,141,157,200,221,321,321,334,355,375,400,419,419,538,538,557,557,557,577,577],"floor_reached":23,"campfire_rested":0,"playtime":944,"current_hp_per_floor":[88,88,88,88,85,77,70,70,70,69,75,81,72,63,63,33,88,87,87,87,54,38],"items_purged":[],"gold":577,"score":197,"play_id":"b9e7d19f-ad40-47c7-899c-9659bf2f53c0","is_prod":false,"is_daily":false,"is_ascension_mode":false,"campfire_upgraded":1,"path_taken":["M","?","M","$","M","E","M","?","T","M","M","?","?","M","R","BOSS","M","?","?","?","?","E"],"build_version":"2018-02-12-PROD1","purchased_purges":0,"victory":false,"master_deck":["Strike_R","Strike_R","Strike_R","Strike_R","Strike_R","Defend_R","Defend_R","Defend_R","Defend_R","Bash","Cleave","Injury","Shrug It Off","Perfected Strike","Perfected Strike","Twin Strike","Armaments+1","Armaments","Cleave","Perfected Strike","Pommel Strike","Reaper","Battle Trance+1","Metallicize","Pommel Strike"],"max_hp_per_floor":[88,88,88,88,88,88,88,88,88,88,88,88,88,88,88,88,88,88,88,88,88,88],"relics":["Burning Blood","Golden Idol","Omamori","Du-Vu Doll","Black Star","Lantern","Enchiridion"],"card_choices":[{"not_picked":["Uppercut","Pommel Strike"],"picked":"Cleave"},{"not_picked":["Spot Weakness","Headbutt"],"picked":"Shrug It Off"},{"not_picked":["Hemokinesis","Bloodletting"],"picked":"Perfected Strike"},{"not_picked":["Clash","Searing Blow"],"picked":"Perfected Strike"},{"not_picked":["Spot Weakness","Feel No Pain"],"picked":"Twin Strike"},{"not_picked":["Shockwave","Brutality"],"picked":"Armaments"},{"not_picked":["Anger","Heavy Blade"],"picked":"Armaments"},{"not_picked":["Sever Soul","Armaments"],"picked":"Cleave"},{"not_picked":["Armaments","Heavy Blade"],"picked":"Perfected Strike"},{"not_picked":["Warcry","Heavy Blade"],"picked":"Pommel Strike"},{"not_picked":["Offering","Bludgeon"],"picked":"Reaper"},{"not_picked":["Cleave","Searing Blow"],"picked":"Battle Trance"},{"not_picked":["Clash","Sever Soul"],"picked":"Pommel Strike"}],"player_experience":60097,"potions_floor_usage":[6,7,16,18],"damage_taken":[{"damage":1,"enemies":"Jaw Worm","floor":1,"turns":6},{"damage":3,"enemies":"Cultist","floor":3,"turns":5},{"damage":9,"enemies":"Blue Slaver","floor":5,"turns":6},{"damage":14,"enemies":"Gremlin Nob","floor":6,"turns":3},{"damage":13,"enemies":"Gremlin Gang","floor":7,"turns":4},{"damage":7,"enemies":"Looter","floor":10,"turns":3},{"damage":0,"enemies":"Large Slime","floor":11,"turns":4},{"damage":0,"enemies":"2 Fungi Beasts","floor":12,"turns":4},{"damage":15,"enemies":"Exordium Wildlife","floor":13,"turns":4},{"damage":15,"enemies":"Exordium Thugs","floor":14,"turns":4},{"damage":36,"enemies":"The Guardian","floor":16,"turns":8},{"damage":7,"enemies":"Shell Parasite","floor":18,"turns":3},{"damage":39,"enemies":"3 Byrds","floor":21,"turns":6},{"damage":69,"enemies":"Gremlin Leader","floor":23,"turns":8}],"event_choices":[{"event_name":"Golden Idol","player_choice":"Take Wound","floor":2,"damage_taken":0},{"event_name":"Golden Shrine","player_choice":"Pray","floor":8,"damage_taken":0},{"event_name":"The Library","player_choice":"Read","floor":19,"damage_taken":0},{"event_name":"The Mausoleum","player_choice":"Yes","floor":20,"damage_taken":0},{"event_name":"Cursed Tome","player_choice":"Obtained Book","floor":22,"damage_taken":0}],"boss_relics":[{"not_picked":["Sozu","Tiny House"],"picked":"Black Star"}],"potions_floor_spawned":[1,6,7,11,13],"seed_played":"-4767296431970598180","killed_by":"Gremlin Leader","ascension_level":0,"is_trial":false}