{"gold_per_floor":[109,124,124,144,109,141,141,173,173,163,163,180,206,226,226,329,329,347,364,20,130,130,130],"floor_reached":23,"playtime":1083,"items_purged":[],"score":203,"play_id":"c30d0b75-e3a9-406e-88dd-bc9d7f153078","local_time":"20190130004327","is_ascension_mode":false,"campfire_choices":[{"data":"Loop","floor":7,"key":"SMITH"},{"data":"Core Surge","floor":11,"key":"SMITH"},{"floor":15,"key":"REST"}],"neow_cost":"NONE","seed_source_timestamp":2118202898015003,"circlet_count":0,"master_deck":["Strike_B","Strike_B","Strike_B","Strike_B","Defend_B","Defend_B","Defend_B","Zap","Dualcast","Core Surge+1","Coolheaded","Gash","Meteor Strike","Loop+1","Conserve Battery","Conserve Battery","Compile Driver+1","Streamline+1","Buffer","Hologram","Echo Form+1","ReplayTheSpireMod:Calculation Training","BasicCrystalCard+1","strawberrySpire:AngeryBot","Cold Snap+1","Barrage"],"relics":["Cracked Core","Geode","Regal Pillow","strawberrySpire:ShipInABottle","Baseball","Cursed Key","Runic Capacitor","Ancient Tea Set"],"potions_floor_usage":[6,12,18,19,21,23],"damage_taken":[{"damage":0,"enemies":"Cultist","floor":1,"turns":3},{"damage":4,"enemies":"Jaw Worm","floor":2,"turns":4},{"damage":10,"enemies":"Small Slimes","floor":4,"turns":2},{"damage":22,"enemies":"Lagavulin","floor":6,"turns":7},{"damage":2,"enemies":"Exordium Thugs","floor":8,"turns":5},{"damage":9,"enemies":"Exordium Thugs","floor":10,"turns":4},{"damage":8,"enemies":"Lots of Slimes","floor":12,"turns":2},{"damage":17,"enemies":"3 Sentries","floor":13,"turns":6},{"damage":0,"enemies":"2 Fungi Beasts","floor":14,"turns":3},{"damage":5,"enemies":"Slime Boss","floor":16,"turns":8},{"damage":9,"enemies":"Spheric Guardian","floor":18,"turns":4},{"damage":21,"enemies":"3 Byrds","floor":19,"turns":6},{"damage":27,"enemies":"Cultist and Chosen","floor":21,"turns":5},{"damage":33,"enemies":"Book of Stabbing","floor":23,"turns":4}],"seed_played":"4234086302681566085","potions_obtained":[{"floor":1,"key":"Explosive Potion"},{"floor":4,"key":"Adrenaline Potion"},{"floor":6,"key":"FearPotion"},{"floor":13,"key":"SpeedPotion"},{"floor":16,"key":"Adrenaline Potion"},{"floor":18,"key":"Regen Potion"}],"is_trial":false,"path_per_floor":["M","M","?","M","?","E","R","MIM","T","M","R","M","E","M","R","B",null,"M","M","$","M","?","E"],"character_chosen":"DEFECT","items_purchased":["strawberrySpire:AngeryBot","Cold Snap+1","Runic Capacitor","Ancient Tea Set"],"campfire_rested":1,"item_purchase_floors":[20,20,20,20],"current_hp_per_floor":[75,71,71,61,75,53,53,51,51,42,42,34,17,17,54,49,75,66,45,45,30,30,0],"gold":130,"neow_bonus":"ONE_RANDOM_RARE_CARD","is_prod":false,"is_daily":false,"chose_seed":false,"campfire_upgraded":2,"win_rate":0,"timestamp":1548827007,"path_taken":["M","M","?","?","?","E","R","?","T","?","R","?","E","M","R","BOSS","M","M","$","M","?","E"],"build_version":"2019-01-23","purchased_purges":0,"victory":false,"max_hp_per_floor":[75,75,75,75,75,75,75,75,75,75,75,75,75,75,75,75,75,75,75,75,75,75,75],"card_choices":[{"not_picked":["Recycle","Beam Cell"],"picked":"Coolheaded","floor":1},{"not_picked":["Conserve Battery","Coolheaded"],"picked":"Gash","floor":2},{"not_picked":["Chaos","Leap"],"picked":"Loop","floor":4},{"not_picked":["Reinforced Body","Reboot"],"picked":"Conserve Battery","floor":6},{"not_picked":["Loop","Chill"],"picked":"Conserve Battery","floor":8},{"not_picked":["Stack","strawberrySpire:Adapter"],"picked":"Compile Driver+1","floor":10},{"not_picked":["Reinforced Body","Genetic Algorithm"],"picked":"Streamline+1","floor":12},{"not_picked":["Fusion","Cold Snap+1"],"picked":"Buffer","floor":13},{"not_picked":["Beam Cell+1","strawberrySpire:NeonFlight"],"picked":"Hologram","floor":14},{"not_picked":["Creative AI","Machine Learning"],"picked":"Echo Form+1","floor":16},{"not_picked":["Coolheaded+1","Ball Lightning"],"picked":"ReplayTheSpireMod:Calculation Training","floor":18},{"not_picked":["Leap+1","Reprogram"],"picked":"BasicCrystalCard+1","floor":19},{"not_picked":["strawberrySpire:Disconnect+1","strawberrySpire:NeonFlight+1"],"picked":"Barrage","floor":21}],"player_experience":380399,"relics_obtained":[{"floor":6,"key":"Geode"},{"floor":8,"key":"Regal Pillow"},{"floor":9,"key":"strawberrySpire:ShipInABottle"},{"floor":13,"key":"Baseball"}],"event_choices":[{"damage_healed":0,"gold_gain":0,"cards_transformed":["Defend_B"],"player_choice":"Transformed","damage_taken":0,"max_hp_gain":0,"max_hp_loss":0,"event_name":"Transmorgrifier","floor":3,"gold_loss":0,"cards_obtained":["Meteor Strike"]},{"damage_healed":18,"gold_gain":0,"player_choice":"Healed","damage_taken":0,"max_hp_gain":0,"max_hp_loss":0,"event_name":"The Cleric","floor":5,"gold_loss":35},{"damage_healed":0,"gold_gain":0,"player_choice":"Ignored","damage_taken":0,"max_hp_gain":0,"max_hp_loss":0,"event_name":"Vampires","floor":22,"gold_loss":0}],"is_beta":false,"boss_relics":[{"not_picked":["Black Star","ReplayTheSpireMod:DimensionalGlitch"],"picked":"Cursed Key"}],"items_purged_floors":[],"is_endless":false,"potions_floor_spawned":[1,4,6,13,16,18],"killed_by":"Book of Stabbing","ascension_level":0}