{"path_per_floor":["M","?","M","?","M","E","?","R","T","M","R","$","?","M","R","B",null,"M","?","M","M","M"],"character_chosen":"IRONCLAD","items_purchased":["Armaments","Meat on the Bone","Regal Pillow"],"gold_per_floor":[119,119,132,307,326,361,426,426,450,462,462,21,21,46,46,167,167,150,150,173,198,221],"floor_reached":23,"campfire_rested":3,"playtime":1196,"current_hp_per_floor":[80,85,85,85,78,52,20,45,45,51,76,76,76,61,85,47,85,66,66,58,59,52],"items_purged":[],"gold":221,"score":193,"play_id":"3a788691-a574-4373-94df-17b470f03dff","is_prod":false,"is_daily":false,"is_ascension_mode":false,"campfire_upgraded":0,"path_taken":["M","?","?","?","?","E","?","R","T","?","R","?","?","M","R","BOSS","M","?","M","?","M","E"],"build_version":"2018-02-12-PROD1","purchased_purges":0,"victory":false,"master_deck":["Strike_R","Strike_R","Strike_R","Strike_R","Strike_R","Defend_R","Defend_R","Defend_R","Defend_R","Bash","Offering","Wild Strike","Havoc","Headbutt","Cleave","Wild Strike","Flex+1","Armaments+1","Injury","Iron Wave","Juggernaut","Metallicize","Disarm+1","Sword Boomerang","Metallicize","Shockwave+1","Rampage","Rampage+1","Infernal Blade+1","Shrug It Off+1"],"max_hp_per_floor":[80,85,85,85,85,85,85,85,85,85,85,85,85,85,85,85,85,85,85,85,85,85],"relics":["Burning Blood","Oddly Smooth Stone","Toxic Egg 2","Prayer Wheel","Meat on the Bone","Regal Pillow","Golden Idol","Orrery"],"card_choices":[{"not_picked":["Corruption","True Grit"],"picked":"Wild Strike"},{"not_picked":["Fire Breathing","Blood for Blood"],"picked":"Havoc"},{"not_picked":["Power Through","Warcry"],"picked":"Headbutt"},{"not_picked":["Havoc","Pummel"],"picked":"Cleave"},{"not_picked":["True Grit","Offering"],"picked":"Wild Strike"},{"not_picked":["Wild Strike","Pommel Strike"],"picked":"Flex"},{"not_picked":["Wild Strike","Sever Soul"],"picked":"Iron Wave"},{"not_picked":["Bludgeon","Demon Form"],"picked":"Juggernaut"},{"not_picked":["Dropkick","True Grit"],"picked":"Metallicize"},{"not_picked":["Reckless Charge","Warcry"],"picked":"Disarm"},{"not_picked":["Dropkick","Clothesline"],"picked":"Sword Boomerang"},{"not_picked":["Pommel Strike","Flex"],"picked":"Metallicize"},{"not_picked":["Corruption","Spot Weakness"],"picked":"Shockwave"},{"not_picked":["Heavy Blade","Wild Strike"],"picked":"Rampage"},{"not_picked":["Burning Pact","Sword Boomerang"],"picked":"Rampage"},{"not_picked":["Fiend Fire","Heavy Blade"],"picked":"Infernal Blade"},{"not_picked":["Body Slam","Warcry"],"picked":"Shrug It Off"}],"player_experience":69633,"potions_floor_usage":[16,16,16,18,21,22],"damage_taken":[{"damage":4,"enemies":"Cultist","floor":1,"turns":3},{"damage":4,"enemies":"Small Slimes","floor":3,"turns":3},{"damage":13,"enemies":"Blue Slaver","floor":5,"turns":4},{"damage":32,"enemies":"Gremlin Nob","floor":6,"turns":5},{"damage":38,"enemies":"3 Sentries","floor":7,"turns":7},{"damage":0,"enemies":"3 Louse","floor":10,"turns":3},{"damage":21,"enemies":"2 Fungi Beasts","floor":14,"turns":4},{"damage":56,"enemies":"Hexaghost","floor":16,"turns":11},{"damage":25,"enemies":"2 Thieves","floor":18,"turns":4},{"damage":26,"enemies":"Chosen","floor":20,"turns":7},{"damage":32,"enemies":"Snake Plant","floor":21,"turns":6},{"damage":13,"enemies":"3 Cultists","floor":22,"turns":5},{"damage":56,"enemies":"Gremlin Leader","floor":23,"turns":9}],"event_choices":[{"event_name":"Big Fish","player_choice":"Donut","floor":2,"damage_taken":0},{"event_name":"Liars Game","player_choice":"agreed","floor":4,"damage_taken":0},{"event_name":"Dead Adventurer","player_choice":"Searched \u00272\u0027 times","floor":7,"damage_taken":0},{"event_name":"Golden Idol","player_choice":"Take Wound","floor":13,"damage_taken":0},{"event_name":"Purifier","player_choice":"One Purge","floor":19,"damage_taken":0}],"boss_relics":[{"not_picked":["White Beast Statue","Question Card"],"picked":"Orrery"}],"potions_floor_spawned":[3,7,14,16,20,21,22],"seed_played":"4191612694078770907","killed_by":"Gremlin Leader","ascension_level":0,"is_trial":false}