{"gold_per_floor":[113,113,133,133,43,56,231,246,246,307,307,307,307,307,307,405,405,423,46,61,61,73,106,116,141,221,221],"floor_reached":27,"playtime":3179,"items_purged":[],"score":278,"play_id":"1a0c824c-6dad-4bb4-acc0-191a5c14371c","local_time":"20190123142655","is_ascension_mode":true,"campfire_choices":[{"data":"Spot Weakness","floor":12,"key":"SMITH"},{"floor":15,"key":"REST"}],"neow_cost":"NONE","seed_source_timestamp":1560708623799878,"circlet_count":0,"master_deck":["Strike_R","Strike_R","Strike_R","Strike_R+1","Strike_R","Defend_R","Defend_R","Defend_R","Defend_R+1","Warcry","Flame Barrier","Body Slam","Dramatic Entrance","Uppercut","Berserk","Spot Weakness+1","Reaper","Thunderclap","Bandage Up","Flame Barrier+1","Pain","Armaments+1","Havoc+1","Flex+1","Wild Strike"],"relics":["Burning Blood","Pantograph","Gambling Chip","Bag of Marbles","White Beast Statue","Champion Belt","WarpedTongs","Pear","Question Card","Bottled Tornado"],"potions_floor_usage":[10,16,16,16,22,22,23,25,27,27],"damage_taken":[{"damage":17,"enemies":"Cultist","floor":1,"turns":6},{"damage":3,"enemies":"2 Louse","floor":3,"turns":4},{"damage":7,"enemies":"Jaw Worm","floor":6,"turns":5},{"damage":9,"enemies":"Blue Slaver","floor":8,"turns":6},{"damage":31,"enemies":"Lagavulin Event","floor":10,"turns":6},{"damage":49,"enemies":"The Guardian","floor":16,"turns":10},{"damage":36,"enemies":"Spheric Guardian","floor":18,"turns":4},{"damage":30,"enemies":"3 Byrds","floor":20,"turns":4},{"damage":15,"enemies":"Snake Plant","floor":22,"turns":3},{"damage":41,"enemies":"Gremlin Leader","floor":23,"turns":7},{"damage":45,"enemies":"Snecko","floor":24,"turns":7},{"damage":65,"enemies":"Book of Stabbing","floor":25,"turns":6},{"damage":50,"enemies":"Gremlin Leader","floor":27,"turns":5}],"seed_played":"-2188749100063443992","potions_obtained":[{"floor":3,"key":"Energy Potion"},{"floor":6,"key":"Ancient Potion"},{"floor":8,"key":"PowerPotion"},{"floor":10,"key":"LiquidBronze"},{"floor":18,"key":"Regen Potion"},{"floor":20,"key":"Strength Potion"},{"floor":22,"key":"Regen Potion"},{"floor":23,"key":"LiquidBronze"},{"floor":24,"key":"FearPotion"},{"floor":25,"key":"Swift Potion"}],"is_trial":false,"path_per_floor":["?","?","?","M","?","?","?","?","?"],"character_chosen":"IRONCLAD","items_purchased":["Dramatic Entrance","Champion Belt","Bandage Up"],"campfire_rested":1,"item_purchase_floors":[5,19,19],"current_hp_per_floor":[77,77,80,80,80,79,79,76,76,51,44,44,26,19,45,27,88,66,66,64,64,68,86,66,22,22,0],"gold":221,"neow_bonus":"TEN_PERCENT_HP_BONUS","is_prod":false,"is_daily":false,"chose_seed":false,"campfire_upgraded":1,"win_rate":0,"timestamp":1548271615,"path_taken":["M","?","M","?","$","M","?","?","T","?","?","R","?","?","R","BOSS","M","$","M","?","M","E","M","E","T","E"],"build_version":"2019-01-23","purchased_purges":0,"victory":false,"max_hp_per_floor":[88,88,88,88,88,88,88,88,88,88,88,88,88,88,88,88,88,88,88,88,88,88,98,98,98,98,98],"card_choices":[{"not_picked":["Body Slam","Evolve"],"picked":"Warcry","floor":1},{"not_picked":["Power Through","Thunderclap"],"picked":"Flame Barrier","floor":3},{"not_picked":["True Grit","Blood for Blood"],"picked":"Uppercut","floor":6},{"not_picked":["Perfected Strike","Thunderclap"],"picked":"Berserk","floor":8},{"not_picked":["Hemokinesis","Shockwave"],"picked":"Spot Weakness","floor":10},{"not_picked":["Dark Embrace","Brutality"],"picked":"Reaper","floor":16},{"not_picked":["Warcry","Disarm"],"picked":"Thunderclap","floor":18},{"not_picked":["Seeing Red","Warcry+1"],"picked":"Flame Barrier+1","floor":20},{"not_picked":["Power Through","Entrench+1"],"picked":"Armaments+1","floor":22},{"not_picked":["Dual Wield+1","Ghostly Armor"],"picked":"Havoc+1","floor":23},{"not_picked":["Havoc","Armaments"],"picked":"Flex+1","floor":24},{"not_picked":["Limit Break","Searing Blow"],"picked":"Wild Strike","floor":25}],"player_experience":326796,"relics_obtained":[{"floor":9,"key":"Pantograph"},{"floor":10,"key":"Gambling Chip"},{"floor":23,"key":"Pear"},{"floor":25,"key":"Question Card"},{"floor":26,"key":"Bottled Tornado"}],"event_choices":[{"damage_healed":0,"gold_gain":0,"player_choice":"Leave","damage_taken":0,"max_hp_gain":0,"max_hp_loss":0,"event_name":"The Cleric","floor":2,"gold_loss":0},{"damage_healed":0,"gold_gain":0,"cards_transformed":["Bash"],"player_choice":"Change","damage_taken":0,"max_hp_gain":0,"max_hp_loss":0,"event_name":"Living Wall","floor":4,"gold_loss":0,"cards_obtained":["Body Slam"]},{"damage_healed":0,"gold_gain":175,"player_choice":"AGREE","damage_taken":0,"max_hp_gain":0,"max_hp_loss":0,"event_name":"Liars Game","floor":7,"gold_loss":0,"cards_obtained":["Doubt"]},{"damage_healed":0,"gold_gain":30,"player_choice":"Searched \u00273\u0027 times","damage_taken":0,"max_hp_gain":0,"max_hp_loss":0,"event_name":"Dead Adventurer","floor":10,"gold_loss":0},{"cards_removed":["Doubt"],"damage_healed":0,"gold_gain":0,"player_choice":"Card Removal","damage_taken":7,"max_hp_gain":0,"max_hp_loss":0,"event_name":"Golden Wing","floor":11,"gold_loss":0},{"damage_healed":0,"gold_gain":0,"player_choice":"Entered Light","damage_taken":18,"max_hp_gain":0,"max_hp_loss":0,"event_name":"Shining Light","floor":13,"gold_loss":0,"cards_upgraded":["Strike_R","Defend_R"]},{"damage_healed":0,"gold_gain":0,"player_choice":"Success","damage_taken":7,"relics_obtained":["Bag of Marbles"],"max_hp_gain":0,"max_hp_loss":0,"event_name":"Scrap Ooze","floor":14,"gold_loss":0},{"damage_healed":0,"gold_gain":0,"player_choice":"Rummage","damage_taken":0,"relics_obtained":["WarpedTongs"],"max_hp_gain":0,"max_hp_loss":0,"event_name":"Accursed Blacksmith","floor":21,"gold_loss":0,"cards_obtained":["Pain"]}],"is_beta":false,"boss_relics":[{"not_picked":["Orrery","Snecko Eye"],"picked":"White Beast Statue"}],"items_purged_floors":[],"is_endless":false,"potions_floor_spawned":[3,6,8,10,18,20,22,23,24,25],"killed_by":"Gremlin Leader","ascension_level":1}