{"path_per_floor":["M","M","?","M","$","E","M","$","T","M","M","M","M","M","R"],"character_chosen":"IRONCLAD","items_purchased":["Vajra"],"gold_per_floor":[116,126,87,105,105,137,157,4,4,20,31,43,58,72,72],"floor_reached":16,"campfire_rested":1,"playtime":408,"current_hp_per_floor":[72,72,72,73,73,55,48,48,48,39,32,23,15,7,31],"items_purged":[],"gold":72,"score":108,"play_id":"ec997431-73ea-439f-83aa-764923b65e51","is_prod":false,"is_daily":false,"is_ascension_mode":false,"campfire_upgraded":0,"path_taken":["M","?","?","?","?","E","M","?","T","M","?","M","M","M","R","BOSS"],"build_version":"2018-02-12-PROD1","purchased_purges":0,"victory":false,"master_deck":["Strike_R","Strike_R","Strike_R","Strike_R","Strike_R","Defend_R","Defend_R","Defend_R","Defend_R","Bash","Perfected Strike","Thunderclap","Flex","Barricade","Seeing Red","Anger","Infernal Blade","Armaments","Anger","Uppercut"],"max_hp_per_floor":[80,80,80,80,80,80,80,80,80,80,80,80,80,80,80],"relics":["Burning Blood","Bag of Preparation","Vajra","Calipers"],"card_choices":[{"not_picked":["Cleave","Wild Strike"],"picked":"Perfected Strike"},{"not_picked":["Body Slam","Twin Strike"],"picked":"Thunderclap"},{"not_picked":["Feel No Pain","Clothesline"],"picked":"Flex"},{"not_picked":["Clash","True Grit"],"picked":"Barricade"},{"not_picked":["Iron Wave","Sword Boomerang"],"picked":"Seeing Red"},{"not_picked":["Cleave","Limit Break"],"picked":"Anger"},{"not_picked":["Thunderclap","Perfected Strike"],"picked":"Infernal Blade"},{"not_picked":["Dark Embrace","Clothesline"],"picked":"Armaments"},{"not_picked":["Cleave","Burning Pact"],"picked":"Anger"},{"not_picked":["Shockwave","Body Slam"],"picked":"Uppercut"}],"player_experience":88279,"potions_floor_usage":[1,6,6,12,12,13,14,14],"damage_taken":[{"damage":14,"enemies":"Blue Slaver","floor":1,"turns":3},{"damage":6,"enemies":"Cultist","floor":2,"turns":3},{"damage":5,"enemies":"Small Slimes","floor":4,"turns":3},{"damage":24,"enemies":"3 Sentries","floor":6,"turns":4},{"damage":13,"enemies":"2 Fungi Beasts","floor":7,"turns":3},{"damage":15,"enemies":"Lots of Slimes","floor":10,"turns":2},{"damage":13,"enemies":"Red Slaver","floor":11,"turns":2},{"damage":15,"enemies":"Exordium Thugs","floor":12,"turns":3},{"damage":14,"enemies":"Exordium Wildlife","floor":13,"turns":4},{"damage":14,"enemies":"Large Slime","floor":14,"turns":4},{"damage":34,"enemies":"Slime Boss","floor":16,"turns":7}],"event_choices":[{"event_name":"World of Goop","player_choice":"Left","floor":3,"damage_taken":0}],"boss_relics":[],"potions_floor_spawned":[4,10,11,12,13],"seed_played":"-943041668996575077","killed_by":"Slime Boss","ascension_level":0,"is_trial":false}