{"path_per_floor":["M","?","?","M","?","M","M","E","T","?","M","M","E","$","R","B",null,"M","?","?","M","?"],"character_chosen":"IRONCLAD","items_purchased":[],"gold_per_floor":[118,118,118,129,129,145,164,197,246,303,314,334,361,361,361,458,458,477,477,402,412,412],"floor_reached":23,"campfire_rested":1,"playtime":863,"current_hp_per_floor":[83,83,83,86,86,88,88,80,80,81,81,75,50,50,88,45,88,75,75,75,63,46],"items_purged":[],"gold":412,"score":201,"play_id":"4f18094b-323f-486a-b20e-a952c6446381","is_prod":false,"is_daily":false,"is_ascension_mode":false,"campfire_upgraded":0,"path_taken":["M","?","?","?","?","M","M","E","T","?","M","M","E","$","R","BOSS","M","?","?","?","?","E"],"build_version":"2018-02-12-PROD1","purchased_purges":0,"victory":false,"master_deck":["Strike_R","Strike_R","Strike_R","Strike_R","Strike_R","Defend_R","Defend_R","Defend_R","Defend_R+1","Bash","Cleave+1","Armaments+1","Perfected Strike","Inflame","Cleave","Heavy Blade","Whirlwind","Rage","Perfected Strike","Juggernaut","Iron Wave","Armaments+1","Wild Strike+1"],"max_hp_per_floor":[88,88,88,88,88,88,88,88,88,88,88,88,88,88,88,88,88,88,88,88,88,93],"relics":["Black Blood","War Paint","Regal Pillow","Omamori","The Courier","Champion Belt"],"card_choices":[{"not_picked":["Wild Strike","Headbutt"],"picked":"Cleave"},{"not_picked":["Iron Wave","Havoc"],"picked":"Armaments"},{"not_picked":["Pommel Strike","Power Through"],"picked":"Perfected Strike"},{"not_picked":["Body Slam","Impervious"],"picked":"Inflame"},{"not_picked":["Clothesline","Sword Boomerang"],"picked":"Cleave"},{"not_picked":["Headbutt","Body Slam"],"picked":"Heavy Blade"},{"not_picked":["Shrug It Off","Cleave"],"picked":"Whirlwind"},{"not_picked":["Shrug It Off","Clothesline"],"picked":"Rage"},{"not_picked":["Flame Barrier","Heavy Blade"],"picked":"Perfected Strike"},{"not_picked":["Immolate","Brutality"],"picked":"Juggernaut"},{"not_picked":["Feel No Pain","Intimidate"],"picked":"Iron Wave"},{"not_picked":["Twin Strike","Anger"],"picked":"Wild Strike"}],"player_experience":77795,"potions_floor_usage":[8,10,11,13,18,23],"damage_taken":[{"damage":11,"enemies":"Jaw Worm","floor":1,"turns":4},{"damage":3,"enemies":"Small Slimes","floor":4,"turns":3},{"damage":3,"enemies":"Cultist","floor":6,"turns":3},{"damage":2,"enemies":"Large Slime","floor":7,"turns":5},{"damage":14,"enemies":"3 Sentries","floor":8,"turns":5},{"damage":5,"enemies":"3 Sentries","floor":10,"turns":6},{"damage":6,"enemies":"Looter","floor":11,"turns":3},{"damage":12,"enemies":"3 Louse","floor":12,"turns":2},{"damage":31,"enemies":"Gremlin Nob","floor":13,"turns":4},{"damage":49,"enemies":"The Guardian","floor":16,"turns":13},{"damage":23,"enemies":"Chosen","floor":18,"turns":4},{"damage":22,"enemies":"3 Byrds","floor":21,"turns":5},{"damage":65,"enemies":"Book of Stabbing","floor":23,"turns":5}],"event_choices":[{"event_name":"The Cleric","player_choice":"Leave","floor":2,"damage_taken":0},{"event_name":"Living Wall","player_choice":"Grow","floor":3,"damage_taken":0},{"event_name":"Big Fish","player_choice":"Box","floor":5,"damage_taken":0},{"event_name":"Dead Adventurer","player_choice":"Searched \u00273\u0027 times","floor":10,"damage_taken":0},{"event_name":"Duplicator","player_choice":"One dupe","floor":19,"damage_taken":0},{"event_name":"Beggar","player_choice":"Gave Gold","floor":20,"damage_taken":0},{"event_name":"Forgotten Altar","player_choice":"Shed Blood","floor":22,"damage_taken":0}],"boss_relics":[{"not_picked":["Velvet Choker","Snecko Eye"],"picked":"Black Blood"}],"potions_floor_spawned":[4,7,8,12,16,21],"seed_played":"-6786600544434223594","killed_by":"Book of Stabbing","ascension_level":0,"is_trial":false}