{"gold_per_floor":[113,133,133,151,171,171,191,216,241,241,241,316,316,333,333,410,410,424,403,403,59,73,73,85,85,111,131,131,131,145,156,156,230,230,250,266,266],"floor_reached":37,"playtime":3868,"items_purged":["Strike_G"],"score":804,"play_id":"73634da3-36f5-4219-a62d-b47f53eec9bc","local_time":"20190621115649","is_ascension_mode":true,"campfire_choices":[{"data":"Neutralize","floor":6,"key":"SMITH"},{"floor":10,"key":"REST"},{"floor":13,"key":"REST"},{"floor":15,"key":"REST"},{"data":"Footwork","floor":23,"key":"SMITH"},{"floor":28,"key":"REST"},{"data":"Adrenaline","floor":32,"key":"SMITH"}],"neow_cost":"NONE","seed_source_timestamp":753238548139938,"circlet_count":0,"master_deck":["AscendersBane","Defend_G","Defend_G+1","Defend_G","Defend_G","Defend_G","Strike_G","Strike_G","Strike_G","Survivor+1","Neutralize+1","Cloak And Dagger+1","Deadly Poison","Adrenaline+1","Noxious Fumes","Calculated Gamble+1","PiercingWail","After Image","Backflip","Dagger Spray","Footwork+1","Cloak And Dagger","Noxious Fumes","Backflip","After Image","A Thousand Cuts","Caltrops+1"],"relics":["Ring of the Snake","Odd Mushroom","Ancient Tea Set","Philosopher\u0027s Stone","Nloth\u0027s Gift","War Paint","Art of War","WristBlade"],"potions_floor_usage":[7,8,16,16,19,33,33],"damage_taken":[{"damage":4,"enemies":"Small Slimes","floor":1,"turns":5},{"damage":0,"enemies":"2 Louse","floor":2,"turns":4},{"damage":3,"enemies":"Cultist","floor":4,"turns":5},{"damage":8,"enemies":"3 Louse","floor":5,"turns":5},{"damage":10,"enemies":"The Mushroom Lair","floor":7,"turns":6},{"damage":15,"enemies":"3 Sentries","floor":8,"turns":7},{"damage":0,"enemies":"Looter","floor":14,"turns":4},{"damage":44,"enemies":"Slime Boss","floor":16,"turns":11},{"damage":4,"enemies":"3 Byrds","floor":18,"turns":5},{"damage":6,"enemies":"2 Thieves","floor":19,"turns":4},{"damage":3,"enemies":"Centurion and Healer","floor":22,"turns":9},{"damage":14,"enemies":"Sentry and Sphere","floor":24,"turns":7},{"damage":11,"enemies":"Shelled Parasite and Fungi","floor":27,"turns":7},{"damage":5,"enemies":"Colosseum Slavers","floor":29,"turns":4},{"damage":6,"enemies":"Centurion and Healer","floor":30,"turns":8},{"damage":0,"enemies":"Snake Plant","floor":31,"turns":6},{"damage":0,"enemies":"Champ","floor":33,"turns":13},{"damage":8,"enemies":"Orb Walker","floor":35,"turns":5},{"damage":35,"enemies":"3 Darklings","floor":36,"turns":6},{"damage":19,"enemies":"Sphere and 2 Shapes","floor":37,"turns":5}],"seed_played":"689505786724420980","potions_obtained":[{"floor":1,"key":"GamblersBrew"},{"floor":5,"key":"GamblersBrew"},{"floor":8,"key":"PowerPotion"},{"floor":14,"key":"Fire Potion"},{"floor":16,"key":"Swift Potion"},{"floor":24,"key":"Energy Potion"},{"floor":27,"key":"Block Potion"},{"floor":30,"key":"PowerPotion"},{"floor":36,"key":"FearPotion"}],"is_trial":false,"path_per_floor":["M","M","?","M","M","R","?","E","T","R","?","?","R","M","R","B",null,"M","M","?","$","M","R","M","?","T","M","R","?","M","M","R","B",null,"M","M","M"],"character_chosen":"THE_SILENT","items_purchased":["War Paint","Footwork","Cloak And Dagger"],"campfire_rested":4,"item_purchase_floors":[21,21,21],"current_hp_per_floor":[55,55,55,52,44,44,34,19,19,38,18,7,26,26,45,1,50,46,40,40,40,37,37,23,36,36,25,44,39,33,33,33,33,58,50,15,0],"gold":266,"neow_bonus":"REMOVE_CARD","is_prod":false,"is_daily":false,"chose_seed":false,"campfire_upgraded":3,"win_rate":0,"timestamp":1561089409,"path_taken":["M","M","?","M","M","R","?","E","T","R","?","?","R","M","R","BOSS","M","M","?","$","?","R","M","?","T","M","R","?","M","M","R","BOSS","M","M","M"],"build_version":"2019-01-23","purchased_purges":1,"victory":false,"max_hp_per_floor":[66,66,66,66,66,66,66,66,66,66,66,66,66,66,66,66,66,66,66,66,66,66,66,66,66,66,66,66,66,66,66,66,66,66,66,66,66],"card_choices":[{"not_picked":["Underhanded Strike","Eviscerate","PiercingWail"],"picked":"SKIP","floor":1},{"not_picked":["Prepared","Sucker Punch"],"picked":"Cloak And Dagger","floor":2},{"not_picked":["Outmaneuver","Quick Slash"],"picked":"Deadly Poison","floor":4},{"not_picked":["Blade Dance","Flechettes"],"picked":"Adrenaline","floor":5},{"not_picked":["Poisoned Stab","Caltrops"],"picked":"Noxious Fumes","floor":7},{"not_picked":["Slice","Endless Agony"],"picked":"Calculated Gamble","floor":8},{"not_picked":["Dagger Throw","Blade Dance"],"picked":"PiercingWail","floor":14},{"not_picked":["Venomology","Tools of the Trade"],"picked":"After Image","floor":16},{"not_picked":["Acrobatics","Outmaneuver"],"picked":"Backflip","floor":18},{"not_picked":["Setup","Reflex"],"picked":"Dagger Spray","floor":19},{"not_picked":["Deflect","Malaise"],"picked":"Noxious Fumes","floor":22},{"not_picked":["Endless Agony","Deadly Poison"],"picked":"Backflip","floor":24},{"not_picked":["Choke","Deflect","Flechettes+1"],"picked":"SKIP","floor":27},{"not_picked":["Prepared","Expertise","Sucker Punch"],"picked":"SKIP","floor":30},{"not_picked":["Acrobatics+1","Tactician"],"picked":"After Image","floor":31},{"not_picked":["Glass Knife","Die Die Die"],"picked":"A Thousand Cuts","floor":33},{"not_picked":["Prepared","Slice"],"picked":"Caltrops+1","floor":35},{"not_picked":["Glass Knife","Riddle With Holes+1","Expertise"],"picked":"SKIP","floor":36}],"player_experience":935609,"relics_obtained":[{"floor":7,"key":"Odd Mushroom"},{"floor":8,"key":"Potion Belt"},{"floor":9,"key":"Ancient Tea Set"},{"floor":26,"key":"Art of War"}],"event_choices":[{"damage_healed":0,"gold_gain":0,"player_choice":"Ignored","damage_taken":0,"max_hp_gain":0,"max_hp_loss":0,"event_name":"Liars Game","floor":3,"gold_loss":0},{"damage_healed":0,"gold_gain":0,"player_choice":"Fought Mushrooms","damage_taken":0,"max_hp_gain":0,"max_hp_loss":0,"event_name":"Mushrooms","floor":7,"gold_loss":0},{"damage_healed":0,"gold_gain":0,"player_choice":"Entered Light","damage_taken":20,"max_hp_gain":0,"max_hp_loss":0,"event_name":"Shining Light","floor":11,"gold_loss":0,"cards_upgraded":["Survivor","Cloak And Dagger"]},{"damage_healed":0,"gold_gain":75,"player_choice":"Gather Gold","damage_taken":11,"max_hp_gain":0,"max_hp_loss":0,"event_name":"World of Goop","floor":12,"gold_loss":0},{"damage_healed":0,"gold_gain":0,"player_choice":"Traded Relic","damage_taken":0,"relics_obtained":["Nloth\u0027s Gift"],"max_hp_gain":0,"max_hp_loss":0,"event_name":"N\u0027loth","floor":20,"relics_lost":["Potion Belt"],"gold_loss":0},{"damage_healed":13,"gold_gain":0,"player_choice":"Heal","damage_taken":0,"max_hp_gain":0,"max_hp_loss":0,"event_name":"The Library","floor":25,"gold_loss":0},{"damage_healed":0,"gold_gain":0,"player_choice":"Fight","damage_taken":0,"max_hp_gain":0,"max_hp_loss":0,"event_name":"Colosseum","floor":29,"gold_loss":0},{"damage_healed":0,"gold_gain":0,"player_choice":"Fled From Nobs","damage_taken":0,"max_hp_gain":0,"max_hp_loss":0,"event_name":"Colosseum","floor":29,"gold_loss":0}],"is_beta":false,"boss_relics":[{"not_picked":["Calling Bell","Empty Cage"],"picked":"Philosopher\u0027s Stone"},{"not_picked":["HoveringKite","Pandora\u0027s Box"],"picked":"WristBlade"}],"items_purged_floors":[21],"is_endless":false,"potions_floor_spawned":[1,5,8,14,16,24,27,30,36],"killed_by":"Sphere and 2 Shapes","ascension_level":18}