{"gold_per_floor":[117,42,42,117,127,127,127,166,242,267,267,285,308,339,339,468,468,487,487],"floor_reached":19,"playtime":950,"items_purged":["Strike_R"],"score":222,"play_id":"d85f8a00-8204-4a1d-9ab1-735a97ab6dc4","local_time":"20190623200537","is_ascension_mode":true,"campfire_choices":[{"data":"Sword Boomerang","floor":6,"key":"SMITH"},{"data":"Bash","floor":11,"key":"SMITH"},{"data":"Pommel Strike","floor":15,"key":"SMITH"}],"neow_cost":"NONE","seed_source_timestamp":258330339023618,"circlet_count":0,"master_deck":["Strike_R","Strike_R","Strike_R","Strike_R","Defend_R","Defend_R","Defend_R","Defend_R","Bash+1","Demon Form+1","Heavy Blade","Sword Boomerang+1","Shrug It Off","Cleave","Battle Trance","Inflame","Pommel Strike+1","Double Tap","Sword Boomerang"],"relics":["Burning Blood","Golden Idol","Magic Flower","Bird Faced Urn","Philosopher\u0027s Stone"],"potions_floor_usage":[14,16,16],"damage_taken":[{"damage":6,"enemies":"Cultist","floor":1,"turns":4},{"damage":2,"enemies":"Small Slimes","floor":5,"turns":4},{"damage":0,"enemies":"Lagavulin","floor":8,"turns":4},{"damage":1,"enemies":"2 Louse","floor":10,"turns":3},{"damage":18,"enemies":"Looter","floor":12,"turns":4},{"damage":4,"enemies":"Lots of Slimes","floor":13,"turns":3},{"damage":18,"enemies":"3 Sentries","floor":14,"turns":5},{"damage":19,"enemies":"The Guardian","floor":16,"turns":8},{"damage":21,"enemies":"Shell Parasite","floor":18,"turns":4},{"damage":86,"enemies":"Masked Bandits","floor":19,"turns":5}],"seed_played":"5135845104729423810","potions_obtained":[{"floor":8,"key":"GamblersBrew"},{"floor":10,"key":"Fire Potion"},{"floor":13,"key":"GamblersBrew"}],"is_trial":false,"path_per_floor":["M","$","?","?","M","R","?","E","T","M","R","M","M","E","R","B",null,"M","?"],"character_chosen":"IRONCLAD","items_purchased":[],"campfire_rested":0,"item_purchase_floors":[],"current_hp_per_floor":[80,80,80,69,73,73,53,59,59,67,67,58,63,54,54,50,80,71,0],"gold":487,"neow_bonus":"ONE_RANDOM_RARE_CARD","is_prod":false,"is_daily":false,"chose_seed":false,"campfire_upgraded":3,"win_rate":0,"timestamp":1561345537,"path_taken":["M","$","?","?","M","R","?","E","T","M","R","M","M","E","R","BOSS","M","?"],"build_version":"2019-01-23","purchased_purges":1,"victory":false,"max_hp_per_floor":[80,80,80,80,80,80,80,80,80,80,80,80,80,80,80,80,80,80,80],"card_choices":[{"not_picked":["Clothesline","Body Slam"],"picked":"Heavy Blade","floor":1},{"not_picked":["Flex","Iron Wave"],"picked":"Sword Boomerang","floor":5},{"not_picked":["Pommel Strike","Clothesline"],"picked":"Shrug It Off","floor":8},{"not_picked":["Shockwave","Burning Pact"],"picked":"Cleave","floor":10},{"not_picked":["Rupture","Clash"],"picked":"Battle Trance","floor":12},{"not_picked":["Sword Boomerang","Reckless Charge"],"picked":"Inflame","floor":13},{"not_picked":["True Grit","Power Through"],"picked":"Pommel Strike","floor":14},{"not_picked":["Impervious","Dark Embrace"],"picked":"Double Tap","floor":16},{"not_picked":["Metallicize","Body Slam"],"picked":"Sword Boomerang","floor":18}],"player_experience":20590,"relics_obtained":[{"floor":8,"key":"Magic Flower"},{"floor":14,"key":"Bird Faced Urn"}],"event_choices":[{"damage_healed":0,"gold_gain":0,"player_choice":"Grow","damage_taken":0,"max_hp_gain":0,"max_hp_loss":0,"event_name":"Living Wall","floor":3,"gold_loss":0,"cards_upgraded":["Demon Form"]},{"damage_healed":0,"gold_gain":75,"player_choice":"Gather Gold","damage_taken":11,"max_hp_gain":0,"max_hp_loss":0,"event_name":"World of Goop","floor":4,"gold_loss":0},{"damage_healed":0,"gold_gain":0,"player_choice":"Take Damage","damage_taken":20,"relics_obtained":["Golden Idol"],"max_hp_gain":0,"max_hp_loss":0,"event_name":"Golden Idol","floor":7,"gold_loss":0},{"damage_healed":0,"gold_gain":0,"player_choice":"Fought Bandits","damage_taken":0,"max_hp_gain":0,"max_hp_loss":0,"event_name":"Masked Bandits","floor":19,"gold_loss":0}],"is_beta":false,"boss_relics":[{"not_picked":["Fusion Hammer","Velvet Choker"],"picked":"Philosopher\u0027s Stone"}],"items_purged_floors":[2],"is_endless":false,"potions_floor_spawned":[8,10,13],"killed_by":"Masked Bandits","ascension_level":2}