{"gold_per_floor":[116,116,116,116,132,170,191,16,40,52,64,114,126,179,191,323,335,360,372,384,406,431,443,455,493,505,617,629],"floor_reached":28,"playtime":994,"items_purged":[],"score":402,"play_id":"ec518278-a217-4c93-b508-2e64e5eaacf4","local_time":"20181202153951","is_ascension_mode":true,"campfire_choices":[{"floor":10,"key":"REST"},{"floor":13,"key":"REST"},{"floor":15,"key":"REST"},{"floor":23,"key":"REST"}],"neow_cost":"NONE","seed_source_timestamp":5518998516997691,"circlet_count":0,"master_deck":["Strike_B","Strike_B","Strike_B","Strike_B","Defend_B+1","Defend_B","Defend_B","Defend_B","Zap","Dualcast+1","Gash","Injury","Gash","Machine Learning","Gash","Metamorphosis","Cold Snap","Ball Lightning","Reboot","Normality","Regret","Regret","Melter+1","Pain","Fusion+1","Electrodynamics","RitualDagger","Defragment","Force Field"],"relics":["Cracked Core","Blood Vial","Bloody Idol","Orichalcum","MawBank","Lantern","Regal Pillow","Calling Bell","Gremlin Horn","Ice Cream","War Paint","WarpedTongs","Smiling Mask","Pantograph","Unceasing Top","Shuriken"],"potions_floor_usage":[1,6,6,7,12,22,22,27],"damage_taken":[{"damage":0,"enemies":"2 Louse","floor":1,"turns":1},{"damage":2,"enemies":"Jaw Worm","floor":5,"turns":3},{"damage":45,"enemies":"3 Sentries","floor":6,"turns":8},{"damage":12,"enemies":"Small Slimes","floor":7,"turns":3},{"damage":12,"enemies":"Gremlin Nob","floor":12,"turns":3},{"damage":17,"enemies":"3 Sentries","floor":14,"turns":6},{"damage":33,"enemies":"Slime Boss","floor":16,"turns":5},{"damage":33,"enemies":"2 Thieves","floor":18,"turns":4},{"damage":20,"enemies":"3 Byrds","floor":21,"turns":4},{"damage":25,"enemies":"Cultist and Chosen","floor":22,"turns":6},{"damage":30,"enemies":"Gremlin Leader","floor":25,"turns":5},{"damage":28,"enemies":"Colosseum Slavers","floor":27,"turns":3},{"damage":29,"enemies":"Colosseum Nobs","floor":27,"turns":4},{"damage":18,"enemies":"Shelled Parasite and Fungi","floor":28,"turns":2}],"seed_played":"2798468191116981721","potions_obtained":[{"floor":0,"key":"Swift Potion"},{"floor":0,"key":"Weak Potion"},{"floor":0,"key":"Swift Potion"},{"floor":5,"key":"FearPotion"},{"floor":6,"key":"Swift Potion"},{"floor":16,"key":"Swift Potion"},{"floor":18,"key":"Fire Potion"},{"floor":22,"key":"LiquidBronze"}],"is_trial":false,"path_per_floor":["M","?","?","?","M","E","M","$","T","R","?","E","R","E","R","B",null,"M","?","?","M","M","R","?","E","T","?","M"],"character_chosen":"DEFECT","items_purchased":["Metamorphosis"],"campfire_rested":4,"item_purchase_floors":[8],"current_hp_per_floor":[75,75,75,75,73,30,20,20,20,42,42,32,54,39,75,42,75,42,42,47,39,26,68,67,49,54,11,0],"gold":629,"neow_bonus":"THREE_SMALL_POTIONS","is_prod":false,"is_daily":false,"chose_seed":false,"campfire_upgraded":0,"win_rate":0,"timestamp":1543783191,"path_taken":["M","?","?","?","M","E","M","?","T","R","?","E","R","E","R","BOSS","M","?","?","M","?","R","?","E","T","?","M"],"build_version":"2018-11-15","purchased_purges":0,"victory":false,"max_hp_per_floor":[75,75,75,75,75,75,75,75,75,75,75,75,75,75,75,75,75,75,75,75,75,75,75,75,75,75,75,75],"card_choices":[{"not_picked":["Hologram","Streamline"],"picked":"Gash","floor":1},{"not_picked":["Coolheaded","Lockon"],"picked":"Gash","floor":5},{"not_picked":["Recycle","Streamline"],"picked":"Machine Learning","floor":6},{"not_picked":["Coolheaded","Beam Cell"],"picked":"Gash","floor":7},{"not_picked":["Steam","Meteor Strike"],"picked":"Cold Snap","floor":12},{"not_picked":["Heatsinks","Go for the Eyes"],"picked":"Ball Lightning","floor":14},{"not_picked":["Thunder Strike","Meteor Strike"],"picked":"Reboot","floor":16},{"not_picked":["Sweeping Beam","Beam Cell"],"picked":"Melter+1","floor":18},{"not_picked":["Consume","Reprogram"],"picked":"Fusion+1","floor":21},{"not_picked":["Defragment","Beam Cell"],"picked":"Electrodynamics","floor":22},{"not_picked":["Recycle","Heatsinks"],"picked":"Defragment","floor":25},{"not_picked":["Turbo+1","Melter"],"picked":"Force Field","floor":27}],"player_experience":236337,"relics_obtained":[{"floor":6,"key":"Orichalcum"},{"floor":9,"key":"MawBank"},{"floor":12,"key":"Lantern"},{"floor":14,"key":"Regal Pillow"},{"floor":17,"key":"Gremlin Horn"},{"floor":17,"key":"Ice Cream"},{"floor":17,"key":"War Paint"},{"floor":25,"key":"Smiling Mask"},{"floor":26,"key":"Pantograph"},{"floor":27,"key":"Unceasing Top"},{"floor":27,"key":"Shuriken"}],"event_choices":[{"damage_healed":0,"gold_gain":0,"player_choice":"Leave","damage_taken":0,"max_hp_gain":0,"max_hp_loss":0,"event_name":"The Cleric","floor":2,"gold_loss":0},{"damage_healed":0,"gold_gain":0,"player_choice":"Box","damage_taken":0,"relics_obtained":["Blood Vial"],"max_hp_gain":0,"max_hp_loss":0,"event_name":"Big Fish","floor":3,"gold_loss":0,"cards_obtained":["Regret"]},{"damage_healed":0,"gold_gain":0,"player_choice":"Take Wound","damage_taken":0,"relics_obtained":["Golden Idol"],"max_hp_gain":0,"max_hp_loss":0,"event_name":"Golden Idol","floor":4,"gold_loss":0,"cards_obtained":["Injury"]},{"cards_removed":["Regret"],"damage_healed":0,"gold_gain":0,"player_choice":"Forget","damage_taken":0,"max_hp_gain":0,"max_hp_loss":0,"event_name":"Living Wall","floor":11,"gold_loss":0},{"damage_healed":0,"gold_gain":0,"player_choice":"Gave Idol","damage_taken":0,"relics_obtained":["Bloody Idol"],"max_hp_gain":0,"max_hp_loss":0,"event_name":"Forgotten Altar","floor":19,"relics_lost":["Golden Idol"],"gold_loss":0},{"damage_healed":0,"gold_gain":0,"player_choice":"Rummage","damage_taken":0,"relics_obtained":["WarpedTongs"],"max_hp_gain":0,"max_hp_loss":0,"event_name":"Accursed Blacksmith","floor":20,"gold_loss":0,"cards_obtained":["Pain"]},{"damage_healed":0,"gold_gain":0,"player_choice":"Joined the Cult","damage_taken":6,"max_hp_gain":0,"max_hp_loss":0,"event_name":"Nest","floor":24,"gold_loss":0,"cards_obtained":["RitualDagger"]},{"damage_healed":0,"gold_gain":0,"player_choice":"Fight","damage_taken":0,"max_hp_gain":0,"max_hp_loss":0,"event_name":"Colosseum","floor":27,"gold_loss":0},{"damage_healed":0,"gold_gain":0,"player_choice":"Fought Nobs","damage_taken":0,"max_hp_gain":0,"max_hp_loss":0,"event_name":"Colosseum","floor":27,"gold_loss":0}],"is_beta":false,"boss_relics":[{"not_picked":["Sozu","Ectoplasm"],"picked":"Calling Bell"}],"items_purged_floors":[],"is_endless":false,"potions_floor_spawned":[5,6,16,18,22],"killed_by":"Shelled Parasite and Fungi","ascension_level":4}