{"gold_per_floor":[214,231,251,89,103,103,128,128,128,128,128,141,141,155,155,155],"floor_reached":16,"playtime":462,"items_purged":["Strike_B"],"score":208,"play_id":"016a83d1-b6a8-4d99-957f-9a087bbd2472","local_time":"20190109010749","is_ascension_mode":true,"campfire_choices":[{"data":"Defragment","floor":6,"key":"SMITH"},{"data":"Sunder","floor":8,"key":"SMITH"},{"data":"Genetic Algorithm","floor":11,"key":"SMITH"},{"data":"Go for the Eyes","floor":13,"key":"SMITH"},{"floor":15,"key":"REST"}],"neow_cost":"NONE","seed_source_timestamp":4668717694811,"circlet_count":0,"master_deck":["AscendersBane","Strike_B","Strike_B","Strike_B","Defend_B","Defend_B","Defend_B","Defend_B","Zap","Dualcast","Compile Driver","Streamline","Go for the Eyes+1","Defragment+1","Genetic Algorithm+1","Sunder+1","Leap","Capacitor"],"relics":["Cracked Core","Molten Egg 2"],"potions_floor_usage":[10,10,16,16],"damage_taken":[{"damage":1,"enemies":"Cultist","floor":1,"turns":3},{"damage":0,"enemies":"2 Louse","floor":2,"turns":2},{"damage":7,"enemies":"Small Slimes","floor":3,"turns":3},{"damage":7,"enemies":"3 Louse","floor":5,"turns":4},{"damage":24,"enemies":"Lagavulin","floor":7,"turns":7},{"damage":0,"enemies":"Gremlin Gang","floor":10,"turns":1},{"damage":11,"enemies":"Red Slaver","floor":12,"turns":3},{"damage":0,"enemies":"2 Fungi Beasts","floor":14,"turns":2},{"damage":35,"enemies":"Hexaghost","floor":16,"turns":9}],"seed_played":"-861918431711450109","potions_obtained":[{"floor":1,"key":"SmokeBomb"},{"floor":3,"key":"EntropicBrew"},{"floor":14,"key":"FocusPotion"}],"is_trial":false,"path_per_floor":["M","M","M","$","M","R","E","R","T","M","R","M","R","M","R","B"],"character_chosen":"DEFECT","items_purchased":["Defragment"],"campfire_rested":1,"item_purchase_floors":[4],"current_hp_per_floor":[63,63,56,56,49,49,25,25,25,25,25,14,14,14,35,0],"gold":155,"neow_bonus":"HUNDRED_GOLD","is_prod":false,"is_daily":false,"chose_seed":false,"campfire_upgraded":4,"win_rate":0,"timestamp":1547006869,"path_taken":["M","M","M","$","M","R","E","R","T","M","R","?","R","M","R","BOSS"],"build_version":"2019-01-03v4","purchased_purges":1,"victory":false,"max_hp_per_floor":[71,71,71,71,71,71,71,71,71,71,71,71,71,71,71,71],"card_choices":[{"not_picked":["Doom and Gloom","Stack"],"picked":"Compile Driver","floor":1},{"not_picked":["Redo","Fission"],"picked":"Streamline","floor":2},{"not_picked":["Hologram","Barrage"],"picked":"Go for the Eyes","floor":3},{"not_picked":["Turbo","Loop"],"picked":"Genetic Algorithm","floor":5},{"not_picked":["Redo","Sweeping Beam"],"picked":"Sunder","floor":7},{"not_picked":["Go for the Eyes+1","Beam Cell+1"],"picked":"Leap","floor":12},{"not_picked":["Turbo","Go for the Eyes+1"],"picked":"Capacitor","floor":14}],"player_experience":740708,"relics_obtained":[{"floor":9,"key":"Molten Egg 2"}],"event_choices":[],"is_beta":false,"boss_relics":[],"items_purged_floors":[4],"is_endless":false,"potions_floor_spawned":[1,3,7,12,14],"killed_by":"Hexaghost","ascension_level":20}