{"gold_per_floor":[119,294,310,327,10,10,24,24,51,96,125,156,168,199,211,327,339,369,381,393],"floor_reached":20,"playtime":1006,"items_purged":["Doubt"],"score":220,"play_id":"0fb86a72-1779-4006-9bd5-f7fd09cfb7f2","local_time":"20181101004742","is_ascension_mode":true,"campfire_choices":[{"data":"Tempest","floor":6,"key":"SMITH"},{"data":"Loop","floor":8,"key":"SMITH"},{"data":"Multi-Cast","floor":15,"key":"SMITH"}],"neow_cost":"NONE","seed_source_timestamp":326582528946,"circlet_count":0,"master_deck":["Strike_B","Strike_B","Defend_B","Defend_B","Defend_B","Zap","Dualcast+1","Tempest+1","Sweeping Beam","Capacitor","Loop+1","Compile Driver","Conserve Battery","Multi-Cast+1","Consume","FTL","BootSequence","Reboot","Echo Form+1","Consume+1","Conserve Battery+1","Turbo+1"],"relics":["Cracked Core","PreservedInsect","MawBank","Smiling Mask","Astrolabe"],"potions_floor_usage":[16,16],"damage_taken":[{"damage":5,"enemies":"Small Slimes","floor":1,"turns":2},{"damage":2,"enemies":"Jaw Worm","floor":3,"turns":3},{"damage":0,"enemies":"Cultist","floor":4,"turns":3},{"damage":0,"enemies":"Gremlin Gang","floor":7,"turns":3},{"damage":23,"enemies":"Lagavulin","floor":10,"turns":5},{"damage":6,"enemies":"Looter","floor":11,"turns":3},{"damage":24,"enemies":"3 Louse","floor":12,"turns":4},{"damage":4,"enemies":"Blue Slaver","floor":14,"turns":3},{"damage":29,"enemies":"Slime Boss","floor":16,"turns":7},{"damage":19,"enemies":"2 Thieves","floor":18,"turns":4},{"damage":48,"enemies":"Chosen","floor":20,"turns":5}],"seed_played":"6263587581614930969","potions_obtained":[{"floor":1,"key":"LiquidBronze"},{"floor":3,"key":"Block Potion"},{"floor":4,"key":"FearPotion"},{"floor":12,"key":"Strength Potion"},{"floor":18,"key":"Energy Potion"}],"is_trial":false,"path_per_floor":["M","?","M","M","$","R","M","R","T","E","M","M","?","M","R","B",null,"M","?"],"character_chosen":"DEFECT","items_purchased":["Loop","PreservedInsect","Compile Driver"],"campfire_rested":0,"item_purchase_floors":[5,5,5],"current_hp_per_floor":[70,70,68,68,68,68,68,68,68,45,39,15,40,36,36,7,58,39,39,0],"gold":393,"neow_bonus":"UPGRADE_CARD","is_prod":false,"is_daily":false,"chose_seed":false,"campfire_upgraded":3,"win_rate":0,"timestamp":1541044062,"path_taken":["M","?","M","M","?","R","?","R","T","E","M","M","?","M","R","BOSS","M","?","M"],"build_version":"2018-10-25v2","purchased_purges":1,"victory":false,"max_hp_per_floor":[75,75,75,75,75,75,75,75,75,75,75,75,75,75,75,75,75,75,75,75],"card_choices":[{"not_picked":["Hello World","Turbo"],"picked":"Tempest","floor":1},{"not_picked":["Rebound","Turbo"],"picked":"Sweeping Beam","floor":3},{"not_picked":["Barrage","Beam Cell"],"picked":"Capacitor","floor":4},{"not_picked":["Ball Lightning","Rip and Tear"],"picked":"Conserve Battery","floor":7},{"not_picked":["Redo","Gash"],"picked":"Multi-Cast","floor":10},{"not_picked":["Sweeping Beam","Lockon"],"picked":"Consume","floor":11},{"not_picked":["Gash","Rebound"],"picked":"FTL","floor":12},{"not_picked":["Hologram","Rip and Tear"],"picked":"BootSequence","floor":14},{"not_picked":["Hyperbeam","All For One"],"picked":"Reboot","floor":16},{"not_picked":["Barrage","Stack"],"picked":"Turbo+1","floor":18}],"player_experience":219178,"relics_obtained":[{"floor":9,"key":"MawBank"},{"floor":10,"key":"Smiling Mask"}],"event_choices":[{"damage_healed":0,"gold_gain":175,"player_choice":"AGREE","damage_taken":0,"max_hp_gain":0,"max_hp_loss":0,"event_name":"Liars Game","floor":2,"gold_loss":0,"cards_obtained":["Doubt"]},{"damage_healed":25,"gold_gain":0,"player_choice":"Banana","damage_taken":0,"max_hp_gain":0,"max_hp_loss":0,"event_name":"Big Fish","floor":13,"gold_loss":0},{"damage_healed":0,"gold_gain":0,"player_choice":"Ignored","damage_taken":0,"max_hp_gain":0,"max_hp_loss":0,"event_name":"Ghosts","floor":19,"gold_loss":0}],"is_beta":false,"boss_relics":[{"not_picked":["Snecko Eye","Fusion Hammer"],"picked":"Astrolabe"}],"items_purged_floors":[5],"is_endless":false,"potions_floor_spawned":[1,3,4,12,18],"killed_by":"Chosen","ascension_level":5}