{"gold_per_floor":[111,125,125,125,139,139,24,55,102,52,63,80,80,95,95,169,169,184,199,199,211,228,228,240,240,263,281,281],"floor_reached":28,"playtime":2734,"items_purged":["Strike_G"],"score":448,"play_id":"d5d80043-3285-45b6-ba29-1d1d6562194c","local_time":"20190316011918","is_ascension_mode":true,"campfire_choices":[{"data":"Neutralize","floor":6,"key":"SMITH"},{"data":"Noxious Fumes","floor":13,"key":"SMITH"},{"floor":15,"key":"REST"},{"floor":23,"key":"REST"},{"floor":25,"key":"REST"}],"neow_cost":"NONE","seed_source_timestamp":1574626680207,"circlet_count":0,"master_deck":["AscendersBane","Defend_G","Defend_G","Defend_G","Defend_G","Defend_G","Strike_G","Strike_G","Survivor","Neutralize+1","Flying Knee","Poisoned Stab","Noxious Fumes+1","Catalyst","Deadly Poison","Well Laid Plans","Crippling Poison","Wraith Form v2","Footwork","Acrobatics","PiercingWail","Deflect","Catalyst","Dodge and Roll"],"relics":["Ring of the Snake","NeowsBlessing","Vajra","Smiling Mask","Velvet Choker","Oddly Smooth Stone"],"potions_floor_usage":[8,8,12,14,16,21,27],"damage_taken":[{"damage":0,"enemies":"2 Louse","floor":1,"turns":1},{"damage":0,"enemies":"Cultist","floor":2,"turns":1},{"damage":0,"enemies":"Small Slimes","floor":5,"turns":1},{"damage":31,"enemies":"Gremlin Nob","floor":8,"turns":4},{"damage":0,"enemies":"Red Slaver","floor":11,"turns":3},{"damage":6,"enemies":"3 Louse","floor":12,"turns":4},{"damage":7,"enemies":"Lots of Slimes","floor":14,"turns":3},{"damage":30,"enemies":"Slime Boss","floor":16,"turns":10},{"damage":10,"enemies":"3 Byrds","floor":18,"turns":6},{"damage":16,"enemies":"Spheric Guardian","floor":19,"turns":5},{"damage":14,"enemies":"Snake Plant","floor":21,"turns":5},{"damage":8,"enemies":"Shelled Parasite and Fungi","floor":22,"turns":5},{"damage":17,"enemies":"Sentry and Sphere","floor":24,"turns":6},{"damage":15,"enemies":"Chosen and Byrds","floor":27,"turns":7},{"damage":27,"enemies":"Cultist and Chosen","floor":28,"turns":3}],"seed_played":"-2437473853663083573","potions_obtained":[{"floor":4,"key":"FearPotion"},{"floor":4,"key":"EntropicBrew"},{"floor":14,"key":"FearPotion"},{"floor":19,"key":"SkillPotion"},{"floor":22,"key":"EssenceOfSteel"}],"is_trial":false,"path_per_floor":["M","M","?","?","M","R","$","E","T","$","M","M","R","M","R","B",null,"M","M","?","M","M","R","M","R","T","M","M"],"character_chosen":"THE_SILENT","items_purchased":["Noxious Fumes","Catalyst"],"campfire_rested":3,"item_purchase_floors":[7,7],"current_hp_per_floor":[59,59,52,52,52,52,52,21,21,21,21,29,29,22,41,11,52,42,26,26,12,4,23,6,25,25,10,0],"gold":281,"neow_bonus":"THREE_ENEMY_KILL","is_prod":false,"is_daily":false,"chose_seed":false,"campfire_upgraded":2,"win_rate":0,"timestamp":1552709958,"path_taken":["M","M","?","?","?","R","?","E","T","$","M","?","R","M","R","BOSS","M","M","?","M","M","R","M","R","T","M","?"],"build_version":"2019-01-23","purchased_purges":1,"victory":false,"max_hp_per_floor":[66,66,66,66,66,66,66,66,66,66,66,66,66,66,66,66,66,66,66,66,66,66,66,66,66,66,66,66],"card_choices":[{"not_picked":["Outmaneuver","Backflip"],"picked":"Flying Knee","floor":1},{"not_picked":["Choke","PiercingWail"],"picked":"Poisoned Stab","floor":2},{"not_picked":["Underhanded Strike","Choke","Concentrate"],"picked":"SKIP","floor":5},{"not_picked":["Dodge and Roll","All Out Attack"],"picked":"Deadly Poison","floor":8},{"not_picked":["Tactician","Blade Dance"],"picked":"Well Laid Plans","floor":11},{"not_picked":["Dodge and Roll","Slice"],"picked":"Crippling Poison","floor":12},{"not_picked":["Masterful Stab","Skewer","Cloak And Dagger"],"picked":"SKIP","floor":14},{"not_picked":["A Thousand Cuts","Bullet Time"],"picked":"Wraith Form v2","floor":16},{"not_picked":["Blade Dance","Bouncing Flask"],"picked":"Footwork","floor":18},{"not_picked":["Sucker Punch","Dagger Throw"],"picked":"Acrobatics","floor":19},{"not_picked":["Deadly Poison","Expertise","Quick Slash+1"],"picked":"SKIP","floor":21},{"not_picked":["Sucker Punch","Envenom"],"picked":"Deflect","floor":22},{"not_picked":["Acrobatics","Dash"],"picked":"Catalyst","floor":24},{"not_picked":["Cloak And Dagger","Dagger Spray"],"picked":"Dodge and Roll","floor":27}],"player_experience":939866,"relics_obtained":[{"floor":8,"key":"Vajra"},{"floor":9,"key":"Smiling Mask"},{"floor":26,"key":"Oddly Smooth Stone"}],"event_choices":[{"cards_removed":["Strike_G"],"damage_healed":0,"gold_gain":0,"player_choice":"Card Removal","damage_taken":7,"max_hp_gain":0,"max_hp_loss":0,"event_name":"Golden Wing","floor":3,"gold_loss":0},{"damage_healed":0,"gold_gain":0,"player_choice":"Got Potions","damage_taken":0,"max_hp_gain":0,"max_hp_loss":0,"event_name":"Lab","floor":4,"gold_loss":0},{"damage_healed":0,"gold_gain":0,"cards_transformed":["Strike_G"],"player_choice":"Transformed","damage_taken":0,"max_hp_gain":0,"max_hp_loss":0,"event_name":"Transmorgrifier","floor":20,"gold_loss":0,"cards_obtained":["PiercingWail"]}],"is_beta":false,"boss_relics":[{"not_picked":["Eternal Feather","White Beast Statue"],"picked":"Velvet Choker"}],"items_purged_floors":[10],"is_endless":false,"potions_floor_spawned":[8,11,14,19,22],"killed_by":"Cultist and Chosen","ascension_level":20}