{"gold_per_floor":[117,133,145,1,16,45,45,64,136,136,151,170,170,170,170,268,268,281,281],"floor_reached":19,"playtime":1169,"items_purged":[],"score":173,"play_id":"f8c4326e-ff96-4b6b-882d-8703759628fa","local_time":"20190115180701","is_ascension_mode":false,"campfire_choices":[{"floor":7,"key":"REST"},{"floor":15,"key":"REST"}],"neow_cost":"NONE","seed_source_timestamp":569917978079735,"circlet_count":0,"master_deck":["Defend_G","Defend_G","Defend_G","Defend_G","Defend_G","Strike_G","Strike_G","Strike_G","Strike_G","Strike_G","Survivor","Neutralize","Blind","Dagger Spray","Poisoned Stab","Noxious Fumes","Bane","Infinite Blades","Bane","Dash","Underhanded Strike","Flying Knee","Corpse Explosion","PiercingWail"],"relics":["Ring of the Snake","Boot","Pen Nib","Question Card","The Specimen","Sozu"],"potions_floor_usage":[16,16,16],"damage_taken":[{"damage":0,"enemies":"2 Louse","floor":1,"turns":4},{"damage":1,"enemies":"Cultist","floor":2,"turns":4},{"damage":0,"enemies":"Jaw Worm","floor":3,"turns":4},{"damage":6,"enemies":"2 Fungi Beasts","floor":5,"turns":3},{"damage":36,"enemies":"3 Sentries","floor":6,"turns":6},{"damage":7,"enemies":"Looter","floor":8,"turns":2},{"damage":10,"enemies":"Lots of Slimes","floor":11,"turns":5},{"damage":5,"enemies":"Red Slaver","floor":12,"turns":4},{"damage":5,"enemies":"Exordium Wildlife","floor":14,"turns":4},{"damage":28,"enemies":"The Guardian","floor":16,"turns":9},{"damage":23,"enemies":"2 Thieves","floor":18,"turns":4},{"damage":22,"enemies":"Colosseum Slavers","floor":19,"turns":2},{"damage":28,"enemies":"Colosseum Nobs","floor":19,"turns":3}],"seed_played":"3368562558973933704","potions_obtained":[{"floor":1,"key":"GhostInAJar"},{"floor":3,"key":"Energy Potion"},{"floor":5,"key":"Weak Potion"},{"floor":8,"key":"FearPotion"},{"floor":11,"key":"SteroidPotion"},{"floor":16,"key":"SteroidPotion"}],"is_trial":false,"path_per_floor":["M","M","M","$","M","E","R","M","T","?","M","M","?","M","R","B",null,"M","?"],"character_chosen":"THE_SILENT","items_purchased":["Boot"],"campfire_rested":2,"item_purchase_floors":[4],"current_hp_per_floor":[70,69,69,69,63,27,48,41,41,41,31,26,23,18,39,11,70,47,0],"gold":281,"neow_bonus":"RANDOM_COLORLESS","is_prod":false,"is_daily":false,"chose_seed":false,"campfire_upgraded":0,"win_rate":0.0,"timestamp":1547593621,"path_taken":["M","M","M","$","M","E","R","M","T","?","?","?","?","M","R","BOSS","M","?"],"build_version":"2019-01-10","purchased_purges":0,"victory":false,"max_hp_per_floor":[70,70,70,70,70,70,70,70,70,70,70,70,70,70,70,70,70,70,70],"card_choices":[{"not_picked":["Acrobatics","Expertise"],"picked":"Dagger Spray","floor":1},{"not_picked":["Infinite Blades","All Out Attack"],"picked":"Poisoned Stab","floor":2},{"not_picked":["Outmaneuver","PiercingWail"],"picked":"Noxious Fumes","floor":3},{"not_picked":["Underhanded Strike","Deflect"],"picked":"Bane","floor":5},{"not_picked":["Cloak And Dagger","Underhanded Strike"],"picked":"Infinite Blades","floor":6},{"not_picked":["Dagger Throw","Underhanded Strike"],"picked":"Bane","floor":8},{"not_picked":["Backflip","Flechettes","Acrobatics"],"picked":"Dash","floor":11},{"not_picked":["Deadly Poison","Dodge and Roll","Bullet Time"],"picked":"Underhanded Strike","floor":12},{"not_picked":["Deadly Poison","Riddle With Holes","Slice"],"picked":"Flying Knee","floor":14},{"not_picked":["Doppelganger","Phantasmal Killer","Tools of the Trade"],"picked":"Corpse Explosion","floor":16},{"not_picked":["Calculated Gamble","Cloak And Dagger","Prepared"],"picked":"PiercingWail","floor":18}],"player_experience":23467,"relics_obtained":[{"floor":6,"key":"Pen Nib"},{"floor":9,"key":"Question Card"}],"event_choices":[{"damage_healed":0,"gold_gain":0,"player_choice":"0 cards matched","damage_taken":0,"max_hp_gain":0,"max_hp_loss":0,"event_name":"Match and Keep!","floor":10,"gold_loss":0,"cards_obtained":[]},{"damage_healed":0,"gold_gain":0,"player_choice":"Success","damage_taken":3,"relics_obtained":["The Specimen"],"max_hp_gain":0,"max_hp_loss":0,"event_name":"Scrap Ooze","floor":13,"gold_loss":0},{"damage_healed":0,"gold_gain":0,"player_choice":"Fight","damage_taken":0,"max_hp_gain":0,"max_hp_loss":0,"event_name":"Colosseum","floor":19,"gold_loss":0},{"damage_healed":0,"gold_gain":0,"player_choice":"Fought Nobs","damage_taken":0,"max_hp_gain":0,"max_hp_loss":0,"event_name":"Colosseum","floor":19,"gold_loss":0}],"is_beta":false,"boss_relics":[{"not_picked":["Astrolabe","Philosopher\u0027s Stone"],"picked":"Sozu"}],"items_purged_floors":[],"is_endless":false,"potions_floor_spawned":[1,3,5,8,11,16],"killed_by":"Colosseum Nobs","ascension_level":0}