{"path_per_floor":["M","M","M","?","M","R","?","M","T","$","E","?","M","E","R","B",null,"M","$","M","M","?","E","R","M","T","?","$","E","M","M","R"],"character_chosen":"IRONCLAD","items_purchased":["Ancient Tea Set","Happy Flower","Anger","Dream Catcher","Mercury Hourglass"],"gold_per_floor":[109,129,144,144,156,156,218,231,231,80,112,77,93,120,120,215,215,229,52,68,80,80,114,114,131,431,431,32,65,84,97,97],"floor_reached":33,"campfire_rested":0,"playtime":1593,"current_hp_per_floor":[80,67,63,63,55,55,47,52,52,52,58,78,80,73,73,19,80,80,80,80,73,73,75,75,80,80,80,80,69,79,80,80],"items_purged":[],"gold":97,"score":324,"play_id":"1a689b08-484f-4096-8a14-a745ff9b0335","is_prod":false,"is_daily":false,"is_ascension_mode":false,"campfire_upgraded":4,"path_taken":["M","M","M","?","?","R","?","M","T","$","E","?","M","E","R","BOSS","M","$","M","M","?","E","R","M","T","?","$","E","M","M","R","BOSS"],"build_version":"2018-02-12-PROD1","purchased_purges":0,"victory":false,"master_deck":["Strike_R","Strike_R","Strike_R","Strike_R","Strike_R","Defend_R","Defend_R+1","Defend_R","Defend_R+1","Bash","Body Slam","Seeing Red+1","Anger+1","Wild Strike","Sentinel+1","Shrug It Off+1","Blood for Blood","Intimidate+1","Havoc+1","Impervious+1","Clothesline+1","Anger+1","Battle Trance+1","Sentinel+1","Fire Breathing+1","Bloodletting+1","Rage+1","Seeing Red+1","Blood for Blood+1"],"max_hp_per_floor":[80,80,80,80,80,80,80,80,80,80,80,80,80,80,80,80,80,80,80,80,80,80,80,80,80,80,80,80,80,80,80,80],"relics":["Black Blood","Toxic Egg 2","Thread and Needle","Ancient Tea Set","Gremlin Horn","Vajra","Happy Flower","Letter Opener","Bag of Marbles","Old Coin","Dream Catcher","Mercury Hourglass","Orichalcum"],"card_choices":[{"not_picked":["Anger","Dual Wield"],"picked":"Body Slam"},{"not_picked":["Bloodletting","Whirlwind"],"picked":"Seeing Red"},{"not_picked":["Warcry","Clash"],"picked":"Anger"},{"not_picked":["Clash","Warcry"],"picked":"Wild Strike"},{"not_picked":["Wild Strike","Sword Boomerang"],"picked":"Sentinel"},{"not_picked":["Perfected Strike","Body Slam"],"picked":"Shrug It Off"},{"not_picked":["Evolve","Pommel Strike"],"picked":"Blood for Blood"},{"not_picked":["Anger","Fire Breathing"],"picked":"Intimidate"},{"not_picked":["Clash","Barricade"],"picked":"Havoc"},{"not_picked":["Limit Break","Demon Form"],"picked":"Impervious"},{"not_picked":["Clash","Body Slam"],"picked":"Clothesline"},{"not_picked":["Rupture","Body Slam"],"picked":"Battle Trance"},{"not_picked":["Headbutt","Pummel"],"picked":"Sentinel"},{"not_picked":["Wild Strike","Intimidate"],"picked":"Fire Breathing"},{"not_picked":["Evolve","Rage"],"picked":"Bloodletting"},{"not_picked":["Spot Weakness","Body Slam"],"picked":"Rage"},{"not_picked":["Iron Wave","Rage"],"picked":"Seeing Red"},{"not_picked":["Burning Pact","Clothesline"],"picked":"Blood for Blood"}],"player_experience":80256,"potions_floor_usage":[7,7,11,11,18,23,30,33,33],"damage_taken":[{"damage":1,"enemies":"Jaw Worm","floor":1,"turns":4},{"damage":19,"enemies":"Blue Slaver","floor":2,"turns":5},{"damage":10,"enemies":"Small Slimes","floor":3,"turns":3},{"damage":14,"enemies":"3 Louse","floor":5,"turns":4},{"damage":14,"enemies":"3 Sentries","floor":7,"turns":7},{"damage":1,"enemies":"2 Fungi Beasts","floor":8,"turns":3},{"damage":0,"enemies":"Gremlin Nob","floor":11,"turns":3},{"damage":0,"enemies":"Large Slime","floor":13,"turns":4},{"damage":13,"enemies":"Lagavulin","floor":14,"turns":9},{"damage":60,"enemies":"Hexaghost","floor":16,"turns":11},{"damage":0,"enemies":"3 Byrds","floor":18,"turns":7},{"damage":7,"enemies":"2 Thieves","floor":20,"turns":4},{"damage":17,"enemies":"Snake Plant","floor":21,"turns":6},{"damage":20,"enemies":"Book of Stabbing","floor":23,"turns":6},{"damage":0,"enemies":"Centurion and Healer","floor":25,"turns":3},{"damage":21,"enemies":"Slavers","floor":29,"turns":4},{"damage":0,"enemies":"3 Cultists","floor":30,"turns":4},{"damage":0,"enemies":"Snecko","floor":31,"turns":4},{"damage":93,"enemies":"Automaton","floor":33,"turns":12}],"event_choices":[{"event_name":"Living Wall","player_choice":"Grow","floor":4,"damage_taken":0},{"event_name":"Dead Adventurer","player_choice":"Searched \u00271\u0027 times","floor":7,"damage_taken":0},{"event_name":"The Cleric","player_choice":"Healed","floor":12,"damage_taken":0},{"event_name":"The Mausoleum","player_choice":"Yes","floor":22,"damage_taken":0},{"event_name":"Beggar","player_choice":"Ignored","floor":27,"damage_taken":0}],"boss_relics":[{"not_picked":["Snecko Eye","Runic Dome"],"picked":"Black Blood"}],"potions_floor_spawned":[3,5,7,8,16,21,23,29,30],"seed_played":"-8591283610939057508","killed_by":"Automaton","ascension_level":0,"is_trial":false}