{"gold_per_floor":[116,136,152,152,4,4,23,23,50,84,104,129,141,141,141,240,240,258,258,277,277,192,217,217,229,229,229],"floor_reached":27,"playtime":1869,"items_purged":[],"score":233,"play_id":"58839b86-ea0e-4c95-be0b-071fdf49063c","local_time":"20190615014159","is_ascension_mode":false,"campfire_choices":[{"data":"Cleave","floor":6,"key":"SMITH"},{"data":"Rampage","floor":8,"key":"SMITH"},{"floor":15,"key":"REST"},{"floor":24,"key":"REST"}],"neow_cost":"NONE","seed_source_timestamp":109925068016100,"circlet_count":0,"master_deck":["Strike_R","Strike_R","Strike_R","Defend_R","Defend_R","Defend_R","Defend_R","Bash+1","Cleave+1","Rupture","Clash","Rampage+1","Metallicize","Pommel Strike","Clash","Limit Break","Demon Form","Thunderclap","Decay","Sword Boomerang","Blood for Blood+1","Cleave","Clothesline+1"],"relics":["Empty Cage","Regal Pillow","Dream Catcher","Potion Belt","PreservedInsect","Velvet Choker","Kunai","Gremlin Horn","Self Forming Clay"],"potions_floor_usage":[11,20],"damage_taken":[{"damage":2,"enemies":"Small Slimes","floor":1,"turns":4},{"damage":1,"enemies":"Jaw Worm","floor":2,"turns":4},{"damage":13,"enemies":"Cultist","floor":3,"turns":5},{"damage":10,"enemies":"Looter","floor":7,"turns":3},{"damage":31,"enemies":"Lagavulin","floor":10,"turns":5},{"damage":11,"enemies":"Lots of Slimes","floor":11,"turns":4},{"damage":5,"enemies":"2 Fungi Beasts","floor":13,"turns":3},{"damage":49,"enemies":"The Guardian","floor":16,"turns":10},{"damage":21,"enemies":"Spheric Guardian","floor":18,"turns":5},{"damage":21,"enemies":"3 Byrds","floor":20,"turns":4},{"damage":51,"enemies":"Gremlin Leader","floor":23,"turns":6},{"damage":46,"enemies":"Snecko","floor":25,"turns":7},{"damage":23,"enemies":"Snake Plant","floor":27,"turns":2}],"seed_played":"-339696273618092566","potions_obtained":[{"floor":7,"key":"FairyPotion"},{"floor":10,"key":"Fruit Juice"},{"floor":16,"key":"Regen Potion"},{"floor":23,"key":"FairyPotion"},{"floor":25,"key":"Strength Potion"}],"is_trial":false,"path_per_floor":["M","M","M","?","$","R","M","R","T","E","M","T","M","?","R","B",null,"M","?","M","?","?","E","R","M","T","M"],"character_chosen":"IRONCLAD","items_purchased":["Regal Pillow"],"campfire_rested":2,"item_purchase_floors":[5],"current_hp_per_floor":[78,77,64,64,64,64,54,54,54,23,17,17,12,12,52,3,85,64,64,52,52,52,1,41,8,8,0],"gold":229,"neow_bonus":"BOSS_RELIC","is_prod":false,"is_daily":false,"chose_seed":false,"campfire_upgraded":2,"win_rate":0.0,"timestamp":1560526919,"path_taken":["M","M","M","?","$","R","M","R","T","E","M","?","?","?","R","BOSS","M","?","?","?","?","E","R","M","T","M"],"build_version":"2019-01-23","purchased_purges":0,"victory":false,"max_hp_per_floor":[80,80,80,80,80,80,80,80,80,80,85,85,85,85,85,85,85,85,85,85,85,85,85,85,85,85,85],"card_choices":[{"not_picked":["Flex","Burning Pact"],"picked":"Cleave","floor":1},{"not_picked":["Thunderclap","Flex"],"picked":"Rupture","floor":2},{"not_picked":["True Grit","Ghostly Armor"],"picked":"Clash","floor":3},{"not_picked":["Pommel Strike","Perfected Strike"],"picked":"Rampage","floor":7},{"not_picked":["Whirlwind","Intimidate"],"picked":"Metallicize","floor":10},{"not_picked":["Heavy Blade","Thunderclap"],"picked":"Pommel Strike","floor":11},{"not_picked":["Blood for Blood","Feel No Pain"],"picked":"Clash","floor":13},{"not_picked":["Clothesline","Headbutt"],"picked":"Limit Break","floor":15},{"not_picked":["Limit Break","Feed"],"picked":"Demon Form","floor":16},{"not_picked":["Power Through","Searing Blow"],"picked":"Thunderclap","floor":18},{"not_picked":["Perfected Strike","Clothesline"],"picked":"Sword Boomerang","floor":20},{"not_picked":["Combust+1","Bludgeon"],"picked":"Blood for Blood+1","floor":23},{"not_picked":["Seeing Red+1","Reckless Charge"],"picked":"Cleave","floor":24},{"not_picked":["Ghostly Armor","Dropkick+1"],"picked":"Clothesline+1","floor":25}],"player_experience":19863,"relics_obtained":[{"floor":9,"key":"Dream Catcher"},{"floor":10,"key":"Potion Belt"},{"floor":12,"key":"PreservedInsect"},{"floor":23,"key":"Gremlin Horn"},{"floor":26,"key":"Self Forming Clay"}],"event_choices":[{"damage_healed":0,"gold_gain":0,"player_choice":"Grow","damage_taken":0,"max_hp_gain":0,"max_hp_loss":0,"event_name":"Living Wall","floor":4,"gold_loss":0,"cards_upgraded":["Bash"]},{"damage_healed":0,"gold_gain":0,"player_choice":"Ignored","damage_taken":0,"max_hp_gain":0,"max_hp_loss":0,"event_name":"Golden Idol","floor":14,"gold_loss":0},{"damage_healed":0,"gold_gain":0,"player_choice":"Cursed","damage_taken":0,"max_hp_gain":0,"max_hp_loss":0,"event_name":"Wheel of Change","floor":19,"gold_loss":0,"cards_obtained":["Decay"]},{"damage_healed":0,"gold_gain":0,"player_choice":"Ignored","damage_taken":0,"max_hp_gain":0,"max_hp_loss":0,"event_name":"Vampires","floor":21,"gold_loss":0},{"damage_healed":0,"gold_gain":0,"player_choice":"Obtained Relic","damage_taken":0,"relics_obtained":["Kunai"],"max_hp_gain":0,"max_hp_loss":0,"event_name":"Addict","floor":22,"gold_loss":85}],"is_beta":false,"boss_relics":[{"not_picked":["Runic Pyramid","Tiny House"],"picked":"Velvet Choker"}],"items_purged_floors":[],"is_endless":false,"potions_floor_spawned":[7,10,16,23,25],"killed_by":"Snake Plant","ascension_level":0}