{"gold_per_floor":[134,149,149,149,149,187,187,462,492,530,530,549,74,93,93,218,218,257,276,295,385,424,462,31,31,31,69,69,69,107,126,126,251,251,270,194,319,358,358,396,396,434,484,484,503,29,29,29,29,29],"floor_reached":51,"playtime":3097,"items_purged":["Regret","Enlightenment"],"score":894,"play_id":"844a81d0-4e44-4091-98e1-ee430a56fc1e","local_time":"20190207200548","daily_mods":["SealedDeck","Colorless Cards","Elite Swarm"],"is_ascension_mode":false,"campfire_choices":[{"data":"A Thousand Cuts","floor":7,"key":"SMITH"},{"data":"Mayhem","floor":11,"key":"SMITH"},{"floor":15,"key":"REST"},{"floor":25,"key":"REST"},{"data":"Bullet Time","floor":28,"key":"SMITH"},{"data":"Adrenaline","floor":32,"key":"SMITH"},{"data":"Storm of Steel","floor":41,"key":"SMITH"},{"data":"Mind Blast","floor":44,"key":"SMITH"},{"data":"Die Die Die","floor":47,"key":"SMITH"},{"data":"Violence","floor":49,"key":"SMITH"}],"neow_cost":"","seed_source_timestamp":0,"circlet_count":0,"master_deck":["Finisher","Dagger Spray","Discovery","Dagger Throw","Deflect","Endless Agony","Cloak And Dagger","Cloak And Dagger","Blade Dance","Prepared","Dodge and Roll","Flying Knee","A Thousand Cuts+1","Mayhem+1","Flying Knee","Infinite Blades","Blade Dance","Violence+1","HandOfGreed","Deflect+1","Deadly Poison","A Thousand Cuts","Expertise+1","Madness+1","Mind Blast+1","Dramatic Entrance","Crippling Poison+1","Bullet Time+1","Jack Of All Trades","Doubt","Die Die Die+1","Adrenaline+1","Dagger Spray+1","Storm of Steel+1","Acrobatics","Outmaneuver+1","Accuracy+1","Infinite Blades+1","Flying Knee+1","All Out Attack","Injury","Secret Weapon","Envenom+1","Doubt","Discovery+1","PiercingWail+1","Accuracy+1"],"special_seed":17935,"relics":["Ring of the Snake","Strawberry","Golden Idol","Prayer Wheel","Tiny Chest","Happy Flower","Ancient Tea Set","Meat on the Bone","Cursed Key","Du-Vu Doll","Pantograph","Mercury Hourglass","Tingsha","Frozen Egg 2","WristBlade","Gambling Chip","Darkstone Periapt","Blood Vial","Lantern","Bag of Preparation","Ornamental Fan","Snake Skull"],"potions_floor_usage":[10,19,23,23,23,33,37,45,50,50],"damage_taken":[{"damage":3,"enemies":"Small Slimes","floor":1,"turns":2},{"damage":0,"enemies":"2 Louse","floor":2,"turns":2},{"damage":8,"enemies":"Lagavulin","floor":6,"turns":5},{"damage":14,"enemies":"3 Sentries","floor":10,"turns":3},{"damage":2,"enemies":"Cultist","floor":12,"turns":3},{"damage":18,"enemies":"3 Louse","floor":14,"turns":2},{"damage":0,"enemies":"Slime Boss","floor":16,"turns":4},{"damage":15,"enemies":"2 Thieves","floor":18,"turns":3},{"damage":0,"enemies":"Spheric Guardian","floor":19,"turns":2},{"damage":0,"enemies":"Chosen and Byrds","floor":20,"turns":3},{"damage":29,"enemies":"Shelled Parasite and Fungi","floor":22,"turns":3},{"damage":7,"enemies":"Slavers","floor":23,"turns":2},{"damage":0,"enemies":"Gremlin Leader","floor":27,"turns":3},{"damage":11,"enemies":"Slavers","floor":30,"turns":3},{"damage":0,"enemies":"Snake Plant","floor":31,"turns":2},{"damage":17,"enemies":"Automaton","floor":33,"turns":5},{"damage":0,"enemies":"Orb Walker","floor":35,"turns":1},{"damage":31,"enemies":"Mind Bloom Boss Battle","floor":37,"turns":5},{"damage":9,"enemies":"3 Shapes","floor":38,"turns":2},{"damage":15,"enemies":"Giant Head","floor":40,"turns":4},{"damage":27,"enemies":"Nemesis","floor":42,"turns":3},{"damage":0,"enemies":"3 Darklings","floor":45,"turns":2},{"damage":46,"enemies":"Donu and Deca","floor":50,"turns":5}],"seed_played":"-7219234753305552814","potions_obtained":[{"floor":1,"key":"Fire Potion"},{"floor":6,"key":"LiquidBronze"},{"floor":10,"key":"SkillPotion"},{"floor":16,"key":"PowerPotion"},{"floor":22,"key":"PowerPotion"},{"floor":30,"key":"AttackPotion"},{"floor":31,"key":"Dexterity Potion"},{"floor":35,"key":"Poison Potion"},{"floor":37,"key":"Ancient Potion"},{"floor":40,"key":"Ancient Potion"},{"floor":45,"key":"PowerPotion"}],"is_trial":false,"path_per_floor":["M","M","?","?","?","E","R","?","T","E","R","M","$","M","R","B",null,"M","M","M","?","M","E","$","R","T","E","R","$","E","M","R","B",null,"M","$","?","M","T","E","R","E","T","R","M","$","R","$","R","B",null],"character_chosen":"THE_SILENT","items_purchased":["Ancient Tea Set","Meat on the Bone","Pantograph","Jack Of All Trades","Accuracy+1","Accuracy+1","Ornamental Fan","Snake Skull"],"campfire_rested":2,"item_purchase_floors":[13,13,24,24,36,46,46,46],"current_hp_per_floor":[67,67,71,71,71,63,63,63,63,49,49,47,47,41,64,64,77,62,62,62,34,17,22,22,45,45,45,45,45,46,46,46,54,77,77,77,46,49,55,52,52,39,45,45,47,47,47,47,47,40],"gold":29,"neow_bonus":"","is_prod":false,"is_daily":true,"chose_seed":false,"campfire_upgraded":8,"win_rate":0,"timestamp":1549587948,"path_taken":["M","M","?","?","?","E","R","?","T","E","R","M","$","?","R","BOSS","M","M","M","?","M","E","$","R","T","E","R","?","E","M","R","BOSS","M","$","?","M","?","E","R","E","T","R","M","$","R","?","R","BOSS"],"build_version":"2019-01-23","purchased_purges":2,"victory":true,"max_hp_per_floor":[70,70,77,77,77,77,77,77,77,77,77,77,77,77,77,77,77,77,77,77,77,77,77,77,77,77,77,77,77,77,77,77,77,77,77,77,77,77,83,83,83,83,89,89,89,89,89,89,89,89],"card_choices":[{"not_picked":["Bane","Prepared"],"picked":"Dodge and Roll","floor":1},{"not_picked":["PiercingWail","Acrobatics"],"picked":"Flying Knee","floor":2},{"not_picked":["Mayhem","Malaise"],"picked":"A Thousand Cuts","floor":6},{"not_picked":["Master of Strategy","Thinking Ahead"],"picked":"Mayhem","floor":10},{"not_picked":["Outmaneuver","Reflex"],"picked":"Flying Knee","floor":12},{"not_picked":["Escape Plan","Underhanded Strike"],"picked":"Infinite Blades","floor":12},{"not_picked":["Underhanded Strike","Prepared"],"picked":"Blade Dance","floor":14},{"not_picked":["Deadly Poison","Outmaneuver"],"picked":"Violence","floor":14},{"not_picked":["Sadistic Nature","Panache"],"picked":"HandOfGreed","floor":16},{"not_picked":["Dagger Throw","Reflex"],"picked":"Deflect+1","floor":18},{"not_picked":["PiercingWail","Blur+1"],"picked":"Deadly Poison","floor":18},{"not_picked":["Deadly Poison","Dodge and Roll"],"picked":"A Thousand Cuts","floor":19},{"not_picked":["Dodge and Roll","Sucker Punch"],"picked":"Expertise+1","floor":19},{"not_picked":["Quick Slash+1","Flying Knee"],"picked":"Madness+1","floor":20},{"not_picked":["Quick Slash","Dagger Spray"],"picked":"Mind Blast","floor":20},{"not_picked":["Panacea+1","Purity"],"picked":"Crippling Poison+1","floor":22},{"not_picked":["Dagger Spray","Sucker Punch","Prepared"],"picked":"SKIP","floor":22},{"not_picked":["A Thousand Cuts","Transmutation"],"picked":"Bullet Time","floor":23},{"not_picked":["Envenom","Master of Strategy"],"picked":"Die Die Die","floor":27},{"not_picked":["Doppelganger","Master of Strategy"],"picked":"Adrenaline","floor":30},{"not_picked":["Dodge and Roll+1","Dagger Throw+1"],"picked":"Dagger Spray+1","floor":31},{"not_picked":["Backflip","Cloak And Dagger","Deflect"],"picked":"SKIP","floor":31},{"not_picked":["Bullet Time","Sadistic Nature+1"],"picked":"Storm of Steel","floor":33},{"not_picked":["Panacea+1","Concentrate"],"picked":"Acrobatics","floor":35},{"not_picked":["Dagger Spray","Crippling Poison"],"picked":"Outmaneuver+1","floor":35},{"not_picked":["Sucker Punch+1","Blur"],"picked":"Infinite Blades+1","floor":37},{"not_picked":["Dagger Spray","Deflect"],"picked":"Flying Knee+1","floor":38},{"not_picked":["Outmaneuver+1","Acrobatics+1"],"picked":"All Out Attack","floor":38},{"not_picked":["Phantasmal Killer","Night Terror"],"picked":"Secret Weapon","floor":40},{"not_picked":["Malaise","Sadistic Nature+1"],"picked":"Envenom+1","floor":42},{"not_picked":["Purity+1","Dodge and Roll+1"],"picked":"Discovery+1","floor":45},{"not_picked":["Poisoned Stab","Dodge and Roll"],"picked":"PiercingWail+1","floor":45}],"player_experience":367408,"relics_obtained":[{"floor":6,"key":"Prayer Wheel"},{"floor":9,"key":"Tiny Chest"},{"floor":10,"key":"Happy Flower"},{"floor":23,"key":"Du-Vu Doll"},{"floor":26,"key":"Mercury Hourglass"},{"floor":27,"key":"Tingsha"},{"floor":30,"key":"Frozen Egg 2"},{"floor":37,"key":"Gambling Chip"},{"floor":39,"key":"Darkstone Periapt"},{"floor":40,"key":"Blood Vial"},{"floor":42,"key":"Lantern"},{"floor":43,"key":"Bag of Preparation"}],"event_choices":[{"damage_healed":0,"gold_gain":0,"player_choice":"Success","damage_taken":3,"relics_obtained":["Strawberry"],"max_hp_gain":0,"max_hp_loss":0,"event_name":"Scrap Ooze","floor":3,"gold_loss":0},{"damage_healed":0,"gold_gain":0,"player_choice":"Take Wound","damage_taken":0,"relics_obtained":["Golden Idol"],"max_hp_gain":0,"max_hp_loss":0,"event_name":"Golden Idol","floor":4,"gold_loss":0,"cards_obtained":["Injury"]},{"cards_removed":["Injury"],"damage_healed":0,"gold_gain":0,"player_choice":"Forget","damage_taken":0,"max_hp_gain":0,"max_hp_loss":0,"event_name":"Living Wall","floor":5,"gold_loss":0},{"damage_healed":0,"gold_gain":275,"player_choice":"Desecrate","damage_taken":0,"max_hp_gain":0,"max_hp_loss":0,"event_name":"Golden Shrine","floor":8,"gold_loss":0,"cards_obtained":["Regret"]},{"damage_healed":0,"gold_gain":90,"player_choice":"CARD CARD GOLD ","damage_taken":28,"max_hp_gain":0,"max_hp_loss":0,"event_name":"Knowing Skull","floor":21,"potions_obtained":[],"gold_loss":0,"cards_obtained":["Enlightenment","Dramatic Entrance"]},{"damage_healed":0,"gold_gain":0,"player_choice":"Fight","damage_taken":0,"max_hp_gain":0,"max_hp_loss":0,"event_name":"MindBloom","floor":37,"gold_loss":0}],"is_beta":false,"boss_relics":[{"not_picked":["Empty Cage","Sozu"],"picked":"Cursed Key"},{"not_picked":["Eternal Feather","Astrolabe"],"picked":"WristBlade"}],"items_purged_floors":[13,24],"is_endless":false,"potions_floor_spawned":[1,6,10,16,22,30,31,35,37,40,45],"ascension_level":0}