{"gold_per_floor":[111,286,286,306,320,320,141,156,156,188,188,204,214,226,226,330,330,347,364,289,301,301,301,332,332,332,332,345,356,387,387],"floor_reached":31,"playtime":2110,"items_purged":["Doubt"],"score":272,"play_id":"bfb4236a-0613-4b6b-87b6-0e3788fec85c","local_time":"20190118164945","is_ascension_mode":true,"campfire_choices":[{"data":"Neutralize","floor":6.0,"key":"SMITH"},{"floor":11.0,"key":"REST"},{"floor":15.0,"key":"REST"},{"floor":23,"key":"REST"},{"data":"Glass Knife","floor":25,"key":"SMITH"},{"floor":27,"key":"REST"}],"neow_cost":"NONE","seed_source_timestamp":0,"circlet_count":0,"master_deck":["Defend_G","Defend_G","Defend_G","Defend_G","Defend_G","Strike_G","Strike_G","Strike_G","Strike_G","Survivor","Neutralize+1","Storm of Steel","Quick Slash","Blade Dance","Acrobatics","Infinite Blades","Blade Dance","Acrobatics","Dagger Spray","Well Laid Plans","Terror","PiercingWail","Glass Knife+1","Poisoned Stab+1","Dagger Spray+1","Backflip","Deadly Poison","Cloak And Dagger","Die Die Die","Backflip","Cloak And Dagger+1","Quick Slash"],"special_seed":0,"relics":["Ring of the Serpent","Bronze Scales","Mummified Hand","Dodecahedron","Prayer Wheel","Red Mask"],"potions_floor_usage":[21,21,24,24,30],"damage_taken":[{"damage":0.0,"enemies":"Cultist","floor":1.0,"turns":4.0},{"damage":0.0,"enemies":"2 Louse","floor":4.0,"turns":2.0},{"damage":0.0,"enemies":"Small Slimes","floor":5.0,"turns":3.0},{"damage":9.0,"enemies":"Blue Slaver","floor":8.0,"turns":5.0},{"damage":26.0,"enemies":"3 Sentries","floor":10.0,"turns":8.0},{"damage":0.0,"enemies":"2 Fungi Beasts","floor":12.0,"turns":3.0},{"damage":11.0,"enemies":"Large Slime","floor":13.0,"turns":5.0},{"damage":10.0,"enemies":"Exordium Thugs","floor":14.0,"turns":4.0},{"damage":17.0,"enemies":"Hexaghost","floor":16.0,"turns":9.0},{"damage":14,"enemies":"Spheric Guardian","floor":18,"turns":4},{"damage":8,"enemies":"Chosen","floor":19,"turns":4},{"damage":5,"enemies":"Centurion and Healer","floor":21,"turns":5},{"damage":34,"enemies":"Slavers","floor":24,"turns":4},{"damage":10,"enemies":"Cultist and Chosen","floor":28,"turns":5},{"damage":12,"enemies":"Snake Plant","floor":29,"turns":4},{"damage":24,"enemies":"Masked Bandits","floor":30,"turns":4},{"damage":10,"enemies":"Centurion and Healer","floor":31,"turns":4}],"seed_played":"3445263912297194644","potions_obtained":[{"floor":1.0,"key":"Ancient Potion"},{"floor":8.0,"key":"SneckoOil"},{"floor":10.0,"key":"SneckoOil"},{"floor":13.0,"key":"Fire Potion"},{"floor":16.0,"key":"EssenceOfSteel"},{"floor":18,"key":"AttackPotion"},{"floor":21,"key":"Energy Potion"},{"floor":24,"key":"Explosive Potion"}],"is_trial":false,"path_per_floor":["M","?","?","M","M","R","$","M","T","E","R","M","M","M","R","B",null,"M","M","?","M","$","R","E","R","T","R","M","M","?","M"],"character_chosen":"THE_SILENT","items_purchased":["Infinite Blades","Blade Dance"],"campfire_rested":4,"item_purchase_floors":[7,7],"current_hp_per_floor":[70,70,63,63,63,63,63,54,54,28,49,49,38,28,49,32,70,56,48,48,43,43,64,30,30,30,51,41,29,5,0],"gold":387,"neow_bonus":"ONE_RANDOM_RARE_CARD","is_prod":false,"is_daily":false,"chose_seed":false,"campfire_upgraded":2,"win_rate":0,"timestamp":1547848185,"path_taken":["M","?","?","?","M","R","$","M","T","E","R","M","?","M","R","BOSS","M","M","?","M","$","R","E","R","T","R","M","M","?","M"],"build_version":"2019-01-17v2","purchased_purges":1,"victory":false,"max_hp_per_floor":[70,70,70,70,70,70,70,70,70,70,70,70,70,70,70,70,70,70,70,70,70,70,70,70,70,70,70,70,70,70,70],"card_choices":[{"not_picked":["Eviscerate","Setup"],"picked":"Quick Slash","floor":1.0},{"not_picked":["Bane","Poisoned Stab"],"picked":"Blade Dance","floor":4.0},{"not_picked":["Flying Knee","Outmaneuver"],"picked":"Acrobatics","floor":5.0},{"not_picked":["Deadly Poison","All Out Attack"],"picked":"Acrobatics","floor":8.0},{"not_picked":["Blade Dance","Slice"],"picked":"Dagger Spray","floor":10.0},{"not_picked":["Deadly Poison","Flying Knee"],"picked":"Well Laid Plans","floor":12.0},{"not_picked":["Dagger Spray","Bouncing Flask"],"picked":"Terror","floor":13.0},{"not_picked":["Blade Dance","Tools of the Trade"],"picked":"PiercingWail","floor":14.0},{"not_picked":["Phantasmal Killer","Envenom"],"picked":"Glass Knife","floor":16.0},{"not_picked":["Expertise+1","Slice"],"picked":"Poisoned Stab+1","floor":18},{"not_picked":["Acrobatics","Outmaneuver"],"picked":"Dagger Spray+1","floor":19},{"not_picked":["Cloak And Dagger","Bane"],"picked":"Backflip","floor":21},{"not_picked":["Quick Slash","Expertise+1"],"picked":"Deadly Poison","floor":24},{"not_picked":["Slice","Expertise+1"],"picked":"Cloak And Dagger","floor":28},{"not_picked":["Sucker Punch","Dodge and Roll+1"],"picked":"Die Die Die","floor":28},{"not_picked":["Dodge and Roll","Dagger Throw"],"picked":"Backflip","floor":29},{"not_picked":["Concentrate","Flying Knee+1"],"picked":"Cloak And Dagger+1","floor":29},{"not_picked":["Unload","Deadly Poison"],"picked":"Quick Slash","floor":30}],"player_experience":86964,"relics_obtained":[{"floor":9.0,"key":"Bronze Scales"},{"floor":10.0,"key":"Mummified Hand"},{"floor":24,"key":"Dodecahedron"},{"floor":26,"key":"Prayer Wheel"},{"floor":30,"key":"Red Mask"}],"event_choices":[{"damage_healed":0.0,"max_hp_gain":0.0,"max_hp_loss":0.0,"gold_gain":175.0,"event_name":"Liars Game","player_choice":"AGREE","floor":2.0,"gold_loss":0.0,"damage_taken":0.0,"cards_obtained":["Doubt"]},{"damage_healed":0.0,"max_hp_gain":0.0,"max_hp_loss":0.0,"gold_gain":0.0,"event_name":"Wheel of Change","player_choice":"Damaged","floor":3.0,"gold_loss":0.0,"damage_taken":7.0},{"cards_removed":["Strike_G"],"damage_healed":0,"gold_gain":0,"player_choice":"Gave Gold","damage_taken":0,"max_hp_gain":0,"max_hp_loss":0,"event_name":"Beggar","floor":20,"gold_loss":75},{"damage_healed":0,"gold_gain":0,"player_choice":"Fought Bandits","damage_taken":0,"max_hp_gain":0,"max_hp_loss":0,"event_name":"Masked Bandits","floor":30,"gold_loss":0}],"is_beta":false,"boss_relics":[{"not_picked":["Lizard Tail","Runic Pyramid"],"picked":"Ring of the Serpent"}],"items_purged_floors":[7],"is_endless":false,"potions_floor_spawned":[1,8,10,13,16,18,21,24],"killed_by":"Centurion and Healer","ascension_level":1}