{"gold_per_floor":[115,115,33,52,71,102,118,143,143,161,196,209,209,224,224,320,320,339,289,54,29,41,41,51,51,351,371,371],"floor_reached":28,"playtime":1888,"items_purged":[],"score":387,"play_id":"a8e1fcf8-6afc-4d9b-ac40-a969a3533031","local_time":"20190616142328","is_ascension_mode":true,"campfire_choices":[{"floor":13.0,"key":"REST"},{"floor":15.0,"key":"REST"},{"data":"Limit Break","floor":23.0,"key":"SMITH"},{"floor":25.0,"key":"REST"}],"neow_cost":"NONE","seed_source_timestamp":0,"circlet_count":0,"master_deck":["AscendersBane","Strike_R","Strike_R","Strike_R","Strike_R","Strike_R","Defend_R","Defend_R","Defend_R+1","Bash","Iron Wave","Enlightenment+1","Ghostly Armor","Heavy Blade","Inflame","Second Wind","Dark Embrace","Cleave","Disarm","Spot Weakness","Headbutt","Limit Break+1","Burning Pact","Metallicize","HandOfGreed","Metallicize","True Grit","True Grit+1","Ghostly Armor","Twin Strike"],"special_seed":0,"relics":["Burning Blood","Vajra","Prayer Wheel","War Paint","Bottled Flame","Calipers","Mark of Pain","Old Coin"],"potions_floor_usage":[27,28],"damage_taken":[{"damage":9.0,"enemies":"Jaw Worm","floor":1.0,"turns":4.0},{"damage":6.0,"enemies":"Cultist","floor":4.0,"turns":3.0},{"damage":2.0,"enemies":"Small Slimes","floor":5.0,"turns":4.0},{"damage":15.0,"enemies":"Gremlin Nob","floor":6.0,"turns":4.0},{"damage":7.0,"enemies":"Looter","floor":7.0,"turns":3.0},{"damage":25.0,"enemies":"Lagavulin","floor":8.0,"turns":5.0},{"damage":7.0,"enemies":"Lots of Slimes","floor":10.0,"turns":3.0},{"damage":20.0,"enemies":"3 Sentries","floor":11.0,"turns":9.0},{"damage":11.0,"enemies":"Blue Slaver","floor":12.0,"turns":4.0},{"damage":13.0,"enemies":"Gremlin Gang","floor":14.0,"turns":4.0},{"damage":60.0,"enemies":"The Guardian","floor":16.0,"turns":15.0},{"damage":18.0,"enemies":"2 Thieves","floor":18.0,"turns":4.0},{"damage":16.0,"enemies":"Spheric Guardian","floor":22.0,"turns":4.0},{"damage":38.0,"enemies":"Centurion and Healer","floor":24.0,"turns":8.0},{"damage":24,"enemies":"Snake Plant","floor":27,"turns":7},{"damage":44,"enemies":"Snecko","floor":28,"turns":5}],"seed_played":"3060254784561828503","potions_obtained":[{"floor":4.0,"key":"FearPotion"},{"floor":8.0,"key":"Explosive Potion"},{"floor":10.0,"key":"Weak Potion"},{"floor":11.0,"key":"Fire Potion"},{"floor":14.0,"key":"AttackPotion"},{"floor":18.0,"key":"GamblersBrew"},{"floor":27,"key":"BloodPotion"}],"is_trial":false,"path_per_floor":["M","?","$","M","M","E","M","E","T","M","E","M","R","M","R","B",null,"M","?","$","$","M","R","M","R","T","M","M"],"character_chosen":"IRONCLAD","items_purchased":["Enlightenment","HandOfGreed","Metallicize","True Grit"],"campfire_rested":3,"item_purchase_floors":[3,20,20,21],"current_hp_per_floor":[69,69,69,69,73,64,63,44,44,43,29,24,48,41,65,11,63,51,51,51,51,41,41,9,33,33,15,0],"gold":371,"neow_bonus":"RANDOM_COMMON_RELIC","is_prod":false,"is_daily":false,"chose_seed":false,"campfire_upgraded":1,"win_rate":0,"timestamp":1560720208,"path_taken":["M","?","?","M","M","E","M","E","T","?","E","M","R","M","R","BOSS","M","?","?","$","M","R","?","R","T","M","?"],"build_version":"2019-01-23","purchased_purges":0,"victory":false,"max_hp_per_floor":[80,80,80,80,80,80,80,80,80,80,80,80,80,80,80,80,80,80,80,80,80,80,80,80,80,80,80,80],"card_choices":[{"not_picked":["True Grit","Armaments"],"picked":"Iron Wave","floor":1.0},{"not_picked":["Blood for Blood","Twin Strike"],"picked":"Ghostly Armor","floor":4.0},{"not_picked":["Rage","Power Through"],"picked":"Heavy Blade","floor":5.0},{"not_picked":["Havoc","Perfected Strike"],"picked":"Inflame","floor":6.0},{"not_picked":["Evolve","Shockwave"],"picked":"Second Wind","floor":7.0},{"not_picked":["Perfected Strike","Clash","Havoc"],"picked":"SKIP","floor":7.0},{"not_picked":["Offering","Second Wind"],"picked":"Dark Embrace","floor":8.0},{"not_picked":["Warcry","Reckless Charge"],"picked":"Cleave","floor":10.0},{"not_picked":["Corruption","Perfected Strike"],"picked":"Disarm","floor":10.0},{"not_picked":["Havoc","Clash"],"picked":"Spot Weakness","floor":11.0},{"not_picked":["Perfected Strike","True Grit"],"picked":"Headbutt","floor":12.0},{"not_picked":["Cleave","Reckless Charge","Heavy Blade"],"picked":"SKIP","floor":12.0},{"not_picked":["Cleave","Reckless Charge","Heavy Blade"],"picked":"SKIP","floor":12.0},{"not_picked":["Twin Strike","Perfected Strike","Body Slam"],"picked":"SKIP","floor":14.0},{"not_picked":["Barricade","Thunderclap","Wild Strike"],"picked":"SKIP","floor":14.0},{"not_picked":["Demon Form","Impervious"],"picked":"Limit Break","floor":16.0},{"not_picked":["Hemokinesis","Flex"],"picked":"Burning Pact","floor":18.0},{"not_picked":["Body Slam","Clothesline"],"picked":"Metallicize","floor":18.0},{"not_picked":["Wild Strike","Hemokinesis"],"picked":"True Grit+1","floor":22.0},{"not_picked":["Heavy Blade","Second Wind"],"picked":"Ghostly Armor","floor":22.0},{"not_picked":["Anger","Body Slam+1","Twin Strike"],"picked":"SKIP","floor":24.0},{"not_picked":["Bloodletting","Twin Strike","Warcry"],"picked":"SKIP","floor":24.0},{"not_picked":["Evolve","Thunderclap"],"picked":"Twin Strike","floor":27},{"not_picked":["Wild Strike","Reckless Charge","Intimidate"],"picked":"SKIP","floor":27}],"player_experience":268399,"relics_obtained":[{"floor":6.0,"key":"Prayer Wheel"},{"floor":8.0,"key":"War Paint"},{"floor":9.0,"key":"Bottled Flame"},{"floor":11.0,"key":"Calipers"},{"floor":26.0,"key":"Old Coin"}],"event_choices":[{"cards_removed":["Defend_R"],"damage_healed":0.0,"max_hp_gain":0.0,"max_hp_loss":0.0,"gold_gain":0.0,"event_name":"Bonfire Elementals","player_choice":"Offered Basic","floor":2.0,"gold_loss":0.0,"damage_taken":0.0},{"damage_healed":0.0,"max_hp_gain":0.0,"max_hp_loss":0.0,"gold_gain":0.0,"event_name":"The Joust","player_choice":"Bet on Murderer","floor":19.0,"gold_loss":50.0,"damage_taken":0.0}],"is_beta":false,"boss_relics":[{"not_picked":["Orrery","Astrolabe"],"picked":"Mark of Pain"}],"items_purged_floors":[],"is_endless":false,"potions_floor_spawned":[4,8,10,11,14,18,27],"killed_by":"Snecko","ascension_level":12}