{"gold_per_floor":[118,118,136,160,173,173,188,203,203,203,278,278,278,153,153,249,249,268,268],"floor_reached":19,"playtime":1318,"items_purged":["Parasite"],"score":157,"play_id":"0fedc052-fb0a-403e-971b-51829f96063d","local_time":"20180924235144","is_ascension_mode":false,"campfire_choices":[{"data":"Catalyst","floor":6,"key":"SMITH"},{"data":"Poisoned Stab","floor":10,"key":"SMITH"},{"data":"Neutralize","floor":15,"key":"SMITH"}],"neow_cost":"","seed_source_timestamp":33053013948280,"circlet_count":0,"master_deck":["Defend_G","Defend_G","Defend_G","Defend_G","Defend_G","Strike_G","Strike_G","Strike_G","Strike_G","Strike_G","Survivor","Neutralize+1","Deadly Poison+1","Catalyst+1","Dagger Throw","Acrobatics","Poisoned Stab+1","Quick Slash","Night Terror","Dagger Throw"],"relics":["Ring of the Snake","Boot","Thread and Needle","Runic Pyramid"],"potions_floor_usage":[16],"damage_taken":[{"damage":0,"enemies":"2 Louse","floor":1,"turns":3},{"damage":0,"enemies":"Small Slimes","floor":3,"turns":3},{"damage":3,"enemies":"Cultist","floor":5,"turns":5},{"damage":0,"enemies":"Exordium Thugs","floor":7,"turns":4},{"damage":8,"enemies":"Exordium Wildlife","floor":8,"turns":4},{"damage":35,"enemies":"Hexaghost","floor":16,"turns":10},{"damage":32,"enemies":"3 Byrds","floor":18,"turns":6},{"damage":41,"enemies":"Masked Bandits","floor":19,"turns":3}],"seed_played":"-7852003006153209046","potions_obtained":[{"floor":3,"key":"SkillPotion"},{"floor":5,"key":"GhostInAJar"}],"is_trial":false,"path_per_floor":["M","?","M","T","M","R","M","M","T","R","?","?","?","$","R","B",null,"M"],"character_chosen":"THE_SILENT","items_purchased":["Quick Slash"],"campfire_rested":0,"item_purchase_floors":[14],"current_hp_per_floor":[70,70,70,70,67,67,67,59,59,59,48,48,65,65,65,30,67,35,0],"gold":268,"neow_bonus":"","is_prod":false,"is_daily":false,"chose_seed":false,"campfire_upgraded":3,"win_rate":0.0,"timestamp":1537843904,"path_taken":["M","?","M","?","M","R","M","M","T","R","?","?","?","$","R","BOSS","M","?"],"build_version":"2018-09-20","purchased_purges":1,"victory":false,"max_hp_per_floor":[70,70,70,70,70,70,70,70,70,70,70,70,70,67,67,67,67,67,67],"card_choices":[{"not_picked":["Dagger Spray","Outmaneuver"],"picked":"Deadly Poison","floor":1},{"not_picked":["Sucker Punch","PiercingWail"],"picked":"Catalyst","floor":3},{"not_picked":["Endless Agony","Underhanded Strike"],"picked":"Dagger Throw","floor":5},{"not_picked":["Footwork","Dagger Throw"],"picked":"Acrobatics","floor":7},{"not_picked":["Heel Hook","Expertise"],"picked":"Poisoned Stab","floor":8},{"not_picked":["Phantasmal Killer","Glass Knife"],"picked":"Night Terror","floor":16},{"not_picked":["Deflect","Acrobatics"],"picked":"Dagger Throw","floor":18}],"player_experience":84705,"relics_obtained":[{"floor":4,"key":"Boot"},{"floor":9,"key":"Thread and Needle"}],"event_choices":[{"event_name":"Golden Wing","player_choice":"Ignored","floor":2,"damage_taken":0},{"event_name":"World of Goop","player_choice":"Gather Gold","floor":11,"damage_taken":0},{"event_name":"Living Wall","player_choice":"Grow","floor":12,"damage_taken":0},{"event_name":"Mushrooms","player_choice":"Healed and dodged fight","floor":13,"damage_taken":0},{"event_name":"Masked Bandits","player_choice":"Fought Bandits","floor":19,"damage_taken":0}],"is_beta":false,"boss_relics":[{"not_picked":["Snecko Eye","Orrery"],"picked":"Runic Pyramid"}],"items_purged_floors":[14],"is_endless":false,"potions_floor_spawned":[3,5],"killed_by":"Masked Bandits","ascension_level":0}