{"gold_per_floor":[109,127,138,138,51,51,65,65,65,93,107,107,124,76,76,153,153,166,177,192,192],"floor_reached":21,"playtime":1179,"items_purged":[],"score":339,"play_id":"352458df-cf48-46f4-8ae6-1a828ff80d62","local_time":"20181221193448","is_ascension_mode":true,"campfire_choices":[{"data":"Go for the Eyes","floor":6,"key":"SMITH"},{"data":"Dualcast","floor":8,"key":"SMITH"},{"data":"Defragment","floor":12,"key":"SMITH"},{"floor":15,"key":"REST"}],"neow_cost":"NONE","seed_source_timestamp":13131953276476,"circlet_count":0,"master_deck":["AscendersBane","Strike_B","Strike_B","Strike_B","Strike_B","Defend_B","Defend_B","Defend_B","Defend_B","Zap+1","Dualcast+1","Go for the Eyes+1","Gash","Rip and Tear","FTL","Ball Lightning","Tempest","Defragment+1","Stack","Echo Form","Genetic Algorithm","Cold Snap"],"relics":["Cracked Core","Mummified Hand","Thread and Needle","Velvet Choker"],"potions_floor_usage":[10,16],"damage_taken":[{"damage":12,"enemies":"Small Slimes","floor":1,"turns":3},{"damage":0,"enemies":"2 Louse","floor":2,"turns":3},{"damage":4,"enemies":"Jaw Worm","floor":3,"turns":3},{"damage":9,"enemies":"Red Slaver","floor":7,"turns":2},{"damage":35,"enemies":"3 Sentries","floor":10,"turns":5},{"damage":0,"enemies":"Looter","floor":11,"turns":2},{"damage":11,"enemies":"Large Slime","floor":13,"turns":4},{"damage":18,"enemies":"Slime Boss","floor":16,"turns":8},{"damage":0,"enemies":"Spheric Guardian","floor":18,"turns":3},{"damage":21,"enemies":"2 Thieves","floor":19,"turns":4},{"damage":6,"enemies":"Centurion and Healer","floor":20,"turns":6},{"damage":29,"enemies":"Colosseum Slavers","floor":21,"turns":3}],"seed_played":"-7254663857174094818","potions_obtained":[{"floor":2,"key":"Regen Potion"},{"floor":7,"key":"FearPotion"},{"floor":10,"key":"SpeedPotion"},{"floor":13,"key":"SkillPotion"},{"floor":19,"key":"Poison Potion"}],"is_trial":false,"path_per_floor":["M","M","M","?","$","R","M","R","T","E","M","R","M","?","R","B",null,"M","M","M","?"],"character_chosen":"DEFECT","items_purchased":["FTL"],"campfire_rested":1,"item_purchase_floors":[5],"current_hp_per_floor":[52,52,48,48,48,48,39,39,39,18,18,18,7,7,28,10,56,56,35,29,0],"gold":192,"neow_bonus":"UPGRADE_CARD","is_prod":false,"is_daily":false,"chose_seed":false,"campfire_upgraded":3,"win_rate":0,"timestamp":1545431688,"path_taken":["M","M","M","?","$","R","M","R","T","E","M","R","M","?","R","BOSS","M","M","M","?"],"build_version":"2018-12-20","purchased_purges":0,"victory":false,"max_hp_per_floor":[71,71,71,71,71,71,71,71,71,71,71,71,71,71,71,71,71,71,71,71,71],"card_choices":[{"not_picked":["Leap","Undo"],"picked":"Go for the Eyes","floor":1},{"not_picked":["Turbo","Leap"],"picked":"Gash","floor":2},{"not_picked":["Consume","Chaos"],"picked":"Rip and Tear","floor":3},{"not_picked":["Coolheaded","Cold Snap"],"picked":"Ball Lightning","floor":7},{"not_picked":["Hello World","Ball Lightning"],"picked":"Tempest","floor":10},{"not_picked":["Steam","Beam Cell"],"picked":"Defragment","floor":11},{"not_picked":["Capacitor","Blizzard"],"picked":"Stack","floor":13},{"not_picked":["Hyperbeam","Multi-Cast"],"picked":"Echo Form","floor":16},{"not_picked":["Steam","Cold Snap"],"picked":"Genetic Algorithm","floor":18},{"not_picked":["Turbo","Reprogram"],"picked":"Cold Snap","floor":19},{"not_picked":["Amplify","Sweeping Beam+1","Chaos"],"picked":"SKIP","floor":20}],"player_experience":595965,"relics_obtained":[{"floor":9,"key":"Mummified Hand"},{"floor":10,"key":"Thread and Needle"}],"event_choices":[{"damage_healed":0,"gold_gain":0,"player_choice":"Ignored","damage_taken":0,"max_hp_gain":0,"max_hp_loss":0,"event_name":"Shining Light","floor":4,"gold_loss":0},{"damage_healed":0,"gold_gain":0,"player_choice":"Left Gold","damage_taken":0,"max_hp_gain":0,"max_hp_loss":0,"event_name":"World of Goop","floor":14,"gold_loss":48},{"damage_healed":0,"gold_gain":0,"player_choice":"Fight","damage_taken":0,"max_hp_gain":0,"max_hp_loss":0,"event_name":"Colosseum","floor":21,"gold_loss":0}],"is_beta":false,"boss_relics":[{"not_picked":["Orrery","Coffee Dripper"],"picked":"Velvet Choker"}],"items_purged_floors":[],"is_endless":false,"potions_floor_spawned":[2,7,10,13,19],"killed_by":"Colosseum Slavers","ascension_level":17}