{"gold_per_floor":[119,135,151,1,1,33,33,46,76,86,86,86,86,86,86,183,183,197,208,133,133,33,33,62,82,82,82,92,92,107,107,107,209,209,226,101,120,120],"floor_reached":38,"playtime":2255,"items_purged":["Parasite","Strike_B","Strike_B"],"score":560,"play_id":"7dd0f14c-db15-4a2d-a88a-8a470a4bcc74","local_time":"20181109012437","is_ascension_mode":true,"campfire_choices":[{"data":"Beam Cell","floor":7,"key":"SMITH"},{"data":"Go for the Eyes","floor":12,"key":"SMITH"},{"data":"Streamline","floor":15,"key":"SMITH"},{"data":"Buffer","floor":23,"key":"SMITH"},{"floor":27,"key":"REST"},{"data":"Steam","floor":29,"key":"SMITH"},{"floor":32,"key":"REST"}],"neow_cost":"NONE","seed_source_timestamp":14082680457096,"circlet_count":0,"master_deck":["Defend_B","Defend_B","Defend_B","Defend_B","Zap","Gash","Go for the Eyes+1","Beam Cell+1","Streamline+1","Auto Shields","Sweeping Beam","Buffer+1","Self Repair","Skim","Gash","Steam+1","Conserve Battery","Gash","Gash","Gash+1"],"relics":["Cracked Core","NeowsBlessing","Vajra","Centennial Puzzle","Tiny Chest","Eternal Feather","Pantograph","Darkstone Periapt","White Beast Statue"],"potions_floor_usage":[8,16,19,31,33,38],"damage_taken":[{"damage":0,"enemies":"Cultist","floor":1,"turns":1},{"damage":0,"enemies":"Jaw Worm","floor":2,"turns":1},{"damage":0,"enemies":"Small Slimes","floor":3,"turns":1},{"damage":23,"enemies":"Lagavulin","floor":6,"turns":6},{"damage":3,"enemies":"3 Louse","floor":8,"turns":3},{"damage":13,"enemies":"Lots of Slimes","floor":10,"turns":4},{"damage":6,"enemies":"The Guardian","floor":16,"turns":10},{"damage":7,"enemies":"Chosen","floor":18,"turns":3},{"damage":12,"enemies":"3 Byrds","floor":19,"turns":3},{"damage":47,"enemies":"Gremlin Leader","floor":24,"turns":9},{"damage":7,"enemies":"Snecko","floor":25,"turns":6},{"damage":18,"enemies":"Snake Plant","floor":28,"turns":4},{"damage":16,"enemies":"Shelled Parasite and Fungi","floor":30,"turns":7},{"damage":0,"enemies":"3 Cultists","floor":31,"turns":4},{"damage":17,"enemies":"Automaton","floor":33,"turns":10},{"damage":34,"enemies":"3 Darklings","floor":35,"turns":9},{"damage":23,"enemies":"Orb Walker","floor":37,"turns":5},{"damage":25,"enemies":"4 Shapes","floor":38,"turns":4}],"seed_played":"3783492150751704593","potions_obtained":[{"floor":3,"key":"LiquidBronze"},{"floor":6,"key":"SpeedPotion"},{"floor":8,"key":"Weak Potion"},{"floor":28,"key":"SmokeBomb"},{"floor":30,"key":"SkillPotion"},{"floor":35,"key":"FearPotion"},{"floor":37,"key":"Dexterity Potion"}],"is_trial":false,"path_per_floor":["M","M","M","$","?","E","R","M","T","M","?","R","?","?","R","B",null,"M","M","$","?","$","R","E","M","T","R","M","R","M","M","R","B",null,"M","$","M","M"],"character_chosen":"DEFECT","items_purchased":["Vajra"],"campfire_rested":2,"item_purchase_floors":[4],"current_hp_per_floor":[68,68,68,68,68,45,45,42,42,29,22,22,40,40,40,34,65,58,46,46,46,46,55,15,15,15,45,34,43,34,41,71,62,70,43,43,20,0],"gold":120,"neow_bonus":"THREE_ENEMY_KILL","is_prod":false,"is_daily":false,"chose_seed":false,"campfire_upgraded":5,"win_rate":0,"timestamp":1541737477,"path_taken":["M","?","M","$","?","E","R","M","T","?","?","R","?","?","R","BOSS","M","M","?","?","$","R","E","?","T","R","M","R","M","M","R","BOSS","M","$","M","M"],"build_version":"2018-11-08","purchased_purges":3,"victory":false,"max_hp_per_floor":[75,75,75,75,75,75,75,75,75,75,75,75,75,75,75,75,75,75,75,72,72,72,72,72,72,72,72,72,72,72,72,72,72,72,72,72,72,72],"card_choices":[{"not_picked":["Barrage","Turbo"],"picked":"Gash","floor":1},{"not_picked":["Defragment","Coolheaded"],"picked":"Go for the Eyes","floor":2},{"not_picked":["Leap","Force Field"],"picked":"Beam Cell","floor":3},{"not_picked":["Redo","Blizzard","Compile Driver"],"picked":"SKIP","floor":6},{"not_picked":["Conserve Battery","Leap"],"picked":"Streamline","floor":8},{"not_picked":["Ball Lightning","Conserve Battery"],"picked":"Auto Shields","floor":10},{"not_picked":["Electrodynamics","Fission"],"picked":"Buffer","floor":16},{"not_picked":["Compile Driver","Stack"],"picked":"Self Repair","floor":18},{"not_picked":["Ball Lightning","Heatsinks+1"],"picked":"Skim","floor":19},{"not_picked":["Beam Cell+1","Hologram"],"picked":"Steam","floor":24},{"not_picked":["Turbo","Storm"],"picked":"Conserve Battery","floor":25},{"not_picked":["Melter+1","White Noise+1","Barrage+1"],"picked":"SKIP","floor":28},{"not_picked":["Fusion","Stack+1"],"picked":"Gash","floor":30},{"not_picked":["Stack+1","Fusion"],"picked":"Gash","floor":35},{"not_picked":["BootSequence","Compile Driver"],"picked":"Gash+1","floor":37}],"player_experience":318031,"relics_obtained":[{"floor":6,"key":"Centennial Puzzle"},{"floor":9,"key":"Tiny Chest"},{"floor":24,"key":"Pantograph"},{"floor":26,"key":"Darkstone Periapt"}],"event_choices":[{"cards_removed":["Dualcast"],"damage_healed":0,"gold_gain":0,"player_choice":"Offered Basic","damage_taken":0,"max_hp_gain":0,"max_hp_loss":0,"event_name":"Bonfire Elementals","floor":5,"gold_loss":0},{"cards_removed":["Strike_B"],"damage_healed":0,"gold_gain":0,"player_choice":"Card Removal","damage_taken":7,"max_hp_gain":0,"max_hp_loss":0,"event_name":"Golden Wing","floor":11,"gold_loss":0},{"damage_healed":18,"gold_gain":0,"player_choice":"Healed and dodged fight","damage_taken":0,"max_hp_gain":0,"max_hp_loss":0,"event_name":"Mushrooms","floor":13,"gold_loss":0,"cards_obtained":["Parasite"]},{"damage_healed":0,"gold_gain":0,"cards_transformed":["Strike_B"],"player_choice":"Transformed","damage_taken":0,"max_hp_gain":0,"max_hp_loss":0,"event_name":"Transmorgrifier","floor":14,"gold_loss":0,"cards_obtained":["Sweeping Beam"]},{"damage_healed":0,"gold_gain":0,"player_choice":"Copied","damage_taken":0,"max_hp_gain":0,"max_hp_loss":0,"event_name":"Duplicator","floor":21,"gold_loss":0,"cards_obtained":["Gash"]}],"is_beta":false,"boss_relics":[{"not_picked":["Ectoplasm","Calling Bell"],"picked":"Eternal Feather"},{"not_picked":["FrozenCore","Sozu"],"picked":"White Beast Statue"}],"items_purged_floors":[20,22,36],"is_endless":false,"potions_floor_spawned":[3,6,8,28,30,35,37],"killed_by":"4 Shapes","ascension_level":7}