{"gold_per_floor":[111,36,55,68,68,94,94,94,121,135,145,157,157,127,127,127],"floor_reached":16,"playtime":314,"items_purged":["Defend_B"],"score":107,"play_id":"9e704f76-8f83-4968-a886-2da09632b0d9","local_time":"20181004212219","is_ascension_mode":true,"campfire_choices":[{"floor":7,"key":"REST"},{"floor":15,"key":"REST"}],"neow_cost":"","seed_source_timestamp":14688807325516,"circlet_count":0,"master_deck":["Strike_B","Strike_B","Strike_B","Strike_B","Defend_B","Defend_B","Defend_B","Zap","Dualcast","Gash"],"relics":["Cracked Core","Juzu Bracelet","Lantern"],"potions_floor_usage":[12],"damage_taken":[{"damage":1,"enemies":"Jaw Worm","floor":1,"turns":3},{"damage":12,"enemies":"Small Slimes","floor":3,"turns":3},{"damage":0,"enemies":"2 Louse","floor":4,"turns":2},{"damage":49,"enemies":"3 Sentries","floor":6,"turns":7},{"damage":10,"enemies":"Looter","floor":10,"turns":3},{"damage":9,"enemies":"2 Fungi Beasts","floor":11,"turns":3},{"damage":9,"enemies":"3 Louse","floor":12,"turns":3},{"damage":30,"enemies":"Slime Boss","floor":16,"turns":3}],"seed_played":"272707235830917389","potions_obtained":[{"floor":1,"key":"GamblersBrew"},{"floor":10,"key":"AttackPotion"}],"is_trial":false,"path_per_floor":["M","$","M","M","$","E","R","?","T","M","M","M","?","?","R"],"character_chosen":"DEFECT","items_purchased":[],"campfire_rested":2,"item_purchase_floors":[],"current_hp_per_floor":[74,74,62,62,62,13,35,35,35,25,16,7,7,7,29,0],"gold":127,"neow_bonus":"","is_prod":false,"is_daily":false,"chose_seed":false,"campfire_upgraded":0,"win_rate":0,"timestamp":1538698939,"path_taken":["M","$","M","M","$","E","R","?","T","M","M","M","?","?","R","BOSS"],"build_version":"2018-09-27","purchased_purges":1,"victory":false,"max_hp_per_floor":[75,75,75,75,75,75,75,75,75,75,75,75,75,75,75,75],"card_choices":[{"not_picked":["Reprogram","Sweeping Beam","Reinforced Body"],"picked":"SKIP","floor":1},{"not_picked":["Steam","Rebound","Force Field"],"picked":"SKIP","floor":3},{"not_picked":["Rainbow","Stack"],"picked":"Gash","floor":4},{"not_picked":["Reprogram","Leap","Barrage"],"picked":"SKIP","floor":6},{"not_picked":["Go for the Eyes","Coolheaded","Gash"],"picked":"SKIP","floor":10},{"not_picked":["Stack","Gash","FTL"],"picked":"SKIP","floor":11},{"not_picked":["Sweeping Beam","Recycle","Echo Form"],"picked":"SKIP","floor":12}],"player_experience":112159,"relics_obtained":[{"floor":6,"key":"Juzu Bracelet"},{"floor":9,"key":"Lantern"}],"event_choices":[{"event_name":"Golden Idol","player_choice":"Ignored","floor":8,"damage_taken":0},{"event_name":"Liars Game","player_choice":"disagreed","floor":13,"damage_taken":0},{"event_name":"World of Goop","player_choice":"Left","floor":14,"damage_taken":0}],"is_beta":false,"boss_relics":[],"items_purged_floors":[2],"is_endless":false,"potions_floor_spawned":[1,10],"killed_by":"Slime Boss","ascension_level":1}