{"path_per_floor":["M","M","?","?","M","E","R","T","T","M","?","M","$","M","R","B",null,"M","?","$","M","?","R","M","R","T","?","M","M","$","M","R","B",null,"M","?","?","$","M","?","?","E","T","$","E","R","M","M","R","B"],"character_chosen":"THE_SILENT","items_purchased":["Ornamental Fan","Molten Egg 2","Mercury Hourglass","Sucker Punch","Regen Potion","Tingsha"],"gold_per_floor":[116,126,126,126,139,168,168,246,299,314,314,338,89,110,110,233,233,258,258,9,23,23,23,41,41,41,41,56,70,70,84,84,208,208,231,564,564,301,316,316,366,395,395,53,108,108,127,137,137,137],"floor_reached":51,"campfire_rested":6,"playtime":3139,"current_hp_per_floor":[66,66,66,66,64,25,61,61,61,61,61,56,56,56,70,45,70,62,46,46,43,43,70,59,59,59,59,49,34,34,21,57,24,70,46,46,46,46,43,43,29,18,18,18,12,48,34,14,50,35],"items_purged":[],"gold":137,"score":607,"play_id":"2a0f215d-3d3f-46ed-b504-c02b0d6f78a8","is_prod":false,"is_daily":false,"is_ascension_mode":false,"campfire_upgraded":1,"path_taken":["M","M","?","?","M","E","R","?","T","M","?","?","$","M","R","BOSS","M","?","$","M","?","R","M","R","T","?","M","M","?","?","R","BOSS","M","?","?","$","?","?","?","E","T","$","E","R","M","M","R","BOSS"],"build_version":"2018-02-12-PROD1","purchased_purges":0,"victory":true,"master_deck":["Defend_G","Defend_G","Defend_G","Defend_G","Strike_G","Strike_G","Strike_G","Strike_G","Survivor","Neutralize","Outmaneuver","Infinite Blades+1","Flying Knee","Bane","Poisoned Stab","Deflect","Predator","Venomology+1","Escape Plan+1","Backstab","Quick Slash+1","Poisoned Stab+1","Accuracy+1","Cloak And Dagger","Escape Plan","After Image","Bouncing Flask+1","Sucker Punch+1","Deadly Poison+1","Necronomicurse","Infinite Blades+1","Dagger Spray+1","Backstab+1","Caltrops","Blade Dance"],"max_hp_per_floor":[70,70,70,70,70,70,70,70,70,70,70,70,70,70,70,70,70,70,70,70,70,70,70,70,70,70,70,70,70,70,70,70,70,70,70,70,70,70,70,70,70,70,70,70,70,70,70,70,70,70],"relics":["Ring of the Snake","Regal Pillow","Bottled Lightning","Kunai","Happy Flower","Ornamental Fan","Astrolabe","Necronomicon","Molten Egg 2","Bag of Preparation","Lizard Tail","Mercury Hourglass","Torii","Gremlin Horn","Mummified Hand","Tingsha","Tiny Chest"],"card_choices":[{"not_picked":["Quick Slash","Flechettes"],"picked":"Outmaneuver"},{"not_picked":["Bouncing Flask","Distraction"],"picked":"Infinite Blades"},{"not_picked":["Backflip","Deflect"],"picked":"Flying Knee"},{"not_picked":["Storm of Steel","Reflex"],"picked":"Bane"},{"not_picked":["Underhanded Strike","Sucker Punch"],"picked":"Poisoned Stab"},{"not_picked":["Outmaneuver","Prepared"],"picked":"Deflect"},{"not_picked":["Expertise","Malaise"],"picked":"Predator"},{"not_picked":["Wraith Form","Tactician"],"picked":"Night Terror"},{"not_picked":["Dodge and Roll","Dagger Throw"],"picked":"Backstab"},{"not_picked":["Poisoned Stab","Backflip"],"picked":"Quick Slash"},{"not_picked":["PiercingWail","Deadly Poison"],"picked":"Poisoned Stab"},{"not_picked":["Distraction","Malaise"],"picked":"Accuracy"},{"not_picked":["Bane","Deadly Poison"],"picked":"Cloak And Dagger"},{"not_picked":["Calculated Gamble","Acrobatics"],"picked":"Escape Plan"},{"not_picked":["Bullet Time","Phantasmal Killer"],"picked":"After Image"},{"not_picked":["Poisoned Stab","Sucker Punch"],"picked":"Bouncing Flask"},{"not_picked":["Deflect","Underhanded Strike"],"picked":"Deadly Poison"},{"not_picked":["Eviscerate","Flying Knee"],"picked":"Infinite Blades"},{"not_picked":["Die Die Die","Flying Knee"],"picked":"Dagger Spray"},{"not_picked":["PiercingWail","Dagger Throw"],"picked":"Backstab"},{"not_picked":["Infinite Blades","Dagger Spray"],"picked":"Caltrops"},{"not_picked":["Poisoned Stab","Heel Hook"],"picked":"Blade Dance"}],"player_experience":46012,"potions_floor_usage":[41,42,42,42,42,45,45,48,50,50],"damage_taken":[{"damage":4.0,"enemies":"Cultist","floor":1.0,"turns":5.0},{"damage":0.0,"enemies":"Blue Slaver","floor":2.0,"turns":7.0},{"damage":2.0,"enemies":"2 Louse","floor":5.0,"turns":3.0},{"damage":39.0,"enemies":"Gremlin Nob","floor":6.0,"turns":6.0},{"damage":0.0,"enemies":"Looter","floor":10.0,"turns":3.0},{"damage":5.0,"enemies":"3 Louse","floor":12.0,"turns":4.0},{"damage":0.0,"enemies":"Large Slime","floor":14.0,"turns":7.0},{"damage":25.0,"enemies":"Hexaghost","floor":16.0,"turns":11.0},{"damage":8.0,"enemies":"Spheric Guardian","floor":18.0,"turns":6.0},{"damage":3.0,"enemies":"3 Byrds","floor":21.0,"turns":7.0},{"damage":11.0,"enemies":"Slaver and Parasite","floor":24.0,"turns":5.0},{"damage":10.0,"enemies":"Snake Plant","floor":28.0,"turns":3.0},{"damage":15.0,"enemies":"Chosen and Byrds","floor":29.0,"turns":5.0},{"damage":13.0,"enemies":"Centurion and Healer","floor":31.0,"turns":4.0},{"damage":33.0,"enemies":"Automaton","floor":33.0,"turns":11.0},{"damage":24,"enemies":"Orb Walker","floor":35,"turns":5},{"damage":3,"enemies":"3 Darklings","floor":39,"turns":5},{"damage":14,"enemies":"Mysterious Sphere","floor":41,"turns":5},{"damage":11,"enemies":"Giant Head","floor":42,"turns":7},{"damage":15,"enemies":"2 Orb Walkers","floor":45,"turns":4},{"damage":14,"enemies":"Sphere and 2 Shapes","floor":47,"turns":4},{"damage":20,"enemies":"4 Shapes","floor":48,"turns":3},{"damage":59,"enemies":"Donu and Deca","floor":50,"turns":11}],"event_choices":[{"event_name":"Bonfire Elementals","player_choice":"BASIC","floor":3.0,"damage_taken":0.0},{"event_name":"Golden Wing","player_choice":"Ignored","floor":4.0,"damage_taken":0.0},{"event_name":"Golden Idol","player_choice":"Take Wound","floor":11.0,"damage_taken":0.0},{"event_name":"Cursed Tome","player_choice":"Obtained Book","floor":19.0,"damage_taken":0.0},{"event_name":"Drug Dealer","player_choice":"Ignored","floor":22.0,"damage_taken":0.0},{"event_name":"Addict","player_choice":"Ignored","floor":27.0,"damage_taken":0.0},{"event_name":"The Moai Head","player_choice":"Gave Idol","floor":36,"damage_taken":0},{"event_name":"Tomb of Lord Red Mask","player_choice":"Ignored","floor":37,"damage_taken":0},{"event_name":"Fountain of Cleansing","player_choice":"Removed Curse","floor":40,"damage_taken":0},{"event_name":"Mysterious Sphere","player_choice":"Fight","floor":41,"damage_taken":0}],"boss_relics":[{"not_picked":["The Specimen","Question Card"],"picked":"Lizard Tail"}],"potions_floor_spawned":[2,5,12,16,18,24,28,35,41,42,48],"seed_played":"-8748874540680291812","ascension_level":0,"is_trial":false}