{"gold_per_floor":[118,128,2,12,12,39,58,58,112,146,157,157,57,77,77,176,176,161,76,76,76,76,76,37,37,37,37,37,37,37,37,37,37,37,37,37,37,37,37,37,37,37,37,37,37,37,37,37,37,37],"floor_reached":51,"playtime":4176,"items_purged":["Strike_G","Strike_G"],"score":1042,"play_id":"103ad8ac-9b2d-4c24-9298-3595a268d673","local_time":"20190612131501","is_ascension_mode":true,"campfire_choices":[{"data":"Backflip","floor":8,"key":"SMITH"},{"floor":15,"key":"REST"},{"data":"Blade Dance","floor":23,"key":"SMITH"},{"data":"Cloak And Dagger","floor":27,"key":"SMITH"},{"data":"Cloak And Dagger","floor":30,"key":"SMITH"},{"data":"Blade Dance","floor":32,"key":"SMITH"},{"data":"Finisher","floor":40,"key":"SMITH"},{"data":"Neutralize","floor":44,"key":"SMITH"},{"data":"PiercingWail","floor":49,"key":"SMITH"}],"neow_cost":"PERCENT_DAMAGE","seed_source_timestamp":129158151278578,"circlet_count":0,"master_deck":["AscendersBane","Defend_G","Defend_G","Defend_G","Defend_G","Defend_G","Strike_G","Strike_G","Strike_G","Survivor","Neutralize+1","Flash of Steel","Deep Breath","Finisher+1","Blade Dance+1","Backflip+1","Noxious Fumes","Dramatic Entrance","Infinite Blades","Infinite Blades","Backflip","Backstab","Backstab","Blade Dance+1","Prepared","Accuracy+1","Well Laid Plans","Cloak And Dagger+1","Cloak And Dagger+1","PiercingWail+1","Accuracy+1","Blade Dance+1","Cloak And Dagger+1","Prepared+1"],"relics":["Ring of the Snake","Shuriken","Ancient Tea Set","Pen Nib","Ninja Scroll","Ectoplasm","Bird Faced Urn","Bag of Marbles","Art of War","Gremlin Horn","Coffee Dripper","Boot","Snake Skull"],"potions_floor_usage":[7,10,25,29,33,41,50,50],"damage_taken":[{"damage":0,"enemies":"Small Slimes","floor":1,"turns":4},{"damage":5,"enemies":"Cultist","floor":2,"turns":4},{"damage":1,"enemies":"2 Louse","floor":4,"turns":2},{"damage":10,"enemies":"3 Sentries","floor":6,"turns":7},{"damage":6,"enemies":"2 Fungi Beasts","floor":7,"turns":3},{"damage":8,"enemies":"Lagavulin","floor":10,"turns":5},{"damage":0,"enemies":"Blue Slaver","floor":11,"turns":3},{"damage":0,"enemies":"Large Slime","floor":14,"turns":2},{"damage":6,"enemies":"The Guardian","floor":16,"turns":7},{"damage":0,"enemies":"2 Thieves","floor":18,"turns":2},{"damage":0,"enemies":"Chosen","floor":21,"turns":1},{"damage":12,"enemies":"Book of Stabbing","floor":25,"turns":2},{"damage":0,"enemies":"Snake Plant","floor":28,"turns":2},{"damage":0,"enemies":"Centurion and Healer","floor":29,"turns":2},{"damage":33,"enemies":"Champ","floor":33,"turns":6},{"damage":0,"enemies":"3 Darklings","floor":35,"turns":3},{"damage":0,"enemies":"Orb Walker","floor":36,"turns":1},{"damage":0,"enemies":"Sphere and 2 Shapes","floor":37,"turns":1},{"damage":9,"enemies":"Nemesis","floor":41,"turns":3},{"damage":21,"enemies":"Writhing Mass","floor":42,"turns":3},{"damage":0,"enemies":"3 Darklings","floor":45,"turns":1},{"damage":3,"enemies":"Sphere and 2 Shapes","floor":46,"turns":2},{"damage":6,"enemies":"4 Shapes","floor":47,"turns":2},{"damage":0,"enemies":"Jaw Worm Horde","floor":48,"turns":2},{"damage":57,"enemies":"Donu and Deca","floor":50,"turns":5}],"seed_played":"-484842410014176488","potions_obtained":[{"floor":4,"key":"Swift Potion"},{"floor":7,"key":"EssenceOfSteel"},{"floor":16,"key":"EssenceOfSteel"},{"floor":21,"key":"Block Potion"},{"floor":28,"key":"EssenceOfSteel"},{"floor":33,"key":"Block Potion"},{"floor":41,"key":"Poison Potion"},{"floor":45,"key":"GhostInAJar"},{"floor":46,"key":"Block Potion"}],"is_trial":false,"path_per_floor":["M","M","$","M","?","E","M","R","T","E","M","?","$","M","R","B",null,"M","?","?","M","T","R","$","E","T","R","M","M","R","?","R","B",null,"M","M","M","?","?","R","E","M","T","R","M","M","M","M","R","B",null],"character_chosen":"THE_SILENT","items_purchased":["Backflip","Well Laid Plans"],"campfire_rested":1,"item_purchase_floors":[3,24],"current_hp_per_floor":[45,40,40,39,39,29,23,23,23,15,15,8,8,8,29,23,58,58,58,45,45,45,45,45,37,37,37,41,43,43,43,43,20,61,65,65,67,67,67,67,66,53,53,53,53,58,56,60,60,11],"gold":37,"neow_bonus":"RANDOM_COLORLESS_2","is_prod":false,"is_daily":false,"chose_seed":false,"campfire_upgraded":8,"win_rate":0,"timestamp":1560316501,"path_taken":["M","M","$","M","?","E","M","R","T","E","?","?","$","M","R","BOSS","M","?","?","M","?","R","$","E","T","R","M","M","R","?","R","BOSS","M","M","M","?","?","R","E","M","T","R","?","?","M","M","R","BOSS"],"build_version":"2019-01-23","purchased_purges":2,"victory":true,"max_hp_per_floor":[70,70,70,70,70,70,70,70,70,70,70,70,70,70,70,70,70,70,70,75,75,75,75,75,75,75,75,75,75,75,75,75,75,75,75,75,75,71,71,71,71,71,71,71,71,71,71,71,71,71],"card_choices":[{"not_picked":["All Out Attack","Outmaneuver"],"picked":"Finisher","floor":1},{"not_picked":["Finisher","Setup"],"picked":"Blade Dance","floor":2},{"not_picked":["Acrobatics","Quick Slash"],"picked":"Noxious Fumes","floor":4},{"not_picked":["Quick Slash","Dagger Spray"],"picked":"Infinite Blades","floor":6},{"not_picked":["Choke","Dodge and Roll"],"picked":"Backflip","floor":7},{"not_picked":["Concentrate","Burst"],"picked":"Backstab","floor":10},{"not_picked":["Flying Knee","Slice"],"picked":"Backstab","floor":11},{"not_picked":["Sucker Punch","Endless Agony"],"picked":"Blade Dance","floor":14},{"not_picked":["Escape Plan","Skewer"],"picked":"Prepared","floor":18},{"not_picked":["Dodge and Roll+1","Deadly Poison"],"picked":"Accuracy+1","floor":21},{"not_picked":["Underhanded Strike+1","Blade Dance"],"picked":"Cloak And Dagger","floor":25},{"not_picked":["Prepared","Deadly Poison"],"picked":"Cloak And Dagger","floor":28},{"not_picked":["PiercingWail","Concentrate","Heel Hook+1"],"picked":"SKIP","floor":29},{"not_picked":["Concentrate","Heel Hook+1"],"picked":"PiercingWail","floor":29},{"not_picked":["Slice+1","Dash","Outmaneuver+1"],"picked":"SKIP","floor":35},{"not_picked":["Outmaneuver+1","Flying Knee","Caltrops+1"],"picked":"SKIP","floor":36},{"not_picked":["Prepared","Expertise+1"],"picked":"Accuracy+1","floor":37},{"not_picked":["Tools of the Trade","Footwork+1"],"picked":"Blade Dance+1","floor":41},{"not_picked":["Sucker Punch+1","Dodge and Roll","Poisoned Stab"],"picked":"SKIP","floor":42},{"not_picked":["Setup","Reflex"],"picked":"Cloak And Dagger+1","floor":45},{"not_picked":["Predator","Flying Knee+1"],"picked":"Prepared+1","floor":46},{"not_picked":["Expertise","Quick Slash+1","Setup+1"],"picked":"SKIP","floor":47},{"not_picked":["Distraction+1","Bane","Flying Knee+1"],"picked":"SKIP","floor":48}],"player_experience":792546,"relics_obtained":[{"floor":6,"key":"Shuriken"},{"floor":9,"key":"Ancient Tea Set"},{"floor":10,"key":"Pen Nib"},{"floor":22,"key":"Bag of Marbles"},{"floor":25,"key":"Art of War"},{"floor":26,"key":"Gremlin Horn"},{"floor":39,"key":"Boot"},{"floor":41,"key":"Snake Skull"}],"event_choices":[{"damage_healed":0,"gold_gain":0,"player_choice":"2 cards matched","damage_taken":0,"max_hp_gain":0,"max_hp_loss":0,"event_name":"Match and Keep!","floor":5,"gold_loss":0,"cards_obtained":["Dramatic Entrance","Infinite Blades"]},{"damage_healed":0,"gold_gain":0,"player_choice":"Success","damage_taken":7,"relics_obtained":["Ninja Scroll"],"max_hp_gain":0,"max_hp_loss":0,"event_name":"Scrap Ooze","floor":12,"gold_loss":0},{"damage_healed":0,"gold_gain":0,"player_choice":"Obtained Relic","damage_taken":0,"relics_obtained":["Bird Faced Urn"],"max_hp_gain":0,"max_hp_loss":0,"event_name":"Addict","floor":19,"gold_loss":85},{"damage_healed":0,"gold_gain":0,"player_choice":"Shed Blood","damage_taken":18,"max_hp_gain":5,"max_hp_loss":0,"event_name":"Forgotten Altar","floor":20,"gold_loss":0},{"damage_healed":0,"gold_gain":0,"player_choice":"Ignored","damage_taken":0,"max_hp_gain":0,"max_hp_loss":0,"event_name":"The Mausoleum","floor":31,"gold_loss":0},{"damage_healed":0,"gold_gain":0,"player_choice":"Max HP","damage_taken":0,"max_hp_gain":0,"max_hp_loss":4,"event_name":"Winding Halls","floor":38,"gold_loss":0},{"damage_healed":0,"gold_gain":0,"player_choice":"Relic","damage_taken":0,"max_hp_gain":0,"max_hp_loss":0,"event_name":"Wheel of Change","floor":39,"gold_loss":0}],"is_beta":false,"boss_relics":[{"not_picked":["Busted Crown","Lizard Tail"],"picked":"Ectoplasm"},{"not_picked":["Calling Bell","Cursed Key"],"picked":"Coffee Dripper"}],"items_purged_floors":[3,13],"is_endless":false,"potions_floor_spawned":[4,7,16,21,28,33,41,45,46,47],"ascension_level":10}