{"gold_per_floor":[115,132,207,207,219,219,239,256,256,267,267,120,120,140,140,242,292,302,317,71,88,88,88,88,88,88,106,106,106,106,106],"floor_reached":31,"playtime":1397,"items_purged":["Doubt","Strike_B"],"score":284,"play_id":"084f217b-9d44-494a-bc43-e7530d7ce865","local_time":"20181102165347","is_ascension_mode":true,"campfire_choices":[{"data":"Beam Cell","floor":6,"key":"SMITH"},{"data":"Dualcast","floor":11,"key":"SMITH"},{"data":"Streamline","floor":13,"key":"SMITH"},{"floor":15,"key":"REST"},{"floor":23,"key":"REST"},{"data":"Hyperbeam","floor":25,"key":"SMITH"}],"neow_cost":"CURSE","seed_source_timestamp":402849927256,"circlet_count":0,"master_deck":["Strike_B+1","Strike_B+1","Strike_B+1","Defend_B+1","Defend_B+1","Defend_B+1","Defend_B+1","Zap","Dualcast+1","Beam Cell+1","Gash","Gash","Streamline+1","Steam","Steam","Hyperbeam+1","Decay","Self Repair"],"relics":["Cracked Core","Gambling Chip","Letter Opener","Bronze Scales","Tiny House","Singing Bowl"],"potions_floor_usage":[16],"damage_taken":[{"damage":4,"enemies":"Jaw Worm","floor":1,"turns":3},{"damage":1,"enemies":"Cultist","floor":2,"turns":3},{"damage":0,"enemies":"Small Slimes","floor":5,"turns":3},{"damage":9,"enemies":"3 Louse","floor":7,"turns":4},{"damage":6,"enemies":"Blue Slaver","floor":8,"turns":4},{"damage":18,"enemies":"Large Slime","floor":10,"turns":3},{"damage":0,"enemies":"Exordium Wildlife","floor":14,"turns":2},{"damage":32,"enemies":"Hexaghost","floor":16,"turns":8},{"damage":30,"enemies":"2 Thieves","floor":18,"turns":4},{"damage":2,"enemies":"3 Byrds","floor":19,"turns":3},{"damage":17,"enemies":"Snake Plant","floor":21,"turns":3},{"damage":12,"enemies":"Cultist and Chosen","floor":27,"turns":4},{"damage":45,"enemies":"Snecko","floor":31,"turns":5}],"seed_played":"4441338913118169078","potions_obtained":[{"floor":5,"key":"FocusPotion"},{"floor":7,"key":"Dexterity Potion"},{"floor":8,"key":"FocusPotion"},{"floor":14,"key":"SteroidPotion"},{"floor":17,"key":"EssenceOfSteel"},{"floor":21,"key":"Fire Potion"}],"is_trial":false,"path_per_floor":["M","M","?","T","M","R","M","M","T","M","R","$","R","M","R","B",null,"M","M","$","M","?","R","?","R","T","M","$","?","?","M"],"character_chosen":"DEFECT","items_purchased":["Gash","Streamline","Hyperbeam"],"campfire_rested":2,"item_purchase_floors":[12,12,20],"current_hp_per_floor":[71,70,59,59,59,59,50,44,44,26,26,26,26,26,48,16,65,35,33,33,16,16,40,40,40,40,28,28,28,28,0],"gold":106,"neow_bonus":"ONE_RARE_RELIC","is_prod":false,"is_daily":false,"chose_seed":false,"campfire_upgraded":4,"win_rate":0,"timestamp":1541188427,"path_taken":["M","M","?","?","M","R","M","M","T","?","R","$","R","M","R","BOSS","M","M","$","?","?","R","?","R","T","M","$","?","?","M"],"build_version":"2018-11-01","purchased_purges":2,"victory":false,"max_hp_per_floor":[75,75,75,75,75,75,75,75,75,75,75,75,75,75,75,75,80,80,80,80,80,80,80,80,80,80,80,80,80,80,80],"card_choices":[{"not_picked":["Compile Driver","Leap"],"picked":"Beam Cell","floor":1},{"not_picked":["Sweeping Beam","Double Energy","Conserve Battery"],"picked":"SKIP","floor":2},{"not_picked":["Hologram","Seek","Sunder"],"picked":"SKIP","floor":5},{"not_picked":["Redo","Cold Snap","Glacier"],"picked":"SKIP","floor":7},{"not_picked":["Hologram","Coolheaded"],"picked":"Gash","floor":8},{"not_picked":["Compile Driver","Darkness","Rebound"],"picked":"SKIP","floor":10},{"not_picked":["Rebound","Cold Snap"],"picked":"Steam","floor":14},{"not_picked":["Rebound","Compile Driver","Doom and Gloom"],"picked":"SKIP","floor":18},{"not_picked":["Loop","Leap+1"],"picked":"Steam","floor":19},{"not_picked":["Barrage","Amplify","Blizzard+1"],"picked":"SKIP","floor":21},{"not_picked":["Chill","Aggregate"],"picked":"Self Repair","floor":27}],"player_experience":255001,"relics_obtained":[{"floor":4,"key":"Letter Opener"},{"floor":9,"key":"Bronze Scales"},{"floor":26,"key":"Singing Bowl"}],"event_choices":[{"damage_healed":0,"gold_gain":75,"player_choice":"Gather Gold","damage_taken":11,"max_hp_gain":0,"max_hp_loss":0,"event_name":"World of Goop","floor":3,"gold_loss":0},{"damage_healed":0,"gold_gain":0,"player_choice":"Ignored","damage_taken":0,"max_hp_gain":0,"max_hp_loss":0,"event_name":"Ghosts","floor":22,"gold_loss":0},{"damage_healed":0,"gold_gain":0,"player_choice":"Smashed Altar","damage_taken":0,"max_hp_gain":0,"max_hp_loss":0,"event_name":"Forgotten Altar","floor":24,"gold_loss":0,"cards_obtained":["Decay"]},{"damage_healed":0,"gold_gain":0,"player_choice":"Simplicity","damage_taken":0,"max_hp_gain":0,"max_hp_loss":0,"event_name":"Back to Basics","floor":29,"gold_loss":0,"cards_upgraded":["Strike_B","Strike_B","Defend_B","Defend_B","Defend_B","Defend_B"]},{"damage_healed":0,"gold_gain":0,"player_choice":"Ignored","damage_taken":0,"max_hp_gain":0,"max_hp_loss":0,"event_name":"Cursed Tome","floor":30,"gold_loss":0}],"is_beta":false,"boss_relics":[{"not_picked":["Sozu","Busted Crown"],"picked":"Tiny House"}],"items_purged_floors":[12,20],"is_endless":false,"potions_floor_spawned":[5,7,8,14,21],"killed_by":"Snecko","ascension_level":5}