{"path_per_floor":["M","M","?","?","?","E","R","T","T","M","M","R","M","M","R","B",null,"M","M","M"],"character_chosen":"THE_SILENT","items_purchased":[],"gold_per_floor":[117,136,136,136,236,264,264,287,287,301,318,318,337,352,352,451,451,461,481,495],"floor_reached":21,"campfire_rested":2,"playtime":1066,"current_hp_per_floor":[77,77,82,66,66,46,46,46,46,42,34,58,53,30,54,31,82,56,42,14],"items_purged":[],"gold":495,"score":183,"play_id":"405d7165-c9cc-48d8-b3ef-f3c777596e5c","is_prod":false,"is_daily":false,"is_ascension_mode":false,"campfire_upgraded":1,"path_taken":["M","M","?","?","?","E","R","?","T","?","?","R","M","M","R","BOSS","M","M","M","M"],"build_version":"2018-02-08-PROD1","purchased_purges":0,"victory":false,"master_deck":["Defend_G","Defend_G","Defend_G","Defend_G","Defend_G","Strike_G+1","Strike_G","Strike_G+1","Strike_G","Strike_G","Survivor","Neutralize","Dagger Spray","Blade Dance+1","Well Laid Plans","Backflip","Noxious Fumes","Cloak And Dagger","Accuracy","Storm of Steel","Accuracy+1","Flying Knee","Endless Agony"],"max_hp_per_floor":[77,77,82,82,82,82,82,82,82,82,82,82,82,82,82,82,82,82,82,82],"relics":["Ring of the Snake","Strawberry","Snake Skull","Ancient Tea Set","Calipers","Eternal Feather"],"card_choices":[{"not_picked":["Acrobatics","Predator"],"picked":"Dagger Spray"},{"not_picked":["Slice","Prepared"],"picked":"Blade Dance"},{"not_picked":["Storm of Steel","Underhanded Strike"],"picked":"Well Laid Plans"},{"not_picked":["Terror","Dagger Spray"],"picked":"Backflip"},{"not_picked":["Riddle With Holes","Acrobatics"],"picked":"Noxious Fumes"},{"not_picked":["Acrobatics","PiercingWail"],"picked":"Cloak And Dagger"},{"not_picked":["Dagger Spray","Sucker Punch"],"picked":"Accuracy"},{"not_picked":["Wraith Form","Doppelganger"],"picked":"Storm of Steel"},{"not_picked":["Noxious Fumes","Flying Knee"],"picked":"Accuracy"},{"not_picked":["Poisoned Stab","Prepared"],"picked":"Flying Knee"},{"not_picked":["PiercingWail","Deadly Poison"],"picked":"Endless Agony"}],"player_experience":44251,"potions_floor_usage":[6,16,16,19],"damage_taken":[{"damage":0,"enemies":"2 Louse","floor":1,"turns":3},{"damage":0,"enemies":"Jaw Worm","floor":2,"turns":6},{"damage":20,"enemies":"3 Sentries","floor":6,"turns":9},{"damage":4,"enemies":"Small Slimes","floor":10,"turns":3},{"damage":8,"enemies":"Exordium Wildlife","floor":11,"turns":5},{"damage":5,"enemies":"Looter","floor":13,"turns":3},{"damage":23,"enemies":"Exordium Thugs","floor":14,"turns":6},{"damage":23,"enemies":"Slime Boss","floor":16,"turns":10},{"damage":26,"enemies":"2 Thieves","floor":18,"turns":4},{"damage":14,"enemies":"Chosen","floor":19,"turns":5},{"damage":28,"enemies":"Snake Plant","floor":20,"turns":6},{"damage":19,"enemies":"Cultist and Chosen","floor":21,"turns":4}],"event_choices":[{"event_name":"Big Fish","player_choice":"Donut","floor":3,"damage_taken":0},{"event_name":"Shining Light","player_choice":"Entered Light","floor":4,"damage_taken":0},{"event_name":"Golden Shrine","player_choice":"Pray","floor":5,"damage_taken":0}],"boss_relics":[{"not_picked":["Runic Pyramid","Orrery"],"picked":"Eternal Feather"}],"potions_floor_spawned":[1,10,14,18],"seed_played":"-2170465773792953524","killed_by":"Cultist and Chosen","ascension_level":0,"is_trial":false}