{"path_per_floor":["M","?","M","M","$","E","R","$","T","M","?","$","R","M","R","B",null,"M","?","$","?","M","E","$","R","T","M"],"character_chosen":"IRONCLAD","items_purchased":["Blood Vial","Metallicize","Bandage Up","Flame Barrier"],"gold_per_floor":[114,114,130,146,146,177,177,34,82,97,97,22,22,40,40,144,144,158,158,53,53,65,90,53,53,79,99],"floor_reached":28,"campfire_rested":2,"playtime":1621,"current_hp_per_floor":[80,80,80,75,75,36,60,60,60,75,90,90,90,89,89,63,90,90,72,72,72,69,16,16,44,44,41],"items_purged":[],"gold":99,"score":261,"play_id":"a37c6d17-a75a-424d-9f16-832d04a6a69c","is_prod":false,"is_daily":false,"is_ascension_mode":false,"campfire_upgraded":2,"path_taken":["M","?","?","M","?","E","R","$","T","?","?","$","R","M","R","BOSS","M","?","$","?","M","E","?","R","T","M","E"],"build_version":"2018-02-08-PROD1","purchased_purges":0,"victory":false,"master_deck":["Strike_R","Strike_R","Strike_R","Strike_R","Strike_R","Defend_R","Defend_R","Defend_R","Defend_R","Heavy Blade","Armaments+1","Shrug It Off","Metallicize","Flex","Metallicize+1","Metallicize","Bludgeon","Headbutt","Bandage Up","Thunderclap","Shockwave","Rampage","Flame Barrier","Pummel+1"],"max_hp_per_floor":[80,80,80,80,80,80,80,80,80,80,90,90,90,90,90,90,90,90,95,95,95,95,95,95,95,95,95],"relics":["Burning Blood","Ice Cream","Blood Vial","Oddly Smooth Stone","Black Star","Frozen Eye","Unceasing Top","Pen Nib"],"card_choices":[{"not_picked":["Dual Wield","Anger"],"picked":"Heavy Blade"},{"not_picked":["Heavy Blade","Sword Boomerang"],"picked":"Armaments"},{"not_picked":["Anger","Pommel Strike"],"picked":"Shrug It Off"},{"not_picked":["Intimidate","Body Slam"],"picked":"Metallicize"},{"not_picked":["Pommel Strike","Anger"],"picked":"Flex"},{"not_picked":["Berserk","Rupture"],"picked":"Metallicize"},{"not_picked":["Offering","Fiend Fire"],"picked":"Bludgeon"},{"not_picked":["Clash","Warcry"],"picked":"Headbutt"},{"not_picked":["Heavy Blade","Bloodletting"],"picked":"Shockwave"},{"not_picked":["Clothesline","Feed"],"picked":"Rampage"},{"not_picked":["Headbutt","Twin Strike"],"picked":"Pummel"}],"player_experience":12300,"potions_floor_usage":[10,23,23,23],"damage_taken":[{"damage":5,"enemies":"Small Slimes","floor":1,"turns":4},{"damage":6,"enemies":"2 Louse","floor":3,"turns":3},{"damage":11,"enemies":"Blue Slaver","floor":4,"turns":7},{"damage":45,"enemies":"Gremlin Nob","floor":6,"turns":6},{"damage":8,"enemies":"Lots of Slimes","floor":10,"turns":9},{"damage":7,"enemies":"Exordium Thugs","floor":14,"turns":6},{"damage":33,"enemies":"The Guardian","floor":16,"turns":27},{"damage":4,"enemies":"Shell Parasite","floor":18,"turns":11},{"damage":15,"enemies":"Spheric Guardian","floor":22,"turns":8},{"damage":82,"enemies":"Book of Stabbing","floor":23,"turns":12},{"damage":15,"enemies":"Centurion and Healer","floor":27,"turns":12},{"damage":47,"enemies":"Gremlin Leader","floor":28,"turns":8}],"event_choices":[{"event_name":"Living Wall","player_choice":"Change","floor":2,"damage_taken":0},{"event_name":"Bonfire Elementals","player_choice":"RARE","floor":11,"damage_taken":0},{"event_name":"Forgotten Altar","player_choice":"Shed Blood","floor":19,"damage_taken":0},{"event_name":"The Library","player_choice":"Read","floor":21,"damage_taken":0}],"boss_relics":[{"not_picked":["Philosopher\u0027s Stone","Sozu"],"picked":"Black Star"}],"potions_floor_spawned":[3,4,6,22],"seed_played":"8348163117175744249","killed_by":"Gremlin Leader","ascension_level":0,"is_trial":false}