{"gold_per_floor":[217,237,237,11,25,55,55,87,87,100,131,146,146,221,221,295,295,314,21,41,61,61,91,91,110,159,159,192,85,104,117,117,192,192,204,304,304,319,319,319,350,350,424,41,70,70,87,117,117,117,117],"floor_reached":52,"playtime":2315,"items_purged":["Strike_R","Strike_R","Shame"],"score":2171,"play_id":"39ce1e85-d81e-44a1-9fbc-6a6497943901","local_time":"20190105191922","is_ascension_mode":true,"campfire_choices":[{"data":"Bash","floor":15,"key":"SMITH"},{"floor":24,"key":"REST"},{"data":"Sword Boomerang","floor":27,"key":"SMITH"},{"floor":32,"key":"REST"},{"floor":40,"key":"REST"},{"data":"Evolve","floor":42,"key":"SMITH"},{"data":"Corruption","floor":46,"key":"SMITH"},{"data":"Feel No Pain","floor":49,"key":"SMITH"}],"neow_cost":"NONE","seed_source_timestamp":9145077777980,"circlet_count":0,"master_deck":["AscendersBane","Strike_R","Strike_R","Strike_R","Defend_R","Defend_R","Defend_R","Defend_R","Bash+1","Sword Boomerang+1","Clash","Impervious","Heavy Blade+1","Battle Trance","Shrug It Off+1","Disarm+1","True Grit+1","Power Through+1","Ghostly Armor+1","Headbutt","Evolve+1","Entrench+1","Double Tap+1","Corruption+1","Thinking Ahead+1","Shockwave+1","Feel No Pain+1"],"relics":["Burning Blood","Brimstone","Juzu Bracelet","Unceasing Top","Singing Bowl","Toxic Egg 2","Cursed Key","PreservedInsect","Ornamental Fan","Smiling Mask","Red Skull","Empty Cage","Prayer Wheel","Kunai","Mummified Hand","Pocketwatch","Question Card","Charon\u0027s Ashes"],"potions_floor_usage":[16,16,22,30,33,33,41,45,51],"damage_taken":[{"damage":2,"enemies":"Cultist","floor":1,"turns":4},{"damage":9,"enemies":"2 Louse","floor":2,"turns":3},{"damage":0,"enemies":"Small Slimes","floor":5,"turns":2},{"damage":18,"enemies":"3 Sentries","floor":6,"turns":4},{"damage":23,"enemies":"Lagavulin","floor":8,"turns":4},{"damage":0,"enemies":"Looter","floor":10,"turns":2},{"damage":10,"enemies":"Gremlin Nob","floor":11,"turns":3},{"damage":0,"enemies":"Large Slime","floor":12,"turns":5},{"damage":42,"enemies":"Hexaghost","floor":16,"turns":6},{"damage":0,"enemies":"Spheric Guardian","floor":18,"turns":2},{"damage":6,"enemies":"Shell Parasite","floor":20,"turns":3},{"damage":12,"enemies":"Snake Plant","floor":21,"turns":3},{"damage":9,"enemies":"Colosseum Slavers","floor":22,"turns":4},{"damage":34,"enemies":"Book of Stabbing","floor":23,"turns":3},{"damage":0,"enemies":"Centurion and Healer","floor":25,"turns":4},{"damage":33,"enemies":"Slavers","floor":28,"turns":4},{"damage":8,"enemies":"Snecko","floor":30,"turns":4},{"damage":2,"enemies":"Sentry and Sphere","floor":31,"turns":3},{"damage":57,"enemies":"Collector","floor":33,"turns":8},{"damage":11,"enemies":"3 Shapes","floor":35,"turns":6},{"damage":16,"enemies":"Mind Bloom Boss Battle","floor":36,"turns":4},{"damage":0,"enemies":"Orb Walker","floor":38,"turns":3},{"damage":7,"enemies":"Nemesis","floor":41,"turns":7},{"damage":7,"enemies":"Reptomancer","floor":45,"turns":2},{"damage":20,"enemies":"Jaw Worm Horde","floor":47,"turns":5},{"damage":0,"enemies":"Nemesis","floor":48,"turns":5},{"damage":39,"enemies":"Time Eater","floor":50,"turns":9},{"damage":29,"enemies":"Awakened One","floor":51,"turns":8}],"seed_played":"-679801005270871118","potions_obtained":[{"floor":6,"key":"Poison Potion"},{"floor":8,"key":"FearPotion"},{"floor":10,"key":"EssenceOfSteel"},{"floor":16,"key":"Strength Potion"},{"floor":18,"key":"Swift Potion"},{"floor":30,"key":"Explosive Potion"},{"floor":33,"key":"SteroidPotion"},{"floor":36,"key":"Block Potion"},{"floor":45,"key":"LiquidBronze"}],"is_trial":false,"path_per_floor":["M","M","?","$","M","E","?","E","T","M","E","M","?","?","R","B",null,"M","$","M","M","?","E","R","M","T","R","E","$","M","M","R","B",null,"M","?","?","M","?","R","E","R","T","$","E","R","M","E","R","B","B",null],"character_chosen":"IRONCLAD","items_purchased":["Brimstone","PreservedInsect","True Grit+1","FearPotion","Pocketwatch"],"campfire_rested":3,"item_purchase_floors":[4,19,19,29,44],"current_hp_per_floor":[72,69,69,69,75,63,63,46,46,54,52,58,58,47,47,13,64,70,70,70,66,63,35,59,65,65,65,38,38,36,42,67,16,68,63,55,55,65,65,86,87,87,87,87,86,86,76,82,82,49,26],"gold":117,"neow_bonus":"HUNDRED_GOLD","is_prod":false,"is_daily":false,"chose_seed":false,"campfire_upgraded":5,"win_rate":0,"timestamp":1546726762,"path_taken":["M","M","?","$","?","E","?","E","T","M","E","M","?","?","R","BOSS","M","$","M","M","?","E","R","M","T","R","E","$","M","M","R","BOSS","M","?","?","M","?","R","E","R","T","$","E","R","M","E","R","BOSS","BOSS"],"build_version":"2019-01-03v4","purchased_purges":3,"victory":true,"max_hp_per_floor":[75,75,75,75,75,75,75,75,75,77,79,79,79,79,79,81,81,81,81,81,83,83,83,83,83,83,83,83,83,83,85,85,85,85,85,87,87,91,86,86,88,88,88,88,88,88,92,92,92,92,92],"card_choices":[{"not_picked":["Combust","Perfected Strike"],"picked":"Sword Boomerang","floor":1},{"not_picked":["Sever Soul","Heavy Blade"],"picked":"Anger","floor":2},{"not_picked":["Infernal Blade","Clash","Havoc"],"picked":"SKIP","floor":5},{"not_picked":["Infernal Blade","Clash","Havoc"],"picked":"SKIP","floor":5},{"not_picked":["Flex","Metallicize"],"picked":"Heavy Blade","floor":6},{"not_picked":["Cleave","Wild Strike"],"picked":"Battle Trance","floor":8},{"not_picked":["Corruption","Wild Strike","Headbutt"],"picked":"Singing Bowl","floor":10},{"not_picked":["Havoc","Reckless Charge","Spot Weakness"],"picked":"Singing Bowl","floor":11},{"not_picked":["Fiend Fire","Searing Blow"],"picked":"Shrug It Off+1","floor":12},{"not_picked":["Demon Form","Brutality","Berserk"],"picked":"Singing Bowl","floor":16},{"not_picked":["Havoc+1","True Grit+1"],"picked":"Disarm+1","floor":18},{"not_picked":["Clothesline","Shrug It Off+1"],"picked":"Power Through+1","floor":20},{"not_picked":["Infernal Blade+1","Wild Strike","True Grit+1"],"picked":"Singing Bowl","floor":21},{"not_picked":["Pommel Strike","Wild Strike"],"picked":"Ghostly Armor+1","floor":23},{"not_picked":["Dual Wield+1","Dropkick"],"picked":"Headbutt","floor":25},{"not_picked":["Havoc+1","Dropkick"],"picked":"Evolve","floor":28},{"not_picked":["Iron Wave","Body Slam"],"picked":"Entrench+1","floor":30},{"not_picked":["Havoc+1","Body Slam","Seeing Red+1"],"picked":"Singing Bowl","floor":31},{"not_picked":["Dark Embrace","Barricade"],"picked":"Double Tap+1","floor":33},{"not_picked":["Twin Strike","Clothesline"],"picked":"Corruption","floor":35},{"not_picked":["Clothesline","Havoc+1","Warcry+1"],"picked":"Singing Bowl","floor":36},{"not_picked":["Chrysalis+1","Sadistic Nature"],"picked":"Thinking Ahead+1","floor":37},{"not_picked":["Clash","Sword Boomerang","Heavy Blade"],"picked":"Singing Bowl","floor":38},{"not_picked":["Feed","Sword Boomerang","Heavy Blade"],"picked":"Singing Bowl","floor":38},{"not_picked":["Headbutt","Searing Blow+1","Clothesline"],"picked":"Singing Bowl","floor":41},{"not_picked":["Perfected Strike","Twin Strike"],"picked":"Shockwave+1","floor":45},{"not_picked":["Sword Boomerang","True Grit+1","Second Wind+1","Body Slam"],"picked":"Singing Bowl","floor":47},{"not_picked":["Perfected Strike","Cleave","Twin Strike","Bludgeon"],"picked":"Singing Bowl","floor":47},{"not_picked":["Havoc+1","Clash","Twin Strike"],"picked":"Feel No Pain","floor":48}],"player_experience":717868,"relics_obtained":[{"floor":6,"key":"Juzu Bracelet"},{"floor":8,"key":"Unceasing Top"},{"floor":9,"key":"Singing Bowl"},{"floor":11,"key":"Toxic Egg 2"},{"floor":23,"key":"Ornamental Fan"},{"floor":26,"key":"Smiling Mask"},{"floor":28,"key":"Red Skull"},{"floor":36,"key":"Prayer Wheel"},{"floor":41,"key":"Kunai"},{"floor":43,"key":"Mummified Hand"},{"floor":45,"key":"Question Card"},{"floor":48,"key":"Charon\u0027s Ashes"}],"event_choices":[{"damage_healed":0,"gold_gain":0,"player_choice":"2 cards matched","damage_taken":0,"max_hp_gain":0,"max_hp_loss":0,"event_name":"Match and Keep!","floor":3,"gold_loss":0,"cards_obtained":["Clash","Impervious"]},{"damage_healed":0,"gold_gain":0,"player_choice":"Grow","damage_taken":0,"max_hp_gain":0,"max_hp_loss":0,"event_name":"Living Wall","floor":7,"gold_loss":0,"cards_upgraded":["Heavy Blade"]},{"damage_healed":0,"gold_gain":0,"player_choice":"Fled","damage_taken":0,"max_hp_gain":0,"max_hp_loss":0,"event_name":"Scrap Ooze","floor":13,"gold_loss":0},{"damage_healed":0,"gold_gain":75,"player_choice":"Gather Gold","damage_taken":11,"max_hp_gain":0,"max_hp_loss":0,"event_name":"World of Goop","floor":14,"gold_loss":0},{"damage_healed":0,"gold_gain":0,"player_choice":"Fight","damage_taken":0,"max_hp_gain":0,"max_hp_loss":0,"event_name":"Colosseum","floor":22,"gold_loss":0},{"damage_healed":0,"gold_gain":0,"player_choice":"Fled From Nobs","damage_taken":0,"max_hp_gain":0,"max_hp_loss":0,"event_name":"Colosseum","floor":22,"gold_loss":0},{"damage_healed":0,"gold_gain":0,"player_choice":"Fight","damage_taken":0,"max_hp_gain":0,"max_hp_loss":0,"event_name":"MindBloom","floor":36,"gold_loss":0},{"damage_healed":0,"gold_gain":0,"player_choice":"Memory 1","damage_taken":0,"max_hp_gain":0,"max_hp_loss":0,"event_name":"SensoryStone","floor":37,"gold_loss":0},{"damage_healed":0,"gold_gain":0,"player_choice":"Max HP","damage_taken":0,"max_hp_gain":0,"max_hp_loss":5,"event_name":"Winding Halls","floor":39,"gold_loss":0}],"is_beta":false,"boss_relics":[{"not_picked":["Mark of Pain","Tiny House"],"picked":"Cursed Key"},{"not_picked":["Runic Dome","Black Star"],"picked":"Empty Cage"}],"items_purged_floors":[19,29,44],"is_endless":false,"potions_floor_spawned":[6,8,10,12,16,18,22,30,33,36,45],"ascension_level":20}