{"gold_per_floor":[129,129,129,159,194,244,194,224,299,299,344,344,393,428,428,528,528,543,663,142,177,192,242,257,287,287,317,347,30,30,65,65,165,165,195,195,220,255,270,300,300,202,202,232,232,247,247,277,277,277],"floor_reached":51,"playtime":2766,"items_purged":[],"score":1112,"play_id":"8d9b2ad5-bcd2-4978-bf17-1da527dff8f6","local_time":"20180924204935","daily_mods":["Allstar","Cursed Run","Terminal"],"is_ascension_mode":false,"campfire_choices":[{"data":"Bandage Up","floor":10,"key":"SMITH"},{"data":"Havoc","floor":12,"key":"SMITH"},{"floor":15,"key":"REST"},{"data":"Double Tap","floor":32,"key":"SMITH"},{"data":"Infernal Blade","floor":41,"key":"SMITH"},{"data":"Apotheosis","floor":45,"key":"SMITH"},{"data":"Discovery","floor":49,"key":"SMITH"}],"neow_cost":"","seed_source_timestamp":0,"circlet_count":0,"master_deck":["Strike_R+1","Strike_R+1","Strike_R+1","Strike_R+1","Strike_R+1","Defend_R+1","Defend_R+1","Defend_R+1","Defend_R+1","Bash","HandOfGreed","Dramatic Entrance","Magnetism","Master of Strategy","Anger","Bandage Up+1","Power Through","Anger","Havoc+1","Havoc","Ghostly Armor","Shockwave","Searing Blow","Demon Form","Inflame","Iron Wave","Rupture+1","Armaments","Infernal Blade","Armaments+1","Thunderclap+1","Inflame+1","Havoc+1","Sword Boomerang+1","Evolve+1","Discovery+1","Double Tap+1","Juggernaut+1","Flex+1","Writhe","Bludgeon","Regret","Shame","Doubt","Carnage","Apotheosis+1","Mayhem+1","Chrysalis","Injury","Dual Wield+1","Reckless Charge","Infernal Blade+1","Evolve+1","Anger","Parasite","Whirlwind+1","Metallicize+1","Madness","Madness","True Grit+1","Shame"],"special_seed":17799,"relics":["Cursed Key","Darkstone Periapt","Du-Vu Doll","WarpedTongs","Strawberry","Gremlin Horn","Turnip","Bird Faced Urn","Mark of Pain","Dead Branch","Frozen Egg 2","Anchor","Shuriken","Bottled Flame","Lantern","Matryoshka","Astrolabe","The Courier","Centennial Puzzle","Torii","Juzu Bracelet","Pocketwatch","PreservedInsect","Pen Nib"],"potions_floor_usage":[11,16,44,50],"damage_taken":[{"damage":0,"enemies":"Jaw Worm","floor":1,"turns":3},{"damage":0,"enemies":"Small Slimes","floor":4,"turns":2},{"damage":4,"enemies":"2 Louse","floor":5,"turns":2},{"damage":20,"enemies":"Lagavulin","floor":6,"turns":6},{"damage":0,"enemies":"Exordium Thugs","floor":8,"turns":5},{"damage":8,"enemies":"3 Sentries","floor":11,"turns":5},{"damage":60,"enemies":"Gremlin Nob","floor":13,"turns":5},{"damage":3,"enemies":"Large Slime","floor":14,"turns":4},{"damage":24,"enemies":"Hexaghost","floor":16,"turns":8},{"damage":19,"enemies":"Spheric Guardian","floor":18,"turns":4},{"damage":14,"enemies":"Colosseum Slavers","floor":19,"turns":4},{"damage":15,"enemies":"Colosseum Nobs","floor":19,"turns":4},{"damage":4,"enemies":"Shell Parasite","floor":21,"turns":4},{"damage":0,"enemies":"Chosen and Byrds","floor":22,"turns":3},{"damage":1,"enemies":"Slavers","floor":23,"turns":4},{"damage":12,"enemies":"Centurion and Healer","floor":24,"turns":3},{"damage":0,"enemies":"Gremlin Leader","floor":25,"turns":3},{"damage":21,"enemies":"3 Cultists","floor":27,"turns":4},{"damage":8,"enemies":"Snake Plant","floor":28,"turns":4},{"damage":0,"enemies":"Shelled Parasite and Fungi","floor":31,"turns":2},{"damage":9,"enemies":"Collector","floor":33,"turns":6},{"damage":0,"enemies":"3 Darklings","floor":35,"turns":2},{"damage":0,"enemies":"Orb Walker","floor":38,"turns":3},{"damage":5,"enemies":"Sphere and 2 Shapes","floor":39,"turns":3},{"damage":6,"enemies":"Giant Head","floor":40,"turns":3},{"damage":17,"enemies":"2 Orb Walkers","floor":44,"turns":2},{"damage":4,"enemies":"Maw","floor":46,"turns":5},{"damage":3,"enemies":"Giant Head","floor":48,"turns":4},{"damage":69,"enemies":"Awakened One","floor":50,"turns":7}],"seed_played":"-3656457146817088839","potions_obtained":[{"floor":4,"key":"FairyPotion"},{"floor":6,"key":"Regen Potion"},{"floor":8,"key":"Explosive Potion"},{"floor":11,"key":"Regen Potion"},{"floor":24,"key":"Energy Potion"},{"floor":25,"key":"Regen Potion"},{"floor":40,"key":"SkillPotion"},{"floor":44,"key":"Regen Potion"}],"is_trial":false,"path_per_floor":["M","?","?","M","M","E","?","M","T","R","E","R","?","M","R","B",null,"M","?","$","M","M","E","M","E","T","M","M","$","?","M","R","B",null,"M","?","T","M","M","E","R","$","T","E","R","M","?","E","R","B"],"character_chosen":"IRONCLAD","items_purchased":["Anchor","Shuriken","Rupture+1","Armaments","Discovery","Double Tap","Juggernaut+1","Evolve+1","Anger"],"campfire_rested":1,"item_purchase_floors":[20,20,20,20,29,29,29,42,42],"current_hp_per_floor":[78,77,82,81,80,71,71,75,81,81,79,79,31,36,61,68,87,77,66,66,72,80,81,80,79,84,72,68,68,68,72,72,83,97,96,86,92,99,98,92,92,92,98,83,83,97,85,94,94,57],"gold":277,"neow_bonus":"","is_prod":false,"is_daily":true,"chose_seed":false,"campfire_upgraded":6,"win_rate":0.0,"timestamp":1537836575,"path_taken":["M","?","?","M","M","E","?","?","T","R","E","R","?","M","R","BOSS","M","?","$","M","?","E","M","E","T","M","M","?","?","M","R","BOSS","M","?","?","M","M","E","R","$","T","E","R","M","?","E","R","BOSS"],"build_version":"2018-09-20","purchased_purges":0,"victory":true,"max_hp_per_floor":[78,77,82,81,80,86,85,84,89,88,87,86,85,84,83,88,87,86,85,84,83,82,81,80,79,84,83,82,81,80,79,78,83,97,96,95,100,99,98,97,96,95,100,99,98,97,96,95,94,102],"card_choices":[{"not_picked":["Iron Wave","Feel No Pain"],"picked":"Anger","floor":1},{"not_picked":["True Grit","Headbutt"],"picked":"Power Through","floor":4},{"not_picked":["Flex","Warcry"],"picked":"Anger","floor":5},{"not_picked":["Body Slam","Clothesline"],"picked":"Havoc","floor":6},{"not_picked":["Iron Wave","Rage"],"picked":"Havoc","floor":8},{"not_picked":["Disarm","Barricade"],"picked":"Ghostly Armor","floor":11},{"not_picked":["Clash","Rage"],"picked":"Shockwave","floor":13},{"not_picked":["True Grit","Wild Strike"],"picked":"Searing Blow","floor":14},{"not_picked":["Dark Embrace","Berserk"],"picked":"Demon Form","floor":16},{"not_picked":["Twin Strike","Shrug It Off"],"picked":"Inflame","floor":18},{"not_picked":["Shrug It Off","Headbutt"],"picked":"Iron Wave","floor":19},{"not_picked":["Cleave","Headbutt+1"],"picked":"Infernal Blade","floor":21},{"not_picked":["Heavy Blade","Flex"],"picked":"Armaments+1","floor":22},{"not_picked":["Armaments","Heavy Blade"],"picked":"Thunderclap+1","floor":23},{"not_picked":["Feel No Pain+1","Offering"],"picked":"Inflame+1","floor":24},{"not_picked":["Second Wind+1","Corruption+1"],"picked":"Havoc+1","floor":25},{"not_picked":["True Grit","Body Slam+1"],"picked":"Sword Boomerang+1","floor":27},{"not_picked":["True Grit","Pommel Strike+1"],"picked":"Evolve+1","floor":28},{"not_picked":["Heavy Blade","Iron Wave"],"picked":"Flex+1","floor":31},{"not_picked":["Brutality+1","Immolate"],"picked":"Bludgeon","floor":33},{"not_picked":["True Grit+1","Twin Strike"],"picked":"Carnage","floor":35},{"not_picked":["Finesse","Purity"],"picked":"Apotheosis","floor":36},{"not_picked":["Discovery","Dramatic Entrance"],"picked":"Mayhem+1","floor":36},{"not_picked":["Master of Strategy","Metamorphosis"],"picked":"Chrysalis","floor":36},{"not_picked":["Clash","Perfected Strike"],"picked":"Dual Wield+1","floor":38},{"not_picked":["Rage","Sword Boomerang"],"picked":"Reckless Charge","floor":39},{"not_picked":["Whirlwind+1","Havoc"],"picked":"Infernal Blade","floor":40},{"not_picked":["Dual Wield+1","Perfected Strike+1"],"picked":"Whirlwind+1","floor":44},{"not_picked":["Twin Strike+1","Warcry+1"],"picked":"Metallicize+1","floor":46},{"not_picked":["Sentinel+1","Headbutt"],"picked":"True Grit+1","floor":48}],"player_experience":182838,"relics_obtained":[{"floor":6,"key":"Strawberry"},{"floor":9,"key":"Gremlin Horn"},{"floor":11,"key":"Turnip"},{"floor":19,"key":"Dead Branch"},{"floor":19,"key":"Frozen Egg 2"},{"floor":23,"key":"Bottled Flame"},{"floor":25,"key":"Lantern"},{"floor":26,"key":"Matryoshka"},{"floor":37,"key":"The Courier"},{"floor":37,"key":"Centennial Puzzle"},{"floor":40,"key":"Torii"},{"floor":43,"key":"Juzu Bracelet"},{"floor":43,"key":"Pocketwatch"},{"floor":44,"key":"PreservedInsect"},{"floor":48,"key":"Pen Nib"}],"event_choices":[{"event_name":"Living Wall","player_choice":"Change","floor":2,"damage_taken":0},{"event_name":"Accursed Blacksmith","player_choice":"Rummage","floor":3,"damage_taken":0},{"event_name":"The Cleric","player_choice":"Card Removal","floor":7,"damage_taken":0},{"event_name":"Dead Adventurer","player_choice":"Searched \u00273\u0027 times","floor":13,"damage_taken":0},{"event_name":"Colosseum","player_choice":"Fight","floor":19,"damage_taken":0},{"event_name":"Colosseum","player_choice":"Fought Nobs","floor":19,"damage_taken":0},{"event_name":"Back to Basics","player_choice":"Simplicity","floor":30,"damage_taken":0},{"event_name":"SensoryStone","player_choice":"Memory 3","floor":36,"damage_taken":0},{"event_name":"Winding Halls","player_choice":"Embrace Madness","floor":47,"damage_taken":0}],"is_beta":false,"boss_relics":[{"not_picked":["Runic Dome","Philosopher\u0027s Stone"],"picked":"Mark of Pain"},{"not_picked":["Coffee Dripper","Fusion Hammer"],"picked":"Astrolabe"}],"items_purged_floors":[],"is_endless":false,"potions_floor_spawned":[4,6,8,11,19,24,25,27,28,33,40,44],"ascension_level":0}