{"gold_per_floor":[10,28,40,40,57,57,74,99,99,99,99,117,148,178,178,250,250,267,282,292,292],"floor_reached":21,"playtime":1248,"items_purged":[],"score":357,"play_id":"73026dfa-e1e9-4e84-bf2e-8a0be37067bf","local_time":"20190531164320","is_ascension_mode":true,"campfire_choices":[{"data":"Footwork","floor":6,"key":"SMITH"},{"floor":11,"key":"REST"},{"floor":15,"key":"REST"}],"neow_cost":"NO_GOLD","seed_source_timestamp":1428996189119276,"circlet_count":0,"master_deck":["AscendersBane","Defend_G","Defend_G","Defend_G","Defend_G","Defend_G","Strike_G","Strike_G+1","Strike_G+1","Strike_G","Strike_G","Survivor","Neutralize+1","Dagger Spray","Backstab","Leg Sweep","Footwork+1","Quick Slash","A Thousand Cuts","Footwork","Wraith Form v2","Malaise","Dash"],"relics":["Ring of the Snake","Ginger","Bottled Lightning","Singing Bowl","Centennial Puzzle","Odd Mushroom","Orrery"],"potions_floor_usage":[8,14,16,16,20,21],"damage_taken":[{"damage":4,"enemies":"2 Louse","floor":1,"turns":4},{"damage":2,"enemies":"Jaw Worm","floor":2,"turns":5},{"damage":0,"enemies":"Small Slimes","floor":3,"turns":3},{"damage":0,"enemies":"3 Louse","floor":5,"turns":3},{"damage":1,"enemies":"Blue Slaver","floor":7,"turns":4},{"damage":11,"enemies":"Gremlin Nob","floor":8,"turns":5},{"damage":0,"enemies":"2 Fungi Beasts","floor":12,"turns":6},{"damage":16,"enemies":"3 Sentries","floor":13,"turns":7},{"damage":9,"enemies":"The Mushroom Lair","floor":14,"turns":3},{"damage":16,"enemies":"Slime Boss","floor":16,"turns":12},{"damage":31,"enemies":"3 Byrds","floor":18,"turns":7},{"damage":16,"enemies":"Shell Parasite","floor":19,"turns":13},{"damage":10,"enemies":"Snake Plant","floor":20,"turns":8},{"damage":11,"enemies":"Chosen and Byrds","floor":21,"turns":9}],"seed_played":"-3278919409699099473","potions_obtained":[{"floor":3,"key":"AttackPotion"},{"floor":7,"key":"LiquidBronze"},{"floor":13,"key":"AttackPotion"},{"floor":14,"key":"GhostInAJar"},{"floor":18,"key":"GhostInAJar"},{"floor":19,"key":"Energy Potion"}],"is_trial":false,"path_per_floor":["M","M","M","?","M","R","M","E","T","?","R","M","E","?","R","B",null,"M","M","M","M"],"character_chosen":"THE_SILENT","items_purchased":[],"campfire_rested":2,"item_purchase_floors":[],"current_hp_per_floor":[55,53,53,53,53,53,52,41,41,21,40,40,26,19,40,24,65,36,22,14,3],"gold":292,"neow_bonus":"ONE_RARE_RELIC","is_prod":false,"is_daily":false,"chose_seed":false,"campfire_upgraded":1,"win_rate":0,"timestamp":1559335400,"path_taken":["M","M","M","?","M","R","M","E","T","?","R","M","E","?","R","BOSS","M","M","M","M"],"build_version":"2019-01-23","purchased_purges":0,"victory":false,"max_hp_per_floor":[66,66,66,66,66,66,66,66,66,66,66,66,68,70,70,70,76,78,80,82,82],"card_choices":[{"not_picked":["Blur","Crippling Poison"],"picked":"Dagger Spray","floor":1},{"not_picked":["Blur","Acrobatics"],"picked":"Backstab","floor":2},{"not_picked":["Skewer","Dodge and Roll"],"picked":"Leg Sweep","floor":3},{"not_picked":["Well Laid Plans","Concentrate"],"picked":"Footwork","floor":5},{"not_picked":["Flying Knee","Slice"],"picked":"Quick Slash","floor":7},{"not_picked":["Slice","Distraction"],"picked":"A Thousand Cuts","floor":8},{"not_picked":["Finisher","Prepared"],"picked":"Footwork","floor":12},{"not_picked":["Deadly Poison","Terror","Bane"],"picked":"Singing Bowl","floor":13},{"not_picked":["Eviscerate","Calculated Gamble","Dagger Spray"],"picked":"Singing Bowl","floor":14},{"not_picked":["Burst","Tools of the Trade"],"picked":"Wraith Form v2","floor":16},{"not_picked":["Underhanded Strike","Outmaneuver"],"picked":"Malaise","floor":17},{"not_picked":["Flying Knee","Acrobatics"],"picked":"Dash","floor":17},{"not_picked":["Dodge and Roll","Flying Knee","Setup"],"picked":"Singing Bowl","floor":17},{"not_picked":["Skewer","Outmaneuver","Tactician"],"picked":"Singing Bowl","floor":17},{"not_picked":["Prepared","Acrobatics","Flying Knee"],"picked":"Singing Bowl","floor":17},{"not_picked":["Poisoned Stab","Endless Agony","Prepared"],"picked":"Singing Bowl","floor":18},{"not_picked":["Underhanded Strike","Masterful Stab","Calculated Gamble+1"],"picked":"Singing Bowl","floor":19},{"not_picked":["Concentrate","Dash","Poisoned Stab"],"picked":"Singing Bowl","floor":20}],"player_experience":752033,"relics_obtained":[{"floor":8,"key":"Bottled Lightning"},{"floor":9,"key":"Singing Bowl"},{"floor":13,"key":"Centennial Puzzle"},{"floor":14,"key":"Odd Mushroom"}],"event_choices":[{"damage_healed":0,"gold_gain":0,"player_choice":"Grow","damage_taken":0,"max_hp_gain":0,"max_hp_loss":0,"event_name":"Living Wall","floor":4,"gold_loss":0,"cards_upgraded":["Neutralize"]},{"damage_healed":0,"gold_gain":0,"player_choice":"Entered Light","damage_taken":20,"max_hp_gain":0,"max_hp_loss":0,"event_name":"Shining Light","floor":10,"gold_loss":0,"cards_upgraded":["Strike_G","Strike_G"]},{"damage_healed":0,"gold_gain":0,"player_choice":"Fought Mushrooms","damage_taken":0,"max_hp_gain":0,"max_hp_loss":0,"event_name":"Mushrooms","floor":14,"gold_loss":0}],"is_beta":false,"boss_relics":[{"not_picked":["WristBlade","HoveringKite"],"picked":"Orrery"}],"items_purged_floors":[],"is_endless":false,"potions_floor_spawned":[3,7,13,14,18,19],"killed_by":"Chosen and Byrds","ascension_level":17}