{"gold_per_floor":[215,215,234,248,262,262,294,306,357,357,383,383,383],"floor_reached":13,"playtime":917,"items_purged":[],"score":114,"play_id":"b81f7cb3-00e0-400d-a776-43dbd978112b","local_time":"20190622144459","is_ascension_mode":true,"campfire_choices":[{"data":"Uppercut","floor":6,"key":"SMITH"},{"floor":10,"key":"REST"}],"neow_cost":"NONE","seed_source_timestamp":389548434442000,"circlet_count":0,"master_deck":["Strike_R","Strike_R","Strike_R","Strike_R","Strike_R","Defend_R+1","Defend_R","Defend_R","Defend_R","Bash+1","Uppercut+1","Burning Pact+1","Ghostly Armor","Cleave","Sentinel","Armaments"],"relics":["Burning Blood","Strawberry","War Paint","Shuriken"],"potions_floor_usage":[11,11],"damage_taken":[{"damage":9,"enemies":"Small Slimes","floor":1,"turns":5},{"damage":1,"enemies":"Cultist","floor":3,"turns":3},{"damage":7,"enemies":"Jaw Worm","floor":4,"turns":3},{"damage":12,"enemies":"Blue Slaver","floor":5,"turns":4},{"damage":24,"enemies":"Lagavulin","floor":7,"turns":8},{"damage":14,"enemies":"Lots of Slimes","floor":8,"turns":5},{"damage":12,"enemies":"3 Sentries","floor":11,"turns":6},{"damage":109,"enemies":"Gremlin Nob","floor":13,"turns":7}],"seed_played":"-3932328180759570232","potions_obtained":[{"floor":1,"key":"FearPotion"},{"floor":5,"key":"BloodPotion"},{"floor":7,"key":"FearPotion"},{"floor":8,"key":"Explosive Potion"}],"is_trial":false,"path_per_floor":["M","?","M","M","M","R","E","M","T","R","E","?","E"],"character_chosen":"IRONCLAD","items_purchased":[],"campfire_rested":1,"item_purchase_floors":[],"current_hp_per_floor":[77,77,80,79,73,73,62,54,54,80,82,82,0],"gold":383,"neow_bonus":"HUNDRED_GOLD","is_prod":false,"is_daily":false,"chose_seed":false,"campfire_upgraded":1,"win_rate":0,"timestamp":1561178699,"path_taken":["M","?","?","M","M","R","E","M","T","R","E","?","E"],"build_version":"2019-01-23","purchased_purges":0,"victory":false,"max_hp_per_floor":[80,80,80,80,80,80,87,87,87,87,87,87,87],"card_choices":[{"not_picked":["Reckless Charge","Warcry"],"picked":"Pummel","floor":1},{"not_picked":["Spot Weakness","Flex"],"picked":"Uppercut","floor":3},{"not_picked":["Anger","Warcry"],"picked":"Burning Pact","floor":4},{"not_picked":["Reckless Charge","Evolve"],"picked":"Ghostly Armor","floor":5},{"not_picked":["Rupture","Inflame","Warcry"],"picked":"SKIP","floor":7},{"not_picked":["Dropkick","Battle Trance"],"picked":"Cleave","floor":8},{"not_picked":["Power Through","Pummel"],"picked":"Sentinel","floor":11}],"player_experience":128303,"relics_obtained":[{"floor":7,"key":"Strawberry"},{"floor":9,"key":"War Paint"},{"floor":11,"key":"Shuriken"}],"event_choices":[{"damage_healed":0,"gold_gain":0,"player_choice":"Upgraded","damage_taken":0,"max_hp_gain":0,"max_hp_loss":0,"event_name":"Upgrade Shrine","floor":2,"gold_loss":0,"cards_upgraded":["Bash"]},{"damage_healed":0,"gold_gain":0,"cards_transformed":["Pummel"],"player_choice":"Change","damage_taken":0,"max_hp_gain":0,"max_hp_loss":0,"event_name":"Living Wall","floor":12,"gold_loss":0,"cards_obtained":["Armaments"]}],"is_beta":false,"boss_relics":[],"items_purged_floors":[],"is_endless":false,"potions_floor_spawned":[1,5,7,8],"killed_by":"Gremlin Nob","ascension_level":4}