{"path_per_floor":["M","M","M","M","?","R","E","$","T","E","M","M","M","E","R"],"character_chosen":"IRONCLAD","items_purchased":[],"gold_per_floor":[116,135,147,160,160,160,185,110,110,141,154,164,179,207,207],"floor_reached":16,"campfire_rested":1,"playtime":666,"current_hp_per_floor":[80,80,80,80,80,80,37,37,37,15,21,21,25,31,55],"items_purged":["Regret"],"gold":207,"score":149,"play_id":"217439af-0d2d-4f2c-997b-f5a4b2efc674","is_prod":false,"is_daily":false,"is_ascension_mode":false,"campfire_upgraded":1,"path_taken":["M","?","M","M","?","R","E","$","T","E","M","M","M","E","R","BOSS"],"build_version":"2018-02-12-PROD1","purchased_purges":1,"victory":false,"master_deck":["Strike_R","Strike_R","Strike_R","Strike_R","Strike_R","Defend_R","Defend_R","Defend_R","Defend_R","Bash","Immolate","Whirlwind+1","Headbutt","Rampage","Shockwave","Armaments+1","Reckless Charge","Perfected Strike","Metallicize","Perfected Strike"],"max_hp_per_floor":[80,80,80,80,80,80,80,80,80,80,80,80,80,80,80],"relics":["Burning Blood","Anchor","Art of War","Lantern","Girya","Toxic Egg 2","Paper Frog"],"card_choices":[{"not_picked":["Shrug It Off","Flex"],"picked":"Immolate"},{"not_picked":["Flex","Headbutt"],"picked":"Whirlwind"},{"not_picked":["Clash","Battle Trance"],"picked":"Headbutt"},{"not_picked":["Thunderclap","Sword Boomerang"],"picked":"Rampage"},{"not_picked":["Dropkick","Rage"],"picked":"Shockwave"},{"not_picked":["Shockwave","Whirlwind"],"picked":"Armaments"},{"not_picked":["Headbutt","Sever Soul"],"picked":"Reckless Charge"},{"not_picked":["Heavy Blade","Clothesline"],"picked":"Perfected Strike"},{"not_picked":["Cleave","Thunderclap"],"picked":"Metallicize"},{"not_picked":["Feel No Pain","Offering"],"picked":"Perfected Strike"}],"player_experience":68044,"potions_floor_usage":[10,14,14,16],"damage_taken":[{"damage":6,"enemies":"Blue Slaver","floor":1,"turns":6},{"damage":0,"enemies":"Jaw Worm","floor":2,"turns":4},{"damage":5,"enemies":"Small Slimes","floor":3,"turns":4},{"damage":4,"enemies":"3 Louse","floor":4,"turns":3},{"damage":49,"enemies":"Gremlin Nob","floor":7,"turns":6},{"damage":28,"enemies":"Lagavulin","floor":10,"turns":6},{"damage":0,"enemies":"Looter","floor":11,"turns":2},{"damage":6,"enemies":"Large Slime","floor":12,"turns":4},{"damage":2,"enemies":"Gremlin Gang","floor":13,"turns":4},{"damage":0,"enemies":"Gremlin Nob","floor":14,"turns":3},{"damage":61,"enemies":"Hexaghost","floor":16,"turns":9}],"event_choices":[{"event_name":"Big Fish","player_choice":"Box","floor":5,"damage_taken":0}],"boss_relics":[],"potions_floor_spawned":[3,7,10,12,13],"seed_played":"-2142390190853894355","killed_by":"Hexaghost","ascension_level":0,"is_trial":false}