{"gold_per_floor":[111,125,143,143,106,106,133,133,133,133],"floor_reached":10,"playtime":343,"items_purged":[],"score":125,"play_id":"c53b2968-5c0e-450b-a929-66aa12dc2159","local_time":"20190606131708","is_ascension_mode":true,"campfire_choices":[{"data":"Neutralize","floor":6,"key":"SMITH"},{"floor":8,"key":"REST"}],"neow_cost":"NONE","seed_source_timestamp":1935928127785639,"circlet_count":0,"master_deck":["AscendersBane","Defend_G","Defend_G","Defend_G","Defend_G","Defend_G","Strike_G","Strike_G","Strike_G","Strike_G","Strike_G","Survivor","Neutralize+1","Escape Plan","Deadly Poison","Crippling Poison","PiercingWail"],"relics":["Ring of the Snake","Unceasing Top","Frozen Egg 2"],"potions_floor_usage":[7,10],"damage_taken":[{"damage":4,"enemies":"Small Slimes","floor":1,"turns":4},{"damage":0,"enemies":"2 Louse","floor":2,"turns":4},{"damage":0,"enemies":"Cultist","floor":3,"turns":4},{"damage":53,"enemies":"3 Sentries","floor":7,"turns":15},{"damage":17,"enemies":"Gremlin Nob","floor":10,"turns":4}],"seed_played":"-2463631604928145637","potions_obtained":[{"floor":3,"key":"SteroidPotion"},{"floor":7,"key":"EssenceOfSteel"}],"is_trial":false,"path_per_floor":["M","M","M","?","$","R","E","R","T","E"],"character_chosen":"THE_SILENT","items_purchased":["Crippling Poison"],"campfire_rested":1,"item_purchase_floors":[5],"current_hp_per_floor":[61,61,61,61,61,61,8,29,29,12],"gold":133,"neow_bonus":"TEN_PERCENT_HP_BONUS","is_prod":false,"is_daily":false,"chose_seed":false,"campfire_upgraded":1,"win_rate":0,"timestamp":1559841428,"path_taken":["M","M","M","?","$","R","E","R","T","E"],"build_version":"2019-01-23","purchased_purges":0,"victory":false,"max_hp_per_floor":[72,72,72,72,72,72,72,72,72,72],"card_choices":[{"not_picked":["Bane","Underhanded Strike"],"picked":"Escape Plan","floor":1},{"not_picked":["Expertise","Backflip"],"picked":"Deadly Poison","floor":2},{"not_picked":["Reflex","Prepared","Underhanded Strike"],"picked":"SKIP","floor":3},{"not_picked":["Calculated Gamble","Deflect"],"picked":"PiercingWail","floor":7}],"player_experience":806164,"relics_obtained":[{"floor":7,"key":"Unceasing Top"},{"floor":9,"key":"Frozen Egg 2"}],"event_choices":[{"damage_healed":0,"gold_gain":0,"player_choice":"Ignored","damage_taken":0,"max_hp_gain":0,"max_hp_loss":0,"event_name":"Golden Wing","floor":4,"gold_loss":0}],"is_beta":false,"boss_relics":[],"items_purged_floors":[],"is_endless":false,"potions_floor_spawned":[3,7],"killed_by":"Gremlin Nob","ascension_level":18}