{"gold_per_floor":[112,131,141,154,164,164,181,181,255,280,280,308,308,3,3,76,76,96,111,124,124,138,138,151,151,151,169,169,69,84,30,30,30],"floor_reached":33,"playtime":1532,"items_purged":["Strike_R","Strike_R"],"score":522,"play_id":"82cdac99-237a-469a-9b95-1b737b139cad","local_time":"20190203160521","is_ascension_mode":true,"campfire_choices":[{"data":"Carnage","floor":6,"key":"SMITH"},{"data":"Inflame","floor":8,"key":"SMITH"},{"data":"Evolve","floor":15,"key":"SMITH"},{"data":"Armaments","floor":23,"key":"SMITH"},{"data":"Limit Break","floor":25,"key":"SMITH"},{"data":"Ghostly","floor":32,"key":"SMITH"}],"neow_cost":"NONE","seed_source_timestamp":3846097624858,"circlet_count":0,"master_deck":["AscendersBane","Strike_R","Strike_R","Strike_R","Defend_R","Defend_R","Defend_R","Defend_R","Bash+1","Inflame+1","Thunderclap","Iron Wave","Carnage+1","Heavy Blade","Ghostly Armor","Iron Wave","Evolve+1","Immolate","Power Through","Limit Break+1","Flame Barrier","Armaments+1","Ghostly+1","Ghostly","Ghostly","Fiend Fire","Shrug It Off"],"relics":["Burning Blood","Blue Candle","Self Forming Clay","Du-Vu Doll","Meat on the Bone","White Beast Statue","Sundial"],"potions_floor_usage":[12,16,19,22,22,27,33],"damage_taken":[{"damage":2,"enemies":"Cultist","floor":1,"turns":4},{"damage":4,"enemies":"Jaw Worm","floor":2,"turns":4},{"damage":1,"enemies":"Small Slimes","floor":3,"turns":4},{"damage":7,"enemies":"Looter","floor":4,"turns":3},{"damage":24,"enemies":"Exordium Wildlife","floor":5,"turns":4},{"damage":16,"enemies":"Blue Slaver","floor":7,"turns":3},{"damage":32,"enemies":"Gremlin Nob","floor":10,"turns":4},{"damage":17,"enemies":"Lagavulin","floor":12,"turns":5},{"damage":28,"enemies":"Slime Boss","floor":16,"turns":6},{"damage":17,"enemies":"2 Thieves","floor":18,"turns":5},{"damage":22,"enemies":"Shell Parasite","floor":19,"turns":6},{"damage":22,"enemies":"Snake Plant","floor":20,"turns":6},{"damage":28,"enemies":"Snecko","floor":22,"turns":7},{"damage":14,"enemies":"Centurion and Healer","floor":24,"turns":8},{"damage":23,"enemies":"3 Cultists","floor":27,"turns":5},{"damage":11,"enemies":"Chosen and Byrds","floor":30,"turns":9},{"damage":49,"enemies":"Automaton","floor":33,"turns":6}],"seed_played":"-784697996833364883","potions_obtained":[{"floor":1,"key":"FearPotion"},{"floor":3,"key":"SkillPotion"},{"floor":16,"key":"Strength Potion"},{"floor":18,"key":"Explosive Potion"},{"floor":19,"key":"SpeedPotion"},{"floor":22,"key":"SpeedPotion"},{"floor":24,"key":"FearPotion"},{"floor":27,"key":"Swift Potion"}],"is_trial":false,"path_per_floor":["M","M","M","M","M","R","M","R","T","E","?","E","T","$","R","B",null,"M","M","M","?","M","R","M","R","T","M","?","$","M","$","R","B"],"character_chosen":"IRONCLAD","items_purchased":["Immolate","Power Through","Shrug It Off"],"campfire_rested":0,"item_purchase_floors":[14,14,31],"current_hp_per_floor":[72,74,75,74,56,56,46,46,46,20,45,34,34,34,34,24,62,51,47,43,43,33,33,37,37,37,32,32,32,27,27,27,0],"gold":30,"neow_bonus":"UPGRADE_CARD","is_prod":false,"is_daily":false,"chose_seed":false,"campfire_upgraded":6,"win_rate":0,"timestamp":1549220721,"path_taken":["M","?","?","M","M","R","M","R","T","E","?","E","?","$","R","BOSS","M","M","?","?","M","R","M","R","T","M","?","$","M","?","R","BOSS"],"build_version":"2019-01-23","purchased_purges":2,"victory":false,"max_hp_per_floor":[75,75,75,75,75,75,75,75,75,75,75,75,75,75,75,75,75,75,75,75,75,75,75,75,75,75,75,37,37,37,37,37,37],"card_choices":[{"not_picked":["Entrench","Bloodletting"],"picked":"Inflame","floor":1},{"not_picked":["Reckless Charge","Dual Wield"],"picked":"Thunderclap","floor":2},{"not_picked":["Pommel Strike","Seeing Red"],"picked":"Iron Wave","floor":3},{"not_picked":["Sword Boomerang","Armaments"],"picked":"Carnage","floor":4},{"not_picked":["Cleave","Ghostly Armor"],"picked":"Heavy Blade","floor":5},{"not_picked":["Wild Strike","Perfected Strike"],"picked":"Ghostly Armor","floor":7},{"not_picked":["Combust","Sword Boomerang"],"picked":"Iron Wave","floor":10},{"not_picked":["Iron Wave","Spot Weakness"],"picked":"Evolve","floor":12},{"not_picked":["Berserk","Feed"],"picked":"Limit Break","floor":16},{"not_picked":["Carnage","Body Slam"],"picked":"Flame Barrier","floor":18},{"not_picked":["Flex","Rage","Pummel"],"picked":"SKIP","floor":19},{"not_picked":["Flex","Rage","Pummel"],"picked":"SKIP","floor":19},{"not_picked":["Shrug It Off","Searing Blow"],"picked":"Armaments","floor":20},{"not_picked":["Thunderclap","Reckless Charge","Hemokinesis"],"picked":"SKIP","floor":22},{"not_picked":["Warcry","Iron Wave","Body Slam"],"picked":"SKIP","floor":24},{"not_picked":["Pommel Strike","Twin Strike","Rampage"],"picked":"SKIP","floor":27},{"not_picked":["Sever Soul","Iron Wave"],"picked":"Fiend Fire","floor":30}],"player_experience":810752,"relics_obtained":[{"floor":9,"key":"Blue Candle"},{"floor":10,"key":"Self Forming Clay"},{"floor":12,"key":"Du-Vu Doll"},{"floor":13,"key":"Meat on the Bone"},{"floor":26,"key":"Sundial"}],"event_choices":[{"damage_healed":25,"gold_gain":0,"player_choice":"Banana","damage_taken":0,"max_hp_gain":0,"max_hp_loss":0,"event_name":"Big Fish","floor":11,"gold_loss":0},{"damage_healed":0,"gold_gain":0,"player_choice":"Ignored","damage_taken":0,"max_hp_gain":0,"max_hp_loss":0,"event_name":"The Mausoleum","floor":21,"gold_loss":0},{"damage_healed":0,"gold_gain":0,"player_choice":"Became a Ghost","damage_taken":0,"max_hp_gain":0,"max_hp_loss":38,"event_name":"Ghosts","floor":28,"gold_loss":0,"cards_obtained":["Ghostly","Ghostly","Ghostly"]}],"is_beta":false,"boss_relics":[{"not_picked":["Runic Cube","Runic Dome"],"picked":"White Beast Statue"}],"items_purged_floors":[14,29],"is_endless":false,"potions_floor_spawned":[1,3,7,10,16,18,19,20,22,24,27,30],"killed_by":"Automaton","ascension_level":20}