{"path_per_floor":["M","M","M","M","?","E","T","M","T","?","M","M","E","M","R","B",null,"M","M","?","$","?","R","?"],"character_chosen":"THE_SILENT","items_purchased":["Ornamental Fan","Anchor"],"gold_per_floor":[116,136,149,159,159,187,242,253,304,304,323,335,364,381,381,480,480,494,508,508,100,100,100,100],"floor_reached":25,"campfire_rested":0,"playtime":1227,"current_hp_per_floor":[77,77,77,77,77,68,68,58,58,63,61,63,57,53,53,60,77,63,53,53,53,53,53,53],"items_purged":[],"gold":100,"score":215,"play_id":"804d5054-ffc9-402b-9024-9d2c30637b63","is_prod":false,"is_daily":false,"is_ascension_mode":false,"campfire_upgraded":2,"path_taken":["M","M","?","?","?","E","?","M","T","?","M","M","E","M","R","BOSS","M","M","?","$","?","R","?","E"],"build_version":"2018-02-08-PROD1","purchased_purges":0,"victory":false,"master_deck":["Defend_G+1","Defend_G+1","Defend_G+1","Defend_G+1","Defend_G+1","Strike_G+1","Strike_G+1","Strike_G+1","Strike_G+1","Strike_G+1","Survivor","Neutralize","Poisoned Stab","Noxious Fumes","Deflect","Blur","Bouncing Flask","Catalyst+1","Bane","Storm of Steel","Blade Dance","Envenom+1","Cloak And Dagger","Finisher","Deflect","Blur","Dash","Dagger Spray","Dagger Throw+1"],"max_hp_per_floor":[77,77,77,77,77,77,77,77,77,77,77,77,77,77,77,77,77,77,77,77,77,77,77,77],"relics":["Ring of the Snake","Oddly Smooth Stone","Regal Pillow","Blood Vial","Kunai","Orrery","Ornamental Fan","Anchor"],"card_choices":[{"not_picked":["Sucker Punch","Bane"],"picked":"Poisoned Stab"},{"not_picked":["Outmaneuver","Footwork"],"picked":"Deflect"},{"not_picked":["Skewer","Blur"],"picked":"Noxious Fumes"},{"not_picked":["Acrobatics","Masterful Stab"],"picked":"Flechettes"},{"not_picked":["Poisoned Stab","Leg Sweep"],"picked":"Blur"},{"not_picked":["Poisoned Stab","Underhanded Strike"],"picked":"Bouncing Flask"},{"not_picked":["Reflex","Footwork"],"picked":"Catalyst"},{"not_picked":["Backflip","Expertise"],"picked":"Bane"},{"not_picked":["All Out Attack","Malaise"],"picked":"Storm of Steel"},{"not_picked":["Slice","Quick Slash"],"picked":"Blade Dance"},{"not_picked":["Corpse Explosion","Bullet Time"],"picked":"Envenom"},{"not_picked":["Acrobatics","Dagger Throw"],"picked":"Cloak And Dagger"},{"not_picked":["Slice","Underhanded Strike"],"picked":"Finisher"},{"not_picked":["Catalyst","Underhanded Strike"],"picked":"Deflect"},{"not_picked":["Deadly Poison","Deflect"],"picked":"Blur"},{"not_picked":["Acrobatics","Poisoned Stab"],"picked":"Dash"},{"not_picked":["Storm of Steel","Deflect"],"picked":"Dagger Spray"},{"not_picked":["Quick Slash","Sucker Punch"],"picked":"Dagger Throw"}],"player_experience":33741,"potions_floor_usage":[6,11,13,16,16,25],"damage_taken":[{"damage":0,"enemies":"Blue Slaver","floor":1,"turns":6},{"damage":0,"enemies":"Jaw Worm","floor":2,"turns":6},{"damage":0,"enemies":"Cultist","floor":3,"turns":5},{"damage":0,"enemies":"Exordium Wildlife","floor":4,"turns":5},{"damage":9,"enemies":"3 Sentries","floor":6,"turns":9},{"damage":10,"enemies":"Looter","floor":8,"turns":4},{"damage":4,"enemies":"Red Slaver","floor":11,"turns":3},{"damage":0,"enemies":"Exordium Wildlife","floor":12,"turns":3},{"damage":8,"enemies":"Lagavulin","floor":13,"turns":5},{"damage":6,"enemies":"2 Fungi Beasts","floor":14,"turns":3},{"damage":10,"enemies":"The Guardian","floor":16,"turns":9},{"damage":14,"enemies":"Shell Parasite","floor":18,"turns":5},{"damage":12,"enemies":"3 Byrds","floor":19,"turns":5},{"damage":56,"enemies":"Book of Stabbing","floor":25,"turns":8}],"event_choices":[{"event_name":"Living Wall","player_choice":"Change","floor":5,"damage_taken":0},{"event_name":"Bonfire Elementals","player_choice":"COMMON","floor":10,"damage_taken":0},{"event_name":"Drug Dealer","player_choice":"Ignored","floor":20,"damage_taken":0},{"event_name":"Back to Basics","player_choice":"Simplicity","floor":22,"damage_taken":0},{"event_name":"Purifier","player_choice":"Skipped","floor":24,"damage_taken":0}],"boss_relics":[{"not_picked":["Eternal Feather","Ectoplasm"],"picked":"Orrery"}],"potions_floor_spawned":[2,3,4,8,12,18,19],"seed_played":"-2648833477291844730","killed_by":"Book of Stabbing","ascension_level":0,"is_trial":false}