{"gold_per_floor":[118,118,118,135,135,135,161,161,161,161,193,211,230,248,248,353,353,372,384,60,0,10,10,41,55,55,83,102,102,102,102,102,102],"floor_reached":33,"playtime":1366,"items_purged":[],"score":512,"play_id":"1ba7e1a4-cd90-4ee2-ba5f-898b7dc73f5b","local_time":"20190325205140","is_ascension_mode":true,"campfire_choices":[{"floor":6,"key":"REST"},{"data":"Neutralize","floor":8,"key":"SMITH"},{"floor":15,"key":"REST"},{"floor":23,"key":"REST"},{"floor":30,"key":"REST"},{"data":"Bullet Time","floor":32,"key":"SMITH"}],"neow_cost":"NONE","seed_source_timestamp":1049715871464056,"circlet_count":0,"master_deck":["AscendersBane","Defend_G+1","Defend_G+1","Defend_G+1","Defend_G+1","Defend_G+1","Strike_G+1","Strike_G+1","Strike_G+1","Strike_G+1","Survivor+1","Neutralize+1","Footwork","Dagger Spray","Backstab","A Thousand Cuts","Flechettes","Noxious Fumes","After Image","Cloak And Dagger","Leg Sweep+1","Caltrops","Cloak And Dagger+1","Dagger Throw","Catalyst","Concentrate","Finisher","Bullet Time+1"],"relics":["Ring of the Snake","NeowsBlessing","Regal Pillow","War Paint","The Specimen","Bronze Scales","Sozu","Meat on the Bone","Bottled Flame","Potion Belt","Paper Crane"],"potions_floor_usage":[10,11,13,27],"damage_taken":[{"damage":0,"enemies":"2 Louse","floor":1,"turns":1},{"damage":0,"enemies":"Cultist","floor":4,"turns":1},{"damage":0,"enemies":"Gremlin Nob","floor":7,"turns":1},{"damage":21,"enemies":"Lagavulin","floor":11,"turns":7},{"damage":0,"enemies":"Jaw Worm","floor":12,"turns":3},{"damage":10,"enemies":"2 Fungi Beasts","floor":13,"turns":2},{"damage":8,"enemies":"Red Slaver","floor":14,"turns":5},{"damage":30,"enemies":"Hexaghost","floor":16,"turns":11},{"damage":23,"enemies":"2 Thieves","floor":18,"turns":4},{"damage":24,"enemies":"Spheric Guardian","floor":19,"turns":5},{"damage":6,"enemies":"Snake Plant","floor":22,"turns":5},{"damage":6,"enemies":"Book of Stabbing","floor":24,"turns":7},{"damage":40,"enemies":"Cultist and Chosen","floor":25,"turns":7},{"damage":33,"enemies":"Slavers","floor":27,"turns":6},{"damage":9,"enemies":"Chosen and Byrds","floor":28,"turns":6},{"damage":65,"enemies":"Automaton","floor":33,"turns":8}],"seed_played":"-4588618392481201723","potions_obtained":[{"floor":1,"key":"PowerPotion"},{"floor":7,"key":"SteroidPotion"},{"floor":10,"key":"Fruit Juice"},{"floor":10,"key":"EntropicBrew"},{"floor":13,"key":"FearPotion"}],"is_trial":false,"path_per_floor":["M","?","?","M","?","R","E","R","T","?","E","M","M","M","R","B",null,"M","M","$","?","M","R","E","M","T","E","M","?","R","?","R","B"],"character_chosen":"THE_SILENT","items_purchased":["Caltrops","Meat on the Bone"],"campfire_rested":4,"item_purchase_floors":[20,20],"current_hp_per_floor":[63,38,38,38,24,60,60,60,60,65,44,44,34,26,63,33,65,42,18,18,18,24,61,55,27,27,21,24,24,61,61,61,0],"gold":102,"neow_bonus":"THREE_ENEMY_KILL","is_prod":false,"is_daily":false,"chose_seed":false,"campfire_upgraded":2,"win_rate":0,"timestamp":1553561500,"path_taken":["M","?","?","?","?","R","E","R","T","?","E","M","?","M","R","BOSS","M","M","$","?","M","R","E","M","T","E","M","?","R","?","R","BOSS"],"build_version":"2019-01-23","purchased_purges":0,"victory":false,"max_hp_per_floor":[70,70,70,70,70,70,70,70,70,75,75,75,75,75,75,75,75,75,75,75,75,75,75,75,75,75,75,75,75,75,75,75,75],"card_choices":[{"not_picked":["Tactician","Poisoned Stab"],"picked":"Footwork","floor":1},{"not_picked":["Underhanded Strike","Dagger Throw"],"picked":"Dagger Spray","floor":4},{"not_picked":["Cloak And Dagger","Infinite Blades"],"picked":"Backstab","floor":7},{"not_picked":["Terror","Backflip"],"picked":"A Thousand Cuts","floor":11},{"not_picked":["Bane","Quick Slash"],"picked":"Flechettes","floor":12},{"not_picked":["Bane","Dagger Throw"],"picked":"Noxious Fumes","floor":13},{"not_picked":["Poisoned Stab","Reflex","Distraction"],"picked":"SKIP","floor":14},{"not_picked":["Unload","Night Terror"],"picked":"After Image","floor":16},{"not_picked":["Slice","Dagger Spray"],"picked":"Cloak And Dagger","floor":18},{"not_picked":["Blur","Riddle With Holes"],"picked":"Leg Sweep+1","floor":19},{"not_picked":["Underhanded Strike","Flying Knee","Dodge and Roll"],"picked":"SKIP","floor":22},{"not_picked":["Leg Sweep","Night Terror"],"picked":"Cloak And Dagger+1","floor":24},{"not_picked":["Dodge and Roll","Quick Slash"],"picked":"Dagger Throw","floor":25},{"not_picked":["Leg Sweep","All Out Attack"],"picked":"Catalyst","floor":27},{"not_picked":["Acrobatics","Backflip"],"picked":"Concentrate","floor":28}],"player_experience":381694,"relics_obtained":[{"floor":7,"key":"War Paint"},{"floor":9,"key":"The Specimen"},{"floor":11,"key":"Bronze Scales"},{"floor":24,"key":"Bottled Flame"},{"floor":26,"key":"Potion Belt"},{"floor":27,"key":"Paper Crane"}],"event_choices":[{"damage_healed":0,"gold_gain":0,"player_choice":"Success","damage_taken":25,"relics_obtained":["Regal Pillow"],"max_hp_gain":0,"max_hp_loss":0,"event_name":"Scrap Ooze","floor":2,"gold_loss":0},{"cards_removed":["Strike_G"],"damage_healed":0,"gold_gain":0,"player_choice":"Purged","damage_taken":0,"max_hp_gain":0,"max_hp_loss":0,"event_name":"Purifier","floor":3,"gold_loss":0},{"damage_healed":0,"gold_gain":0,"player_choice":"Entered Light","damage_taken":14,"max_hp_gain":0,"max_hp_loss":0,"event_name":"Shining Light","floor":5,"gold_loss":0,"cards_upgraded":["Survivor","Strike_G"]},{"damage_healed":0,"gold_gain":0,"player_choice":"Got Potions","damage_taken":0,"max_hp_gain":0,"max_hp_loss":0,"event_name":"Lab","floor":10,"gold_loss":0},{"damage_healed":0,"gold_gain":0,"player_choice":"Paid Fearfully","damage_taken":0,"max_hp_gain":0,"max_hp_loss":0,"event_name":"Masked Bandits","floor":21,"gold_loss":60},{"damage_healed":0,"gold_gain":0,"player_choice":"Simplicity","damage_taken":0,"max_hp_gain":0,"max_hp_loss":0,"event_name":"Back to Basics","floor":29,"gold_loss":0,"cards_upgraded":["Defend_G","Defend_G","Defend_G","Strike_G","Strike_G","Strike_G"]},{"damage_healed":0,"gold_gain":0,"player_choice":"2 cards matched","damage_taken":0,"max_hp_gain":0,"max_hp_loss":0,"event_name":"Match and Keep!","floor":31,"gold_loss":0,"cards_obtained":["Finisher","Bullet Time"]}],"is_beta":false,"boss_relics":[{"not_picked":["White Beast Statue","Orrery"],"picked":"Sozu"}],"items_purged_floors":[],"is_endless":false,"potions_floor_spawned":[1,7,13,19,22,28],"killed_by":"Automaton","ascension_level":12}