{"gold_per_floor":[116,136,146,146,162,162,162,172,198,227,239,251,263,13,13,138,201,224,244,244,263,6,6,27,42,42,42,83,99,26,26,26,26],"floor_reached":33,"playtime":2606,"items_purged":[],"score":284,"play_id":"08f35425-d6d6-4165-844c-95fc51813079","local_time":"20190116183149","is_ascension_mode":false,"campfire_choices":[{"data":"Dualcast","floor":6,"key":"SMITH"},{"floor":11,"key":"REST"},{"data":"Zap","floor":15,"key":"SMITH"},{"floor":23,"key":"REST"},{"floor":27,"key":"REST"},{"floor":32,"key":"REST"}],"neow_cost":"NONE","seed_source_timestamp":656377076960415,"circlet_count":0,"master_deck":["Strike_B","Strike_B","Strike_B","Strike_B","Defend_B","Defend_B","Defend_B+1","Zap+1","Dualcast+1","Coolheaded","Go for the Eyes","Skim","Auto Shields","Streamline","Cold Snap","Injury","Rainbow","Ball Lightning","Sweeping Beam","Ball Lightning","Rainbow+1","Loop+1","Fission+1","Fission+1","Chill+1","Loop"],"relics":["Cracked Core","MawBank","Golden Idol","Letter Opener","Tiny House","Toxic Egg 2","Ancient Tea Set","Lantern"],"potions_floor_usage":[25,25,28],"damage_taken":[{"damage":1,"enemies":"Cultist","floor":1,"turns":3},{"damage":3,"enemies":"Small Slimes","floor":2,"turns":5},{"damage":4,"enemies":"2 Louse","floor":3,"turns":3},{"damage":10,"enemies":"Exordium Wildlife","floor":5,"turns":8},{"damage":2,"enemies":"Lots of Slimes","floor":8,"turns":4},{"damage":6,"enemies":"Red Slaver","floor":10,"turns":3},{"damage":7,"enemies":"Slime Boss","floor":16,"turns":9},{"damage":10,"enemies":"Spheric Guardian","floor":18,"turns":3},{"damage":12,"enemies":"Chosen","floor":19,"turns":4},{"damage":21,"enemies":"Snake Plant","floor":21,"turns":4},{"damage":15,"enemies":"Sentry and Sphere","floor":24,"turns":5},{"damage":17,"enemies":"3 Cultists","floor":25,"turns":6},{"damage":22,"enemies":"Slavers","floor":28,"turns":4},{"damage":6,"enemies":"Shelled Parasite and Fungi","floor":29,"turns":5},{"damage":76,"enemies":"Champ","floor":33,"turns":8}],"seed_played":"436157206858410406","potions_obtained":[{"floor":2,"key":"AttackPotion"},{"floor":8,"key":"Poison Potion"},{"floor":10,"key":"Block Potion"},{"floor":17,"key":"Fire Potion"},{"floor":21,"key":"SkillPotion"}],"is_trial":false,"path_per_floor":["M","M","M","$","M","R","?","M","T","M","R","?","?","$","R","B",null,"M","M","?","M","$","R","M","M","T","R","E","M","$","?","R","B"],"character_chosen":"DEFECT","items_purchased":["Letter Opener","Toxic Egg 2","Loop"],"campfire_rested":4,"item_purchase_floors":[14,22,30],"current_hp_per_floor":[81,78,74,74,64,64,64,62,62,56,80,85,85,85,85,78,92,82,70,75,54,54,81,66,49,49,76,54,48,48,48,75,0],"gold":26,"neow_bonus":"TEN_PERCENT_HP_BONUS","is_prod":false,"is_daily":false,"chose_seed":false,"campfire_upgraded":2,"win_rate":0.0,"timestamp":1547681509,"path_taken":["M","M","M","$","M","R","?","?","T","M","R","?","?","$","R","BOSS","M","M","?","M","$","R","M","M","T","R","E","?","?","?","R","BOSS"],"build_version":"2019-01-10","purchased_purges":0,"victory":false,"max_hp_per_floor":[82,82,82,82,82,82,82,82,82,82,82,87,87,87,87,87,92,92,92,92,92,92,92,92,92,92,92,92,92,92,92,92,92],"card_choices":[{"not_picked":["Compile Driver","Leap"],"picked":"Coolheaded","floor":1},{"not_picked":["Steam","Melter"],"picked":"Go for the Eyes","floor":2},{"not_picked":["Hologram","Gash"],"picked":"Skim","floor":3},{"not_picked":["Hologram","Blizzard"],"picked":"Auto Shields","floor":5},{"not_picked":["Conserve Battery","Compile Driver"],"picked":"Streamline","floor":8},{"not_picked":["Defragment","Force Field"],"picked":"Cold Snap","floor":10},{"not_picked":["Reboot","Fission"],"picked":"Rainbow","floor":16},{"not_picked":["Streamline","Hello World"],"picked":"Ball Lightning","floor":17},{"not_picked":["Cold Snap","Gash"],"picked":"Sweeping Beam","floor":18},{"not_picked":["Leap+1","Sweeping Beam+1"],"picked":"Ball Lightning","floor":19},{"not_picked":["Leap","Redo+1"],"picked":"Rainbow","floor":21},{"not_picked":["Hello World","Barrage+1"],"picked":"Loop+1","floor":24},{"not_picked":["Beam Cell","Conserve Battery+1"],"picked":"Fission+1","floor":25},{"not_picked":["Streamline","Steam+1"],"picked":"Fission+1","floor":28},{"not_picked":["Skim+1","Auto Shields+1"],"picked":"Chill+1","floor":29}],"player_experience":61072,"relics_obtained":[{"floor":9,"key":"MawBank"},{"floor":26,"key":"Ancient Tea Set"},{"floor":28,"key":"Lantern"}],"event_choices":[{"damage_healed":0,"gold_gain":0,"cards_transformed":["Defend_B"],"player_choice":"Transformed","damage_taken":0,"max_hp_gain":0,"max_hp_loss":0,"event_name":"Transmorgrifier","floor":7,"gold_loss":0,"cards_obtained":["Streamline"]},{"damage_healed":0,"gold_gain":0,"player_choice":"Donut","damage_taken":0,"max_hp_gain":5,"max_hp_loss":0,"event_name":"Big Fish","floor":12,"gold_loss":0},{"damage_healed":0,"gold_gain":0,"player_choice":"Take Wound","damage_taken":0,"relics_obtained":["Golden Idol"],"max_hp_gain":0,"max_hp_loss":0,"event_name":"Golden Idol","floor":13,"gold_loss":0,"cards_obtained":["Injury"]},{"cards_removed":["Streamline"],"damage_healed":5,"gold_gain":0,"player_choice":"Offered Common","damage_taken":0,"max_hp_gain":0,"max_hp_loss":0,"event_name":"Bonfire Elementals","floor":20,"gold_loss":0},{"cards_removed":["Streamline"],"damage_healed":5,"gold_gain":0,"player_choice":"Offered Special","damage_taken":0,"max_hp_gain":0,"max_hp_loss":0,"event_name":"Bonfire Elementals","floor":20,"gold_loss":0},{"damage_healed":0,"gold_gain":0,"player_choice":"Upgraded","damage_taken":0,"max_hp_gain":0,"max_hp_loss":0,"event_name":"Upgrade Shrine","floor":31,"gold_loss":0,"cards_upgraded":["Rainbow"]}],"is_beta":false,"boss_relics":[{"not_picked":["Astrolabe","Black Star"],"picked":"Tiny House"}],"items_purged_floors":[],"is_endless":false,"potions_floor_spawned":[2,8,10,21,24],"killed_by":"Champ","ascension_level":0}