{"gold_per_floor":[112,122,122,140,140,140,152,171,197,54,71,18,32,32,32,32],"floor_reached":16,"playtime":583,"items_purged":["Strike_B"],"score":127,"play_id":"329a01fc-8b58-4998-9a06-b5347b51f561","local_time":"20181107035437","is_ascension_mode":true,"campfire_choices":[{"data":"Gash","floor":6,"key":"SMITH"},{"floor":15,"key":"REST"}],"neow_cost":"PERCENT_DAMAGE","seed_source_timestamp":38121107780149,"circlet_count":0,"master_deck":["Strike_B","Strike_B","Defend_B","Defend_B","Defend_B","Zap","Rebound","Gash+1","BootSequence","Genetic Algorithm","Beam Cell+1"],"relics":["Cracked Core","Blood Vial","Potion Belt"],"potions_floor_usage":[],"damage_taken":[{"damage":0,"enemies":"2 Louse","floor":1,"turns":2},{"damage":1,"enemies":"Cultist","floor":2,"turns":3},{"damage":0,"enemies":"Small Slimes","floor":4,"turns":3},{"damage":10,"enemies":"Gremlin Gang","floor":7,"turns":5},{"damage":29,"enemies":"Lots of Slimes","floor":8,"turns":3},{"damage":4,"enemies":"Exordium Thugs","floor":11,"turns":5},{"damage":13,"enemies":"Large Slime","floor":13,"turns":5},{"damage":26,"enemies":"The Guardian","floor":16,"turns":2}],"seed_played":"1800196917878844323","potions_obtained":[{"floor":2,"key":"Poison Potion"},{"floor":4,"key":"LiquidBronze"},{"floor":11,"key":"Regen Potion"}],"is_trial":false,"path_per_floor":["M","M","?","M","?","R","M","M","T","$","M","$","M","?","R","B"],"character_chosen":"DEFECT","items_purchased":["Genetic Algorithm","Beam Cell"],"campfire_rested":1,"item_purchase_floors":[10,12],"current_hp_per_floor":[50,49,49,49,49,49,41,14,14,14,12,12,1,1,23,0],"gold":32,"neow_bonus":"REMOVE_TWO","is_prod":false,"is_daily":false,"chose_seed":false,"campfire_upgraded":1,"win_rate":0,"timestamp":1541573677,"path_taken":["M","M","?","?","?","R","?","?","T","$","M","?","M","?","R","BOSS"],"build_version":"2018-11-01","purchased_purges":1,"victory":false,"max_hp_per_floor":[75,75,75,75,75,75,75,75,75,75,75,75,75,75,75,75],"card_choices":[{"not_picked":["FTL","Cold Snap"],"picked":"Rebound","floor":1},{"not_picked":["Sweeping Beam","Heatsinks","Turbo"],"picked":"SKIP","floor":2},{"not_picked":["Ball Lightning","Self Repair"],"picked":"Gash","floor":4},{"not_picked":["Undo","Rip and Tear","Darkness"],"picked":"SKIP","floor":7},{"not_picked":["Compile Driver","Stack"],"picked":"BootSequence","floor":8},{"not_picked":["Barrage","Redo","Stack"],"picked":"SKIP","floor":11},{"not_picked":["Leap","White Noise","Redo"],"picked":"SKIP","floor":13}],"player_experience":311180,"relics_obtained":[{"floor":9,"key":"Potion Belt"}],"event_choices":[{"cards_removed":["Dualcast"],"damage_healed":0,"gold_gain":0,"player_choice":"Purged","damage_taken":0,"max_hp_gain":0,"max_hp_loss":0,"event_name":"Purifier","floor":3,"gold_loss":0},{"damage_healed":0,"gold_gain":0,"player_choice":"Gave Potion","damage_taken":0,"relics_obtained":["Blood Vial"],"max_hp_gain":0,"max_hp_loss":0,"event_name":"WeMeetAgain","floor":5,"gold_loss":0},{"damage_healed":0,"gold_gain":0,"player_choice":"Grow","damage_taken":0,"max_hp_gain":0,"max_hp_loss":0,"event_name":"Living Wall","floor":14,"gold_loss":0,"cards_upgraded":["Beam Cell"]}],"is_beta":false,"boss_relics":[],"items_purged_floors":[10],"is_endless":false,"potions_floor_spawned":[2,4,11],"killed_by":"The Guardian","ascension_level":7}