{"gold_per_floor":[114,114,114,33,33,63,1,176,176,191,191,41,71,71,71,171,171,186,186,186,121,136,166,70,345,345,375,54,69,99,114,114,214,214,229,244,244,214,14,44,59,89,89,104,119,150,180,180,180,180],"floor_reached":51,"playtime":4111,"items_purged":["Doubt","Regret"],"score":947,"play_id":"edd4d717-7a04-476b-bc29-9fa64e36770f","local_time":"20190214205057","daily_mods":["Heirloom","Flight","Binary"],"is_ascension_mode":false,"campfire_choices":[{"floor":11.0,"key":"REST"},{"floor":15.0,"key":"REST"},{"data":"Hello World","floor":32.0,"key":"SMITH"},{"floor":49,"key":"REST"}],"neow_cost":"","seed_source_timestamp":0,"circlet_count":0,"master_deck":["Strike_B","Strike_B","Strike_B","Strike_B","Defend_B","Defend_B","Defend_B+1","Defend_B","Zap","Dualcast+1","BootSequence","Self Repair","Leap","Doom and Gloom","Self Repair","Gash","Gash","Chaos","Undo","Conserve Battery","Glacier","Rainbow","Doom and Gloom","FTL","Coolheaded","Rebound","Gash","Ball Lightning","Conserve Battery","Conserve Battery","Defragment","Gash","Self Repair","White Noise","Compile Driver","Hello World+1","Buffer","Conserve Battery+1","Rip and Tear+1","Apotheosis+1","Jack Of All Trades","Discovery","Ball Lightning+1","Ball Lightning","Hello World","Cold Snap+1","FTL+1","Force Field","Echo Form","BootSequence"],"special_seed":17941,"relics":["Cracked Core","Dead Branch","The Courier","Potion Belt","Dream Catcher","Unceasing Top","Nuclear Battery","Happy Flower","Letter Opener","Bronze Scales","Question Card","Centennial Puzzle","StoneCalendar","Lizard Tail","Sundial","Pear","Ornamental Fan","Shuriken","Gambling Chip","Mummified Hand"],"potions_floor_usage":[50,50],"damage_taken":[{"damage":0.0,"enemies":"2 Louse","floor":1.0,"turns":2.0},{"damage":25.0,"enemies":"Lagavulin","floor":6.0,"turns":10.0},{"damage":0.0,"enemies":"Jaw Worm","floor":10.0,"turns":4.0},{"damage":16.0,"enemies":"Gremlin Nob","floor":13.0,"turns":4.0},{"damage":22.0,"enemies":"The Guardian","floor":16.0,"turns":15.0},{"damage":20.0,"enemies":"Spheric Guardian","floor":18.0,"turns":6.0},{"damage":5.0,"enemies":"Chosen","floor":22.0,"turns":5.0},{"damage":29.0,"enemies":"Book of Stabbing","floor":23.0,"turns":7.0},{"damage":24.0,"enemies":"Gremlin Leader","floor":27.0,"turns":6.0},{"damage":0.0,"enemies":"3 Cultists","floor":29.0,"turns":4.0},{"damage":0.0,"enemies":"Book of Stabbing","floor":30.0,"turns":4.0},{"damage":20.0,"enemies":"Sentry and Sphere","floor":31.0,"turns":4.0},{"damage":18.0,"enemies":"Collector","floor":33.0,"turns":9.0},{"damage":8.0,"enemies":"3 Shapes","floor":35.0,"turns":3.0},{"damage":1.0,"enemies":"Orb Walker","floor":36.0,"turns":4.0},{"damage":8.0,"enemies":"Reptomancer","floor":40.0,"turns":5.0},{"damage":3.0,"enemies":"Spire Growth","floor":41.0,"turns":4.0},{"damage":32,"enemies":"Giant Head","floor":42,"turns":11},{"damage":22,"enemies":"4 Shapes","floor":44,"turns":3},{"damage":0,"enemies":"Maw","floor":45,"turns":6},{"damage":22,"enemies":"2 Orb Walkers","floor":46,"turns":4},{"damage":43,"enemies":"Nemesis","floor":47,"turns":8},{"damage":49,"enemies":"Donu and Deca","floor":50,"turns":7}],"seed_played":"-7343806222778123622","potions_obtained":[{"floor":1.0,"key":"Swift Potion"},{"floor":10.0,"key":"Fire Potion"},{"floor":13.0,"key":"Regen Potion"},{"floor":14.0,"key":"Regen Potion"},{"floor":14.0,"key":"Strength Potion"},{"floor":14.0,"key":"EntropicBrew"},{"floor":22.0,"key":"FairyPotion"},{"floor":30.0,"key":"SpeedPotion"},{"floor":31.0,"key":"Dexterity Potion"},{"floor":38.0,"key":"SneckoOil"},{"floor":38.0,"key":"Strength Potion"},{"floor":40.0,"key":"FearPotion"},{"floor":42,"key":"Block Potion"},{"floor":44,"key":"PowerPotion"}],"is_trial":false,"path_per_floor":["M","?","?","$","?","E","$","?","T","M","R","$","E","?","R","B",null,"M","?","T","$","M","E","$","?","T","E","$","M","E","M","R","B",null,"M","M","?","?","$","E","M","E","T","M","M","?","E","?","R","B",null],"character_chosen":"DEFECT","items_purchased":["Self Repair","Leap","Self Repair","Chaos","Undo","FTL","Gash","Ball Lightning","Conserve Battery","Defragment","Gash","Centennial Puzzle","Self Repair","Sundial"],"campfire_rested":3,"item_purchase_floors":[4,4,7,12,12,21,24,24,24,28,28,28,28,39],"current_hp_per_floor":[75,57,42,42,42,24,24,24,24,38,60,60,58,58,75,67,75,62,48,48,48,57,80,80,80,80,63,63,63,77,78,78,80,80,79,80,70,70,70,90,90,65,65,60,80,75,49,49,76,48],"gold":180,"neow_bonus":"","is_prod":false,"is_daily":true,"chose_seed":false,"campfire_upgraded":1,"win_rate":0,"timestamp":1550195457,"path_taken":["M","?","?","$","?","E","?","?","T","?","R","$","E","?","R","BOSS","M","?","?","$","?","E","$","?","T","E","$","M","E","M","R","BOSS","M","?","?","?","$","E","?","E","T","?","?","?","E","?","R","BOSS"],"build_version":"2019-01-23","purchased_purges":2,"victory":true,"max_hp_per_floor":[75,75,75,75,75,75,75,75,75,75,75,75,75,75,75,75,75,75,80,80,80,80,80,80,80,80,80,80,80,80,80,80,80,80,80,80,80,80,80,90,90,90,90,90,90,90,90,90,90,90],"card_choices":[{"not_picked":["Heatsinks"],"picked":"BootSequence","floor":1.0},{"not_picked":["Barrage"],"picked":"Doom and Gloom","floor":6.0},{"not_picked":["Aggregate"],"picked":"Gash","floor":10.0},{"not_picked":["Skim"],"picked":"Gash","floor":11.0},{"not_picked":["Force Field"],"picked":"Conserve Battery","floor":13.0},{"not_picked":["Steam"],"picked":"Glacier","floor":15.0},{"not_picked":["All For One"],"picked":"Rainbow","floor":16.0},{"not_picked":["Double Energy"],"picked":"Doom and Gloom","floor":18.0},{"not_picked":["Force Field"],"picked":"Coolheaded","floor":22.0},{"not_picked":["Steam"],"picked":"Rebound","floor":23.0},{"not_picked":["Rip and Tear"],"picked":"Conserve Battery","floor":27.0},{"not_picked":["Gash+1","Reprogram"],"picked":"White Noise","floor":29.0},{"not_picked":["Fusion","Heatsinks"],"picked":"Compile Driver","floor":30.0},{"not_picked":["Go for the Eyes+1","Conserve Battery"],"picked":"Hello World","floor":31.0},{"not_picked":["Seek","Multi-Cast"],"picked":"Buffer","floor":33.0},{"not_picked":["Rip and Tear","BootSequence"],"picked":"Conserve Battery+1","floor":35.0},{"not_picked":["Barrage+1","Coolheaded"],"picked":"Rip and Tear+1","floor":36.0},{"not_picked":["Bandage Up","Finesse"],"picked":"Apotheosis","floor":37.0},{"not_picked":["Sadistic Nature","Discovery"],"picked":"Jack Of All Trades","floor":37.0},{"not_picked":["Purity","Master of Strategy"],"picked":"Discovery","floor":37.0},{"not_picked":["Tempest","Leap+1"],"picked":"Ball Lightning+1","floor":40.0},{"not_picked":["Scrape+1","Glacier+1"],"picked":"Ball Lightning","floor":41.0},{"not_picked":["Storm","Chill+1"],"picked":"Hello World","floor":42},{"not_picked":["Genetic Algorithm","Consume+1"],"picked":"Cold Snap+1","floor":44},{"not_picked":["Genetic Algorithm+1","Storm"],"picked":"FTL+1","floor":45},{"not_picked":["Conserve Battery","Rebound+1"],"picked":"Force Field","floor":46},{"not_picked":["Compile Driver","Thunder Strike"],"picked":"Echo Form","floor":47},{"not_picked":["Beam Cell","Steam+1"],"picked":"BootSequence","floor":49}],"player_experience":370505,"relics_obtained":[{"floor":6.0,"key":"Potion Belt"},{"floor":9.0,"key":"Dream Catcher"},{"floor":13.0,"key":"Unceasing Top"},{"floor":20.0,"key":"Happy Flower"},{"floor":23.0,"key":"Letter Opener"},{"floor":26.0,"key":"Bronze Scales"},{"floor":27.0,"key":"Question Card"},{"floor":30.0,"key":"StoneCalendar"},{"floor":40.0,"key":"Pear"},{"floor":42,"key":"Ornamental Fan"},{"floor":43,"key":"Shuriken"},{"floor":46,"key":"Gambling Chip"},{"floor":47,"key":"Mummified Hand"}],"event_choices":[{"damage_healed":0.0,"max_hp_gain":0.0,"max_hp_loss":0.0,"gold_gain":0.0,"event_name":"Scrap Ooze","player_choice":"Success","floor":2.0,"gold_loss":0.0,"damage_taken":18.0,"relics_obtained":["The Courier"]},{"damage_healed":0.0,"max_hp_gain":0.0,"max_hp_loss":0.0,"gold_gain":0.0,"event_name":"Shining Light","player_choice":"Entered Light","floor":3.0,"gold_loss":0.0,"damage_taken":15.0,"cards_upgraded":["Defend_B","Dualcast"]},{"damage_healed":0.0,"max_hp_gain":0.0,"max_hp_loss":0.0,"gold_gain":0.0,"event_name":"Golden Wing","player_choice":"Ignored","floor":5.0,"gold_loss":0.0,"damage_taken":0.0},{"damage_healed":0.0,"max_hp_gain":0.0,"max_hp_loss":0.0,"gold_gain":175.0,"event_name":"Liars Game","player_choice":"AGREE","floor":8.0,"gold_loss":0.0,"damage_taken":0.0,"cards_obtained":["Doubt"]},{"damage_healed":0.0,"max_hp_gain":0.0,"max_hp_loss":0.0,"gold_gain":0.0,"event_name":"Lab","player_choice":"Got Potions","floor":14.0,"gold_loss":0.0,"damage_taken":0.0},{"damage_healed":0.0,"max_hp_gain":5.0,"max_hp_loss":0.0,"gold_gain":0.0,"event_name":"Forgotten Altar","player_choice":"Shed Blood","floor":19.0,"gold_loss":0.0,"damage_taken":19.0},{"damage_healed":0.0,"max_hp_gain":0.0,"max_hp_loss":0.0,"gold_gain":275.0,"event_name":"Golden Shrine","player_choice":"Desecrate","floor":25.0,"gold_loss":0.0,"damage_taken":0.0,"cards_obtained":["Regret"]},{"damage_healed":0.0,"max_hp_gain":0.0,"max_hp_loss":0.0,"gold_gain":0.0,"event_name":"SensoryStone","player_choice":"Memory 3","floor":37.0,"gold_loss":0.0,"damage_taken":10.0},{"damage_healed":0.0,"max_hp_gain":0.0,"max_hp_loss":0.0,"gold_gain":0.0,"event_name":"The Woman in Blue","player_choice":"Bought 2 Potions","floor":38.0,"gold_loss":0.0,"damage_taken":0.0},{"damage_healed":0,"gold_gain":0,"player_choice":"Fight","damage_taken":0,"max_hp_gain":0,"max_hp_loss":0,"event_name":"Mysterious Sphere","floor":46,"gold_loss":0},{"damage_healed":0,"gold_gain":0,"player_choice":"Upgraded","damage_taken":0,"max_hp_gain":0,"max_hp_loss":0,"event_name":"Upgrade Shrine","floor":48,"gold_loss":0,"cards_upgraded":["Apotheosis"]}],"is_beta":false,"boss_relics":[{"not_picked":["Philosopher\u0027s Stone","Velvet Choker"],"picked":"Nuclear Battery"},{"not_picked":["Cursed Key","FrozenCore"],"picked":"Lizard Tail"}],"items_purged_floors":[12,28],"is_endless":false,"potions_floor_spawned":[1,10,13,22,30,31,40,42,44,46],"ascension_level":0}