{"gold_per_floor":[113,129,20,20,35,63,79,79,79,99,64,64,78,78,78,78],"floor_reached":16,"playtime":1000,"items_purged":[],"score":122,"play_id":"a401aac3-9e79-4a54-b62a-d7f10a195fea","local_time":"20181031193247","is_ascension_mode":true,"campfire_choices":[{"data":"Prepared","floor":8,"key":"SMITH"},{"data":"Leg Sweep","floor":12,"key":"SMITH"},{"floor":15,"key":"REST"}],"neow_cost":"NONE","seed_source_timestamp":9005493485496,"circlet_count":0,"master_deck":["Defend_G","Defend_G","Defend_G","Defend_G","Strike_G","Strike_G","Strike_G","Strike_G","Strike_G","Survivor","Neutralize","Dagger Throw","Endless Agony","Blur","Footwork+1","Leg Sweep+1","Prepared+1","Underhanded Strike","Backflip","Escape Plan"],"relics":["Ring of the Snake","Boot","Dodecahedron","Oddly Smooth Stone"],"potions_floor_usage":[16],"damage_taken":[{"damage":2,"enemies":"Cultist","floor":1,"turns":4},{"damage":3,"enemies":"Jaw Worm","floor":2,"turns":3},{"damage":0,"enemies":"Small Slimes","floor":5,"turns":3},{"damage":38,"enemies":"Gremlin Nob","floor":6,"turns":7},{"damage":0,"enemies":"2 Fungi Beasts","floor":7,"turns":4},{"damage":1,"enemies":"Exordium Wildlife","floor":10,"turns":4},{"damage":0,"enemies":"Exordium Thugs","floor":13,"turns":7},{"damage":68,"enemies":"Slime Boss","floor":16,"turns":16}],"seed_played":"8285281563836487442","potions_obtained":[{"floor":1,"key":"EssenceOfSteel"},{"floor":5,"key":"Poison Potion"},{"floor":7,"key":"Regen Potion"},{"floor":10,"key":"SkillPotion"}],"is_trial":false,"path_per_floor":["M","M","$","?","M","E","M","R","T","M","?","R","M","T","R"],"character_chosen":"THE_SILENT","items_purchased":["Blur","Footwork"],"campfire_rested":1,"item_purchase_floors":[3,3],"current_hp_per_floor":[68,65,65,65,65,27,27,27,27,26,43,43,43,43,64,0],"gold":78,"neow_bonus":"REMOVE_CARD","is_prod":false,"is_daily":false,"chose_seed":false,"campfire_upgraded":2,"win_rate":0,"timestamp":1541025167,"path_taken":["M","M","$","?","M","E","M","R","T","?","?","R","M","?","R","BOSS"],"build_version":"2018-10-25v2","purchased_purges":0,"victory":false,"max_hp_per_floor":[70,70,70,70,70,70,70,70,70,70,70,70,70,70,70,70],"card_choices":[{"not_picked":["Heel Hook","Poisoned Stab"],"picked":"Dagger Throw","floor":1},{"not_picked":["Riddle With Holes","Masterful Stab"],"picked":"Endless Agony","floor":2},{"not_picked":["Infinite Blades","Quick Slash"],"picked":"Leg Sweep","floor":5},{"not_picked":["Die Die Die","Quick Slash"],"picked":"Prepared","floor":6},{"not_picked":["Masterful Stab","Concentrate"],"picked":"Underhanded Strike","floor":7},{"not_picked":["Poisoned Stab","Cloak And Dagger"],"picked":"Backflip","floor":10},{"not_picked":["Infinite Blades","Accuracy"],"picked":"Escape Plan","floor":13}],"player_experience":202956,"relics_obtained":[{"floor":6,"key":"Boot"},{"floor":9,"key":"Dodecahedron"},{"floor":14,"key":"Oddly Smooth Stone"}],"event_choices":[{"damage_healed":0,"gold_gain":0,"player_choice":"Grow","damage_taken":0,"max_hp_gain":0,"max_hp_loss":0,"event_name":"Living Wall","floor":4,"gold_loss":0,"cards_upgraded":["Footwork"]},{"damage_healed":17,"gold_gain":0,"player_choice":"Healed","damage_taken":0,"max_hp_gain":0,"max_hp_loss":0,"event_name":"The Cleric","floor":11,"gold_loss":35}],"is_beta":false,"boss_relics":[],"items_purged_floors":[],"is_endless":false,"potions_floor_spawned":[1,5,7,10],"killed_by":"Slime Boss","ascension_level":4}