{"gold_per_floor":[116,116,116,136,147,176,176,188,188,188,202,56,56,66,66,66],"floor_reached":16,"playtime":1392,"items_purged":["Regret"],"score":148,"play_id":"c9ab0a91-6494-4808-abac-eb0489b9be01","local_time":"20190608231636","is_ascension_mode":true,"campfire_choices":[{"data":"1","floor":7,"key":"LIFT"},{"floor":13,"key":"REST"},{"data":"Limit Break","floor":15,"key":"SMITH"}],"neow_cost":"NONE","seed_source_timestamp":0,"circlet_count":0,"master_deck":["Strike_R","Strike_R","Strike_R","Strike_R","Strike_R","Defend_R","Defend_R","Defend_R","Defend_R","Bash","Armaments","Ghostly Armor","Clothesline","Cleave","Dropkick","Limit Break+1","Flex"],"special_seed":0,"relics":["Burning Blood","NeowsBlessing","Dodecahedron","Girya","Thread and Needle","WingedGreaves"],"potions_floor_usage":[16],"damage_taken":[{"damage":0.0,"enemies":"2 Louse","floor":1.0,"turns":1.0},{"damage":0.0,"enemies":"Jaw Worm","floor":4.0,"turns":1.0},{"damage":0.0,"enemies":"Small Slimes","floor":5.0,"turns":1.0},{"damage":52,"enemies":"3 Sentries","floor":6,"turns":14},{"damage":6,"enemies":"Gremlin Gang","floor":8,"turns":6},{"damage":18,"enemies":"Lots of Slimes","floor":11,"turns":5},{"damage":0,"enemies":"Exordium Thugs","floor":14,"turns":4},{"damage":54,"enemies":"Slime Boss","floor":16,"turns":12}],"seed_played":"-3314628319167651972","potions_obtained":[{"floor":6,"key":"PowerPotion"},{"floor":14,"key":"Explosive Potion"}],"is_trial":false,"path_per_floor":["M","?","?","M","M","E","R","M","T","?","M","$","R","M","R","B"],"character_chosen":"IRONCLAD","items_purchased":["Limit Break"],"campfire_rested":1,"item_purchase_floors":[12],"current_hp_per_floor":[78,75,75,80,80,34,34,34,34,34,22,22,46,52,52,0],"gold":66,"neow_bonus":"THREE_ENEMY_KILL","is_prod":false,"is_daily":false,"chose_seed":false,"campfire_upgraded":1,"win_rate":0,"timestamp":1560060996,"path_taken":["M","?","?","?","M","E","R","M","T","?","M","$","R","?","R","BOSS"],"build_version":"2019-01-23","purchased_purges":1,"victory":false,"max_hp_per_floor":[80,80,80,80,80,80,80,80,80,80,80,80,80,80,80,80],"card_choices":[{"not_picked":["Wild Strike","Headbutt"],"picked":"Armaments","floor":1.0},{"not_picked":["Metallicize","Havoc"],"picked":"Ghostly Armor","floor":4.0},{"not_picked":["Clash","Sword Boomerang","Reckless Charge"],"picked":"SKIP","floor":5.0},{"not_picked":["Disarm","Cleave"],"picked":"Clothesline","floor":6},{"not_picked":["Armaments","Fire Breathing"],"picked":"Cleave","floor":8},{"not_picked":["Warcry","Havoc"],"picked":"Dropkick","floor":11},{"not_picked":["Immolate","Cleave"],"picked":"Flex","floor":14}],"player_experience":169689,"relics_obtained":[{"floor":6,"key":"Thread and Needle"},{"floor":9,"key":"WingedGreaves"}],"event_choices":[{"damage_healed":0.0,"max_hp_gain":0.0,"max_hp_loss":0.0,"gold_gain":0.0,"event_name":"Scrap Ooze","player_choice":"Success","floor":2.0,"gold_loss":0.0,"damage_taken":3.0,"relics_obtained":["Dodecahedron"]},{"damage_healed":0.0,"max_hp_gain":0.0,"max_hp_loss":0.0,"gold_gain":0.0,"event_name":"Big Fish","player_choice":"Box","floor":3.0,"gold_loss":0.0,"damage_taken":0.0,"relics_obtained":["Girya"],"cards_obtained":["Regret"]},{"damage_healed":0,"gold_gain":0,"player_choice":"0 cards matched","damage_taken":0,"max_hp_gain":0,"max_hp_loss":0,"event_name":"Match and Keep!","floor":10,"gold_loss":0,"cards_obtained":[]}],"is_beta":false,"boss_relics":[],"items_purged_floors":[12],"is_endless":false,"potions_floor_spawned":[6,14],"killed_by":"Slime Boss","ascension_level":9}