{"gold_per_floor":[111,186,186,361,378,408,408,408,477,497,532,545,545,560,560,691,691,711,428,448,472,155,196,196,196,196,321,321,21,37,56,56,179,179,203,203,87,152,577,600,624,624],"floor_reached":42,"playtime":1830,"items_purged":[],"score":524,"play_id":"b001f23d-ad52-4a5e-b598-2855d8eab082","local_time":"20181204225708","is_ascension_mode":true,"campfire_choices":[{"data":"Armaments","floor":13,"key":"SMITH"},{"floor":15,"key":"REST"},{"floor":24,"key":"REST"},{"floor":28,"key":"REST"},{"floor":32,"key":"REST"}],"neow_cost":"NONE","seed_source_timestamp":5717198006927397,"circlet_count":0,"master_deck":["Strike_R","Strike_R","Strike_R","Strike_R","Strike_R","Defend_R","Defend_R","Defend_R+1","Defend_R+1","Bash","Clothesline","Blood for Blood","Armaments+1","Infernal Blade","Sword Boomerang","Heavy Blade","Sword Boomerang","Juggernaut","Armaments","Anger","Armaments","Metallicize","Dramatic Entrance","Immolate","RitualDagger","Anger+1","Rage+1","Headbutt+1","Double Tap","Anger+1","Fire Breathing","Havoc+1","Heavy Blade+1","Blood for Blood+1","Metallicize+1"],"relics":["Burning Blood","NeowsBlessing","PreservedInsect","Potion Belt","Golden Idol","Sundial","Red Skull","Runic Pyramid","Gremlin Horn","War Paint","Ginger","Mercury Hourglass","Torii","Molten Egg 2","FossilizedHelix","White Beast Statue","Ice Cream","Old Coin"],"potions_floor_usage":[5,11,16,18,27,27,30,33,38,38,41,41,41,42],"damage_taken":[{"damage":0,"enemies":"2 Louse","floor":1,"turns":1},{"damage":0,"enemies":"Small Slimes","floor":5,"turns":1},{"damage":2,"enemies":"3 Sentries","floor":6,"turns":2},{"damage":4,"enemies":"Cultist","floor":10,"turns":3},{"damage":4,"enemies":"Gremlin Nob","floor":11,"turns":3},{"damage":36,"enemies":"Gremlin Gang","floor":12,"turns":5},{"damage":6,"enemies":"Blue Slaver","floor":14,"turns":4},{"damage":62,"enemies":"The Guardian","floor":16,"turns":12},{"damage":0,"enemies":"Chosen","floor":18,"turns":3},{"damage":10,"enemies":"Spheric Guardian","floor":20,"turns":3},{"damage":28,"enemies":"Shelled Parasite and Fungi","floor":21,"turns":6},{"damage":32,"enemies":"Gremlin Leader","floor":23,"turns":5},{"damage":13,"enemies":"Colosseum Slavers","floor":27,"turns":4},{"damage":28,"enemies":"Colosseum Nobs","floor":27,"turns":3},{"damage":12,"enemies":"Snecko","floor":30,"turns":4},{"damage":9,"enemies":"Centurion and Healer","floor":31,"turns":4},{"damage":50,"enemies":"Champ","floor":33,"turns":11},{"damage":9,"enemies":"Orb Walker","floor":35,"turns":4},{"damage":39,"enemies":"2 Orb Walkers","floor":38,"turns":4},{"damage":25,"enemies":"Mind Bloom Boss Battle","floor":39,"turns":6},{"damage":0,"enemies":"3 Darklings","floor":40,"turns":1},{"damage":0,"enemies":"Spire Growth","floor":41,"turns":3},{"damage":57,"enemies":"Maw","floor":42,"turns":8}],"seed_played":"-6423087198208119491","potions_obtained":[{"floor":5,"key":"Fruit Juice"},{"floor":10,"key":"AttackPotion"},{"floor":11,"key":"FearPotion"},{"floor":16,"key":"SteroidPotion"},{"floor":20,"key":"Poison Potion"},{"floor":23,"key":"LiquidBronze"},{"floor":27,"key":"Swift Potion"},{"floor":30,"key":"Strength Potion"},{"floor":33,"key":"Strength Potion"},{"floor":35,"key":"AttackPotion"},{"floor":38,"key":"SpeedPotion"},{"floor":39,"key":"SkillPotion"},{"floor":40,"key":"Regen Potion"},{"floor":41,"key":"Ancient Potion"}],"is_trial":false,"path_per_floor":["M","?","?","?","M","E","?","?","T","M","E","M","R","M","R","B",null,"M","$","M","M","$","E","R","?","T","?","R","$","M","M","R","B",null,"M","?","$","?","?","M","M","M"],"character_chosen":"IRONCLAD","items_purchased":["Gremlin Horn","Anger","Metallicize","Dramatic Entrance","War Paint","FossilizedHelix","Fire Breathing","Block Potion"],"campfire_rested":4,"item_purchase_floors":[19,19,22,22,22,29,37,37],"current_hp_per_floor":[80,69,69,69,80,84,84,84,84,85,85,55,55,55,80,24,85,85,85,81,59,59,33,58,52,52,23,48,48,42,39,64,20,85,82,82,82,49,30,36,51,0],"gold":624,"neow_bonus":"THREE_ENEMY_KILL","is_prod":false,"is_daily":false,"chose_seed":false,"campfire_upgraded":1,"win_rate":0,"timestamp":1543982228,"path_taken":["M","?","?","?","M","E","?","?","T","?","E","?","R","M","R","BOSS","M","$","M","M","$","E","R","?","T","?","R","$","M","M","R","BOSS","M","?","$","?","?","M","?","M"],"build_version":"2018-11-15","purchased_purges":0,"victory":false,"max_hp_per_floor":[80,80,80,80,85,85,85,85,85,85,85,85,85,85,85,85,85,85,85,85,85,85,85,85,85,85,85,85,85,85,85,85,85,85,85,85,85,85,85,85,85,85],"card_choices":[{"not_picked":["Clash","True Grit"],"picked":"Clothesline","floor":1},{"not_picked":["Second Wind","Seeing Red"],"picked":"Blood for Blood","floor":5},{"not_picked":["Clothesline","Rage"],"picked":"Armaments","floor":6},{"not_picked":["Shrug It Off","Second Wind"],"picked":"Infernal Blade","floor":10},{"not_picked":["Heavy Blade","Power Through"],"picked":"Sword Boomerang","floor":11},{"not_picked":["Bloodletting","Feel No Pain"],"picked":"Heavy Blade","floor":12},{"not_picked":["Headbutt","Evolve"],"picked":"Sword Boomerang","floor":14},{"not_picked":["Dark Embrace","Impervious"],"picked":"Juggernaut","floor":16},{"not_picked":["Iron Wave","Clash+1"],"picked":"Armaments","floor":18},{"not_picked":["Clash","Clothesline+1"],"picked":"Armaments","floor":20},{"not_picked":["Flex","Intimidate"],"picked":"Thunderclap","floor":21},{"not_picked":["Heavy Blade","Warcry"],"picked":"Immolate","floor":23},{"not_picked":["Sever Soul+1","Body Slam"],"picked":"Anger","floor":27},{"not_picked":["Pommel Strike+1","Sentinel"],"picked":"Rage+1","floor":30},{"not_picked":["Heavy Blade+1","Shockwave+1"],"picked":"Headbutt+1","floor":31},{"not_picked":["Berserk","Impervious"],"picked":"Double Tap","floor":33},{"not_picked":["Corruption","Body Slam+1"],"picked":"Anger+1","floor":35},{"not_picked":["Fire Breathing","Sentinel"],"picked":"Havoc+1","floor":38},{"not_picked":["Evolve+1","Clash+1"],"picked":"Heavy Blade+1","floor":39},{"not_picked":["Seeing Red","Cleave+1"],"picked":"Blood for Blood+1","floor":40},{"not_picked":["True Grit+1","Perfected Strike+1"],"picked":"Metallicize+1","floor":41}],"player_experience":246605,"relics_obtained":[{"floor":6,"key":"Potion Belt"},{"floor":9,"key":"Sundial"},{"floor":11,"key":"Red Skull"},{"floor":23,"key":"Ginger"},{"floor":26,"key":"Mercury Hourglass"},{"floor":27,"key":"Torii"},{"floor":27,"key":"Molten Egg 2"},{"floor":38,"key":"Ice Cream"},{"floor":39,"key":"Old Coin"}],"event_choices":[{"damage_healed":0,"gold_gain":75,"player_choice":"Gather Gold","damage_taken":11,"max_hp_gain":0,"max_hp_loss":0,"event_name":"World of Goop","floor":2,"gold_loss":0},{"damage_healed":0,"gold_gain":0,"player_choice":"Box","damage_taken":0,"relics_obtained":["PreservedInsect"],"max_hp_gain":0,"max_hp_loss":0,"event_name":"Big Fish","floor":3,"gold_loss":0,"cards_obtained":["Regret"]},{"damage_healed":0,"gold_gain":175,"player_choice":"AGREE","damage_taken":0,"max_hp_gain":0,"max_hp_loss":0,"event_name":"Liars Game","floor":4,"gold_loss":0,"cards_obtained":["Doubt"]},{"damage_healed":0,"gold_gain":0,"player_choice":"Take Wound","damage_taken":0,"relics_obtained":["Golden Idol"],"max_hp_gain":0,"max_hp_loss":0,"event_name":"Golden Idol","floor":7,"gold_loss":0,"cards_obtained":["Injury"]},{"cards_removed":["Injury","Doubt","Regret"],"damage_healed":0,"gold_gain":0,"player_choice":"Removed Curses","damage_taken":0,"max_hp_gain":0,"max_hp_loss":0,"event_name":"Fountain of Cleansing","floor":8,"gold_loss":0},{"damage_healed":0,"gold_gain":0,"player_choice":"Joined the Cult","damage_taken":6,"max_hp_gain":0,"max_hp_loss":0,"event_name":"Nest","floor":25,"gold_loss":0,"cards_obtained":["RitualDagger"]},{"damage_healed":0,"gold_gain":0,"player_choice":"Fight","damage_taken":0,"max_hp_gain":0,"max_hp_loss":0,"event_name":"Colosseum","floor":27,"gold_loss":0},{"damage_healed":0,"gold_gain":0,"player_choice":"Fought Nobs","damage_taken":0,"max_hp_gain":0,"max_hp_loss":0,"event_name":"Colosseum","floor":27,"gold_loss":0},{"cards_removed":["Thunderclap"],"damage_healed":0,"gold_gain":0,"player_choice":"Removed Attack","damage_taken":0,"max_hp_gain":0,"max_hp_loss":0,"event_name":"Falling","floor":36,"gold_loss":0},{"damage_healed":0,"gold_gain":0,"player_choice":"Fight","damage_taken":0,"max_hp_gain":0,"max_hp_loss":0,"event_name":"Mysterious Sphere","floor":38,"gold_loss":0},{"damage_healed":0,"gold_gain":0,"player_choice":"Fight","damage_taken":0,"max_hp_gain":0,"max_hp_loss":0,"event_name":"MindBloom","floor":39,"gold_loss":0}],"is_beta":false,"boss_relics":[{"not_picked":["Runic Cube","Pandora\u0027s Box"],"picked":"Runic Pyramid"},{"not_picked":["Black Star","Astrolabe"],"picked":"White Beast Statue"}],"items_purged_floors":[],"is_endless":false,"potions_floor_spawned":[5,10,11,16,20,23,27,30,33,35,38,39,40,41],"killed_by":"Maw","ascension_level":1}