{"gold_per_floor":[118,95,95,115,115,142,159,159,232,232,242,55,85,96,96,195,195,207,207,207,47,62,91,91,41,41,73,90,21,21,21,21,126,126,141,141,168,25,25,25,50,50,50,50],"floor_reached":44,"playtime":1902,"items_purged":[],"score":529,"play_id":"93352a0f-124d-4444-9fc3-b26a19f83904","local_time":"20181128000940","is_ascension_mode":true,"campfire_choices":[{"floor":8,"key":"REST"},{"data":"Cloak And Dagger","floor":10,"key":"SMITH"},{"floor":15,"key":"REST"},{"floor":24,"key":"REST"},{"floor":30,"key":"REST"},{"floor":32,"key":"REST"},{"data":"Envenom","floor":40,"key":"SMITH"},{"floor":42,"key":"REST"}],"neow_cost":"NONE","seed_source_timestamp":5116680048357686,"circlet_count":0,"master_deck":["Defend_G+1","Defend_G+1","Defend_G+1","Defend_G+1","Defend_G+1","Strike_G+1","Strike_G+1","Strike_G+1","Strike_G+1","Strike_G+1","Survivor","Neutralize","Quick Slash+1","Dagger Spray+1","Backstab+1","Forethought","Cloak And Dagger+1","Blur","Poisoned Stab","Mayhem","Masterful Stab","Dagger Throw","Adrenaline","Blade Dance","Caltrops","Cloak And Dagger","Backstab+1","Envenom+1","Deflect","Infinite Blades","Sucker Punch","Blind","Adrenaline","Endless Agony","Blade Dance+1","Writhe","Die Die Die"],"relics":["Ring of the Serpent","Happy Flower","Blue Candle","War Paint","Runic Pyramid","MutagenicStrength","Tiny Chest","Pen Nib","Matryoshka","Letter Opener","Bronze Scales","MawBank","Whetstone","Sundial","Juzu Bracelet","Singing Bowl"],"potions_floor_usage":[6,16,22,33,33,41,41],"damage_taken":[{"damage":5,"enemies":"Cultist","floor":1,"turns":7},{"damage":0,"enemies":"Small Slimes","floor":4,"turns":2},{"damage":16,"enemies":"3 Sentries","floor":6,"turns":5},{"damage":0,"enemies":"2 Louse","floor":7,"turns":2},{"damage":5,"enemies":"Large Slime","floor":11,"turns":5},{"damage":26,"enemies":"Gremlin Nob","floor":13,"turns":4},{"damage":12,"enemies":"Exordium Wildlife","floor":14,"turns":3},{"damage":47,"enemies":"The Guardian","floor":16,"turns":11},{"damage":17,"enemies":"3 Byrds","floor":18,"turns":5},{"damage":0,"enemies":"Shell Parasite","floor":22,"turns":1},{"damage":6,"enemies":"Book of Stabbing","floor":23,"turns":5},{"damage":32,"enemies":"Slavers","floor":27,"turns":5},{"damage":26,"enemies":"Snake Plant","floor":28,"turns":4},{"damage":69,"enemies":"Automaton","floor":33,"turns":10},{"damage":13,"enemies":"3 Darklings","floor":35,"turns":3},{"damage":15,"enemies":"Orb Walker","floor":37,"turns":3},{"damage":22,"enemies":"Reptomancer","floor":41,"turns":7},{"damage":62,"enemies":"Nemesis","floor":44,"turns":6}],"seed_played":"-4734430161631130895","potions_obtained":[{"floor":1,"key":"Explosive Potion"},{"floor":6,"key":"FairyPotion"},{"floor":14,"key":"Block Potion"},{"floor":18,"key":"AttackPotion"},{"floor":27,"key":"SpeedPotion"},{"floor":28,"key":"AttackPotion"},{"floor":33,"key":"LiquidBronze"},{"floor":35,"key":"SteroidPotion"}],"is_trial":false,"path_per_floor":["M","$","?","M","?","E","M","R","T","R","M","$","E","M","R","B",null,"M","?","?","$","M","E","R","?","T","E","M","$","R","?","R","B",null,"M","T","M","$","?","R","E","R","T","E"],"character_chosen":"THE_SILENT","items_purchased":["Dagger Spray","Mayhem","Tiny Chest","Caltrops","Infinite Blades","Whetstone"],"campfire_rested":6,"item_purchase_floors":[2,12,21,21,29,38],"current_hp_per_floor":[65,65,65,65,65,49,49,70,70,70,65,65,39,27,48,1,70,53,53,53,53,53,47,68,68,68,36,10,10,31,31,52,7,70,57,57,42,42,60,60,38,59,59,0],"gold":50,"neow_bonus":"RANDOM_COLORLESS","is_prod":false,"is_daily":false,"chose_seed":false,"campfire_upgraded":2,"win_rate":0,"timestamp":1543381780,"path_taken":["M","?","?","?","?","E","M","R","T","R","M","$","E","M","R","BOSS","M","?","?","?","?","E","R","?","T","E","?","$","R","?","R","BOSS","M","?","M","$","?","R","E","R","T","E"],"build_version":"2018-11-15","purchased_purges":0,"victory":false,"max_hp_per_floor":[70,70,70,70,70,70,70,70,70,70,70,70,70,70,70,70,70,70,70,70,70,70,70,70,70,70,70,70,70,70,70,70,70,70,70,70,70,70,70,70,70,70,70,70],"card_choices":[{"not_picked":["Escape Plan","Blur"],"picked":"Quick Slash","floor":1},{"not_picked":["Dagger Spray","Prepared"],"picked":"Backstab","floor":4},{"not_picked":["Prepared","Riddle With Holes"],"picked":"Cloak And Dagger","floor":6},{"not_picked":["Riddle With Holes","Choke"],"picked":"Blur","floor":7},{"not_picked":["Dagger Throw","Leg Sweep"],"picked":"Poisoned Stab","floor":11},{"not_picked":["Grand Finale","Acrobatics"],"picked":"Masterful Stab","floor":13},{"not_picked":["Reflex","Eviscerate"],"picked":"Dagger Throw","floor":14},{"not_picked":["Doppelganger","Bullet Time"],"picked":"Adrenaline","floor":16},{"not_picked":["Deadly Poison","Skewer"],"picked":"Blade Dance","floor":18},{"not_picked":["Footwork","Slice+1"],"picked":"Cloak And Dagger","floor":22},{"not_picked":["Dagger Spray+1","Endless Agony"],"picked":"Backstab+1","floor":23},{"not_picked":["Outmaneuver","Dagger Spray"],"picked":"Envenom","floor":27},{"not_picked":["Underhanded Strike","Skewer"],"picked":"Deflect","floor":28},{"not_picked":["Grand Finale","Malaise"],"picked":"Adrenaline","floor":33},{"not_picked":["Crippling Poison+1","Noxious Fumes"],"picked":"Endless Agony","floor":35},{"not_picked":["Flying Knee","Prepared+1"],"picked":"Blade Dance+1","floor":37},{"not_picked":["Wraith Form v2","Finisher"],"picked":"Die Die Die","floor":41}],"player_experience":222943,"relics_obtained":[{"floor":6,"key":"Happy Flower"},{"floor":9,"key":"Blue Candle"},{"floor":13,"key":"War Paint"},{"floor":23,"key":"Pen Nib"},{"floor":26,"key":"Matryoshka"},{"floor":27,"key":"Letter Opener"},{"floor":36,"key":"Bronze Scales"},{"floor":36,"key":"MawBank"},{"floor":41,"key":"Sundial"},{"floor":43,"key":"Juzu Bracelet"},{"floor":43,"key":"Singing Bowl"}],"event_choices":[{"damage_healed":0,"gold_gain":0,"player_choice":"Upgraded","damage_taken":0,"max_hp_gain":0,"max_hp_loss":0,"event_name":"Upgrade Shrine","floor":3,"gold_loss":0,"cards_upgraded":["Dagger Spray"]},{"damage_healed":0,"gold_gain":0,"cards_transformed":["Purity"],"player_choice":"Change","damage_taken":0,"max_hp_gain":0,"max_hp_loss":0,"event_name":"Living Wall","floor":5,"gold_loss":0,"cards_obtained":["Forethought"]},{"damage_healed":0,"gold_gain":0,"player_choice":"Simplicity","damage_taken":0,"max_hp_gain":0,"max_hp_loss":0,"event_name":"Back to Basics","floor":19,"gold_loss":0,"cards_upgraded":["Defend_G","Defend_G","Defend_G","Strike_G","Strike_G","Strike_G","Strike_G","Strike_G"]},{"damage_healed":0,"gold_gain":0,"player_choice":"Inject Mutagens","damage_taken":0,"relics_obtained":["MutagenicStrength"],"max_hp_gain":0,"max_hp_loss":0,"event_name":"Drug Dealer","floor":20,"gold_loss":0},{"damage_healed":0,"gold_gain":0,"player_choice":"Bet on Owner","damage_taken":0,"max_hp_gain":0,"max_hp_loss":0,"event_name":"The Joust","floor":25,"gold_loss":50},{"damage_healed":0,"gold_gain":0,"player_choice":"2 cards matched","damage_taken":0,"max_hp_gain":0,"max_hp_loss":0,"event_name":"Match and Keep!","floor":31,"gold_loss":0,"cards_obtained":["Sucker Punch","Blind"]},{"damage_healed":18,"gold_gain":0,"player_choice":"Writhe","damage_taken":0,"max_hp_gain":0,"max_hp_loss":0,"event_name":"Winding Halls","floor":39,"gold_loss":0,"cards_obtained":["Writhe"]}],"is_beta":false,"boss_relics":[{"not_picked":["Snecko Eye","Coffee Dripper"],"picked":"Runic Pyramid"},{"not_picked":["WristBlade","Orrery"],"picked":"Ring of the Serpent"}],"items_purged_floors":[],"is_endless":false,"potions_floor_spawned":[1,6,14,18,27,28,33,35],"killed_by":"Nemesis","ascension_level":1}