{"gold_per_floor":[112,387,165,213,41,41,53,53,53,115,131,149,178,8,8,104,154,173,173,173,185,185,185,202,202],"floor_reached":25,"playtime":1268,"items_purged":[],"score":224,"play_id":"dde571a5-5d9e-4572-9d9f-f459f38d283e","local_time":"20190112223945","is_ascension_mode":false,"campfire_choices":[{"data":"All Out Attack","floor":6,"key":"SMITH"},{"data":"Backstab","floor":8,"key":"SMITH"},{"floor":15,"key":"REST"},{"data":"Apotheosis","floor":23,"key":"SMITH"}],"neow_cost":"NONE","seed_source_timestamp":641803000418326,"circlet_count":0,"master_deck":["Defend_G","Defend_G","Defend_G","Defend_G+1","Defend_G+1","Strike_G","Strike_G","Strike_G+1","Strike_G","Strike_G","Survivor","Neutralize","Backflip","Noxious Fumes","Blade Dance","Noxious Fumes","All Out Attack+1","Backstab+1","Escape Plan","Poisoned Stab","Bane","Accuracy","Apotheosis+1","Blade Dance","A Thousand Cuts","Riddle With Holes","Accuracy","Poisoned Stab","Deadly Poison"],"relics":["Ring of the Snake","Dream Catcher","Regal Pillow","Bag of Marbles","War Paint","Ornamental Fan","Tiny House","Smiling Mask"],"potions_floor_usage":[13,13,13,24,24,25],"damage_taken":[{"damage":4,"enemies":"2 Louse","floor":1,"turns":2},{"damage":5,"enemies":"Cultist","floor":7,"turns":3},{"damage":30,"enemies":"3 Sentries","floor":10,"turns":6},{"damage":0,"enemies":"Jaw Worm","floor":11,"turns":1},{"damage":5,"enemies":"Exordium Thugs","floor":12,"turns":2},{"damage":20,"enemies":"Lagavulin","floor":13,"turns":4},{"damage":16,"enemies":"Slime Boss","floor":16,"turns":7},{"damage":5,"enemies":"3 Byrds","floor":18,"turns":4},{"damage":21,"enemies":"2 Thieves","floor":21,"turns":5},{"damage":25,"enemies":"Centurion and Healer","floor":24,"turns":6},{"damage":43,"enemies":"Gremlin Leader","floor":25,"turns":5}],"seed_played":"-5153617379520401280","potions_obtained":[{"floor":1,"key":"SteroidPotion"},{"floor":11,"key":"PowerPotion"},{"floor":12,"key":"SteroidPotion"},{"floor":17,"key":"Dexterity Potion"},{"floor":21,"key":"Block Potion"},{"floor":24,"key":"Regen Potion"}],"is_trial":false,"path_per_floor":["M","?","$","T","$","R","M","R","T","?","M","M","E","$","R","B",null,"M","?","?","M","?","R","M","E"],"character_chosen":"THE_SILENT","items_purchased":["Noxious Fumes","Dream Catcher","Blade Dance","Noxious Fumes","All Out Attack","Apotheosis"],"campfire_rested":1,"item_purchase_floors":[3,3,5,5,5,14],"current_hp_per_floor":[73,73,73,73,73,73,68,68,68,38,38,33,13,13,51,35,82,77,61,61,40,40,40,15,0],"gold":202,"neow_bonus":"TEN_PERCENT_HP_BONUS","is_prod":false,"is_daily":false,"chose_seed":false,"campfire_upgraded":3,"win_rate":0,"timestamp":1547350785,"path_taken":["M","?","$","?","$","R","M","R","T","?","?","M","E","?","R","BOSS","M","?","?","M","?","R","M","E"],"build_version":"2019-01-10","purchased_purges":0,"victory":false,"max_hp_per_floor":[77,77,77,77,77,77,77,77,77,77,77,77,77,77,77,77,82,82,87,87,87,87,87,87,87],"card_choices":[{"not_picked":["Riddle With Holes","Well Laid Plans"],"picked":"Backflip","floor":1},{"not_picked":["Concentrate","Well Laid Plans"],"picked":"Backstab","floor":7},{"not_picked":["Backflip","Heel Hook"],"picked":"Escape Plan","floor":10},{"not_picked":["Dash","Quick Slash"],"picked":"Poisoned Stab","floor":11},{"not_picked":["Backflip","Deflect"],"picked":"Bane","floor":12},{"not_picked":["Outmaneuver","Grand Finale"],"picked":"Accuracy","floor":13},{"not_picked":["Quick Slash","Dodge and Roll"],"picked":"Blade Dance","floor":15},{"not_picked":["Die Die Die","Glass Knife"],"picked":"A Thousand Cuts","floor":16},{"not_picked":["Sucker Punch","Reflex"],"picked":"Riddle With Holes","floor":17},{"not_picked":["Backflip","Choke+1"],"picked":"Accuracy","floor":18},{"not_picked":["Dash","Dagger Throw"],"picked":"Poisoned Stab","floor":21},{"not_picked":["Dagger Throw","Deflect"],"picked":"Deadly Poison","floor":24}],"player_experience":295418,"relics_obtained":[{"floor":4,"key":"Regal Pillow"},{"floor":9,"key":"Bag of Marbles"},{"floor":10,"key":"War Paint"},{"floor":13,"key":"Ornamental Fan"}],"event_choices":[{"damage_healed":0,"gold_gain":275,"player_choice":"Desecrate","damage_taken":0,"max_hp_gain":0,"max_hp_loss":0,"event_name":"Golden Shrine","floor":2,"gold_loss":0,"cards_obtained":["Regret"]},{"damage_healed":0,"gold_gain":0,"player_choice":"Searched \u00271\u0027 times","damage_taken":0,"max_hp_gain":0,"max_hp_loss":0,"event_name":"Dead Adventurer","floor":10,"gold_loss":0},{"damage_healed":0,"gold_gain":0,"player_choice":"Shed Blood","damage_taken":21,"max_hp_gain":5,"max_hp_loss":0,"event_name":"Forgotten Altar","floor":19,"gold_loss":0},{"damage_healed":0,"gold_gain":0,"player_choice":"Stole Relic","damage_taken":0,"relics_obtained":["Smiling Mask"],"max_hp_gain":0,"max_hp_loss":0,"event_name":"Addict","floor":20,"gold_loss":0,"cards_obtained":["Shame"]},{"cards_removed":["Shame","Regret"],"damage_healed":0,"gold_gain":0,"player_choice":"Removed Curses","damage_taken":0,"max_hp_gain":0,"max_hp_loss":0,"event_name":"Fountain of Cleansing","floor":22,"gold_loss":0}],"is_beta":false,"boss_relics":[{"not_picked":["Philosopher\u0027s Stone","WristBlade"],"picked":"Tiny House"}],"items_purged_floors":[],"is_endless":false,"potions_floor_spawned":[1,11,12,21,24],"killed_by":"Gremlin Leader","ascension_level":0}