{"gold_per_floor":[114,127,127,137,150,150,168,168,168,168,168,186,201,160,160,261,261,281,292,292,304,304,304,320,320,320,320,337,354,369,198,198,297,297,310,310,184,197,209,84,94,94,94,41,59,59,71,84,84,84],"floor_reached":51,"playtime":2285,"items_purged":["Strike_G","Strike_G","Strike_G"],"score":697,"play_id":"8eceb02a-f539-4770-a44f-1e6c8e2a4899","local_time":"20190212233101","is_ascension_mode":false,"campfire_choices":[{"data":"Noxious Fumes","floor":6,"key":"SMITH"},{"data":"Bouncing Flask","floor":8,"key":"SMITH"},{"data":"Deadly Poison","floor":10,"key":"SMITH"},{"data":"Backflip","floor":15,"key":"SMITH"},{"data":"Well Laid Plans","floor":23,"key":"SMITH"},{"floor":27,"key":"REST"},{"floor":32,"key":"REST"},{"data":"Burst","floor":42,"key":"SMITH"},{"floor":46,"key":"REST"},{"floor":49,"key":"REST"}],"neow_cost":"NONE","seed_source_timestamp":21772691085079,"circlet_count":0,"master_deck":["Defend_G","Defend_G","Defend_G","Defend_G","Defend_G","Strike_G","Strike_G","Survivor","Neutralize+1","Deadly Poison+1","Quick Slash","Noxious Fumes+1","Bouncing Flask+1","Backflip+1","Backflip","Corpse Explosion","Well Laid Plans+1","Footwork+1","Backflip","Dodge and Roll+1","Bandage Up","Burst+1","Noxious Fumes+1","PiercingWail","Blur+1","Backflip","Leg Sweep+1"],"relics":["Cursed Key"],"potions_floor_usage":[16,16,41],"damage_taken":[{"damage":1,"enemies":"2 Louse","floor":1,"turns":4},{"damage":6,"enemies":"Jaw Worm","floor":2,"turns":4},{"damage":0,"enemies":"Cultist","floor":4,"turns":3},{"damage":2,"enemies":"Blue Slaver","floor":5,"turns":4},{"damage":6,"enemies":"Large Slime","floor":7,"turns":5},{"damage":0,"enemies":"3 Louse","floor":12,"turns":2},{"damage":8,"enemies":"Looter","floor":13,"turns":3},{"damage":16,"enemies":"Slime Boss","floor":16,"turns":8},{"damage":3,"enemies":"3 Byrds","floor":18,"turns":3},{"damage":7,"enemies":"Shell Parasite","floor":19,"turns":4},{"damage":15,"enemies":"Snecko","floor":21,"turns":5},{"damage":14,"enemies":"Colosseum Slavers","floor":22,"turns":4},{"damage":4,"enemies":"Cultist and Chosen","floor":24,"turns":6},{"damage":5,"enemies":"Shelled Parasite and Fungi","floor":28,"turns":6},{"damage":0,"enemies":"3 Cultists","floor":29,"turns":3},{"damage":1,"enemies":"Snecko","floor":30,"turns":5},{"damage":7,"enemies":"Automaton","floor":33,"turns":11},{"damage":6,"enemies":"Orb Walker","floor":35,"turns":5},{"damage":22,"enemies":"3 Darklings","floor":38,"turns":6},{"damage":12,"enemies":"Sphere and 2 Shapes","floor":39,"turns":5},{"damage":4,"enemies":"Transient","floor":41,"turns":5},{"damage":2,"enemies":"Maw","floor":45,"turns":9},{"damage":3,"enemies":"3 Darklings","floor":47,"turns":5},{"damage":15,"enemies":"Sphere and 2 Shapes","floor":48,"turns":6},{"damage":14,"enemies":"Time Eater","floor":50,"turns":16}],"seed_played":"7765253753189051590","potions_obtained":[{"floor":2,"key":"Poison Potion"},{"floor":12,"key":"SteroidPotion"},{"floor":13,"key":"AttackPotion"},{"floor":18,"key":"Poison Potion"},{"floor":19,"key":"GhostInAJar"},{"floor":24,"key":"GamblersBrew"},{"floor":28,"key":"Swift Potion"},{"floor":47,"key":"AttackPotion"}],"is_trial":false,"path_per_floor":["M","M","?","M","M","R","M","R","T","R","?","M","M","?","R","B",null,"M","M","?","M","?","R","M","?","T","R","M","M","M","$","R","B",null,"M","?","$","M","M","$","M","R","T","$","M","R","M","M","R","B",null],"character_chosen":"THE_SILENT","items_purchased":["Bandage Up","PiercingWail","Backflip"],"campfire_rested":4,"item_purchase_floors":[31,37,44],"current_hp_per_floor":[69,63,63,63,61,61,55,55,55,55,55,55,47,47,47,31,70,67,60,60,45,31,31,27,27,27,48,43,43,42,42,63,60,70,64,64,64,46,38,38,38,38,38,38,40,61,62,51,70,60],"gold":84,"neow_bonus":"BOSS_RELIC","is_prod":false,"is_daily":false,"chose_seed":false,"campfire_upgraded":6,"win_rate":0,"timestamp":1550025061,"path_taken":["M","M","?","M","M","R","M","R","T","R","?","?","M","?","R","BOSS","M","M","?","M","?","R","M","?","T","R","?","M","M","$","R","BOSS","M","?","?","M","M","$","?","R","T","?","M","R","M","M","R","BOSS"],"build_version":"2019-01-23","purchased_purges":3,"victory":true,"max_hp_per_floor":[70,70,70,70,70,70,70,70,70,70,70,70,70,70,70,70,70,70,70,70,70,70,70,70,70,70,70,70,70,70,70,70,70,70,70,70,70,70,70,70,70,70,70,70,70,70,70,70,70,70],"card_choices":[{"not_picked":["Concentrate","Blade Dance"],"picked":"Deadly Poison","floor":1},{"not_picked":["Slice","Reflex"],"picked":"Quick Slash","floor":2},{"not_picked":["Dagger Throw","Skewer"],"picked":"Noxious Fumes","floor":4},{"not_picked":["Backstab","Reflex","Envenom"],"picked":"SKIP","floor":5},{"not_picked":["Quick Slash","Acrobatics"],"picked":"Bouncing Flask","floor":7},{"not_picked":["Concentrate","Flechettes"],"picked":"Backflip","floor":12},{"not_picked":["Terror","Quick Slash"],"picked":"Backflip","floor":13},{"not_picked":["Phantasmal Killer","Bullet Time"],"picked":"Corpse Explosion","floor":16},{"not_picked":["Prepared","Terror"],"picked":"Well Laid Plans","floor":18},{"not_picked":["Outmaneuver+1","Poisoned Stab"],"picked":"Footwork+1","floor":19},{"not_picked":["Sucker Punch","Cloak And Dagger"],"picked":"Backflip","floor":21},{"not_picked":["Dagger Spray","Expertise","Distraction"],"picked":"SKIP","floor":24},{"not_picked":["Flying Knee","Bane","Sucker Punch"],"picked":"SKIP","floor":28},{"not_picked":["Skewer+1","Acrobatics"],"picked":"Dodge and Roll+1","floor":29},{"not_picked":["Flechettes","Storm of Steel","Masterful Stab"],"picked":"SKIP","floor":30},{"not_picked":["Tools of the Trade","Night Terror"],"picked":"Burst","floor":33},{"not_picked":["Poisoned Stab","Underhanded Strike","Backstab"],"picked":"SKIP","floor":35},{"not_picked":["Tactician+1","Reflex+1","Quick Slash"],"picked":"SKIP","floor":38},{"not_picked":["Backflip","Dodge and Roll"],"picked":"Blur+1","floor":39},{"not_picked":["Dagger Spray","Blade Dance+1","Outmaneuver+1"],"picked":"SKIP","floor":41},{"not_picked":["Deadly Poison+1","Reflex"],"picked":"Leg Sweep+1","floor":45},{"not_picked":["Distraction","Glass Knife","Riddle With Holes+1"],"picked":"SKIP","floor":47},{"not_picked":["Dagger Spray","Leg Sweep","Blade Dance"],"picked":"SKIP","floor":48}],"player_experience":849465,"relics_obtained":[],"event_choices":[{"damage_healed":0,"gold_gain":0,"player_choice":"Ignored","damage_taken":0,"max_hp_gain":0,"max_hp_loss":0,"event_name":"Liars Game","floor":3,"gold_loss":0},{"damage_healed":0,"gold_gain":0,"player_choice":"Forge","damage_taken":0,"max_hp_gain":0,"max_hp_loss":0,"event_name":"Accursed Blacksmith","floor":11,"gold_loss":0,"cards_upgraded":["Neutralize"]},{"damage_healed":0,"gold_gain":0,"player_choice":"Left Gold","damage_taken":0,"max_hp_gain":0,"max_hp_loss":0,"event_name":"World of Goop","floor":14,"gold_loss":41},{"damage_healed":0,"gold_gain":0,"player_choice":"Ignored","damage_taken":0,"max_hp_gain":0,"max_hp_loss":0,"event_name":"The Mausoleum","floor":20,"gold_loss":0},{"damage_healed":0,"gold_gain":0,"player_choice":"Fight","damage_taken":0,"max_hp_gain":0,"max_hp_loss":0,"event_name":"Colosseum","floor":22,"gold_loss":0},{"damage_healed":0,"gold_gain":0,"player_choice":"Fled From Nobs","damage_taken":0,"max_hp_gain":0,"max_hp_loss":0,"event_name":"Colosseum","floor":22,"gold_loss":0},{"cards_removed":["Pain"],"damage_healed":0,"gold_gain":0,"player_choice":"Purged","damage_taken":0,"max_hp_gain":0,"max_hp_loss":0,"event_name":"Purifier","floor":25,"gold_loss":0},{"damage_healed":0,"gold_gain":0,"player_choice":"Copied","damage_taken":0,"max_hp_gain":0,"max_hp_loss":0,"event_name":"Duplicator","floor":36,"gold_loss":0,"cards_obtained":["Noxious Fumes"]}],"is_beta":false,"boss_relics":[{"not_picked":["Runic Dome","Eternal Feather","White Beast Statue"]},{"not_picked":["Black Star","HoveringKite","Tiny House"]}],"items_purged_floors":[31,37,40],"is_endless":false,"potions_floor_spawned":[2,12,13,18,19,24,28,33,35,39,47,48],"ascension_level":0}