{"gold_per_floor":[118,133,133,152,167,167,184,211,211,230,260,46,56,72,72,150,150,164,79,93,113,113,141,141,174,174,174,274,50,84,84,84,159,159,174,192,205,219,219,219,254,254,322,172,172,187,187,222,222,222],"floor_reached":50,"playtime":4300,"items_purged":["Strike_G","Shame"],"score":1120,"play_id":"1f13b7e2-0bda-4ac3-944e-3d58f3fc3b4c","local_time":"20190618083200","is_ascension_mode":true,"campfire_choices":[{"data":"Dagger Spray","floor":6,"key":"SMITH"},{"floor":15,"key":"REST"},{"floor":24,"key":"REST"},{"data":"Crippling Poison","floor":27,"key":"SMITH"},{"floor":32,"key":"REST"},{"data":"Backflip","floor":40,"key":"SMITH"},{"floor":42,"key":"REST"},{"data":"Night Terror","floor":45,"key":"SMITH"},{"data":"Neutralize","floor":47,"key":"SMITH"},{"data":"Catalyst","floor":49,"key":"SMITH"}],"neow_cost":"NONE","seed_source_timestamp":481305530058660,"circlet_count":0,"master_deck":["AscendersBane","Defend_G","Defend_G","Defend_G","Defend_G","Defend_G","Strike_G","Strike_G","Strike_G","Strike_G","Survivor","Neutralize+1","Cloak And Dagger","Dagger Spray+1","Flying Knee","Unload","Backflip+1","Poisoned Stab","Footwork","Bouncing Flask","Bane","Malaise","Calculated Gamble","Crippling Poison+1","Noxious Fumes+1","Backflip","Well Laid Plans","Corpse Explosion","Noxious Fumes","Cloak And Dagger","Catalyst+1","Escape Plan","Adrenaline","Night Terror+1"],"relics":["Ring of the Snake","PreservedInsect","Torii","Paper Crane","Snake Skull","Philosopher\u0027s Stone","Gambling Chip","Potion Belt","Gremlin Horn","Bottled Lightning","WingedGreaves","The Courier","Toy Ornithopter","Bottled Tornado","Cursed Key","Boot","Blue Candle","Toxic Egg 2"],"potions_floor_usage":[8,8,11,14,16,16,28,30,33,33,33,35,37,38,48,50],"damage_taken":[{"damage":5,"enemies":"Small Slimes","floor":1,"turns":4},{"damage":3,"enemies":"2 Louse","floor":2,"turns":3},{"damage":1,"enemies":"Jaw Worm","floor":4,"turns":6},{"damage":8,"enemies":"Blue Slaver","floor":5,"turns":6},{"damage":0,"enemies":"2 Fungi Beasts","floor":7,"turns":3},{"damage":16,"enemies":"Gremlin Nob","floor":8,"turns":3},{"damage":0,"enemies":"Red Slaver","floor":10,"turns":3},{"damage":16,"enemies":"3 Sentries","floor":11,"turns":5},{"damage":0,"enemies":"Gremlin Gang","floor":13,"turns":2},{"damage":2,"enemies":"Lots of Slimes","floor":14,"turns":5},{"damage":24,"enemies":"Slime Boss","floor":16,"turns":14},{"damage":1,"enemies":"Chosen","floor":18,"turns":4},{"damage":0,"enemies":"3 Byrds","floor":20,"turns":5},{"damage":11,"enemies":"Snake Plant","floor":21,"turns":5},{"damage":9,"enemies":"Book of Stabbing","floor":23,"turns":7},{"damage":12,"enemies":"Slavers","floor":25,"turns":5},{"damage":20,"enemies":"Colosseum Slavers","floor":28,"turns":3},{"damage":1,"enemies":"Colosseum Nobs","floor":28,"turns":3},{"damage":4,"enemies":"Book of Stabbing","floor":30,"turns":6},{"damage":36,"enemies":"Collector","floor":33,"turns":8},{"damage":16,"enemies":"3 Shapes","floor":35,"turns":3},{"damage":0,"enemies":"Orb Walker","floor":36,"turns":4},{"damage":9,"enemies":"Transient","floor":37,"turns":5},{"damage":8,"enemies":"Spire Growth","floor":38,"turns":5},{"damage":29,"enemies":"Nemesis","floor":41,"turns":7},{"damage":1,"enemies":"Maw","floor":46,"turns":7},{"damage":0,"enemies":"Reptomancer","floor":48,"turns":5},{"damage":58,"enemies":"Donu and Deca","floor":50,"turns":6}],"seed_played":"-8512736316737356946","potions_obtained":[{"floor":1,"key":"Strength Potion"},{"floor":4,"key":"LiquidBronze"},{"floor":7,"key":"LiquidBronze"},{"floor":8,"key":"EssenceOfSteel"},{"floor":13,"key":"SneckoOil"},{"floor":14,"key":"SpeedPotion"},{"floor":21,"key":"SpeedPotion"},{"floor":23,"key":"Fire Potion"},{"floor":30,"key":"LiquidBronze"},{"floor":31,"key":"Regen Potion"},{"floor":31,"key":"PowerPotion"},{"floor":33,"key":"Fruit Juice"},{"floor":36,"key":"Fire Potion"},{"floor":46,"key":"GhostInAJar"},{"floor":48,"key":"AttackPotion"}],"is_trial":false,"path_per_floor":["M","M","?","M","M","R","M","E","T","M","E","$","M","M","R","B",null,"M","?","M","M","?","E","R","E","T","R","?","$","E","?","R","B",null,"M","M","M","M","?","R","E","R","T","$","R","M","R","E","R","B"],"character_chosen":"THE_SILENT","items_purchased":["Bouncing Flask","Fire Potion","Toy Ornithopter","AttackPotion","Night Terror"],"campfire_rested":4,"item_purchase_floors":[12,12,29,29,44],"current_hp_per_floor":[54,51,56,55,47,47,47,31,31,31,15,15,15,13,34,10,56,55,55,55,44,24,15,37,25,25,25,4,4,5,5,27,21,62,56,56,52,49,49,49,20,44,44,44,44,43,43,48,48,0],"gold":222,"neow_bonus":"RANDOM_COMMON_RELIC","is_prod":false,"is_daily":false,"chose_seed":false,"campfire_upgraded":6,"win_rate":0,"timestamp":1560817920,"path_taken":["M","M","?","M","M","R","M","E","T","M","E","$","M","M","R","BOSS","M","?","M","M","?","E","R","E","T","R","?","?","E","?","R","BOSS","M","M","M","M","?","R","E","R","T","$","R","?","R","E","R","BOSS"],"build_version":"2019-01-23","purchased_purges":2,"victory":false,"max_hp_per_floor":[66,66,71,71,71,71,71,71,71,71,71,71,71,71,71,71,71,71,71,71,71,76,76,76,76,76,76,76,76,76,76,76,76,76,81,81,81,81,81,81,81,81,81,81,81,81,81,81,81,81],"card_choices":[{"not_picked":["Terror","Choke","Catalyst"],"picked":"SKIP","floor":1},{"not_picked":["Flying Knee","Quick Slash"],"picked":"Cloak And Dagger","floor":2},{"not_picked":["Cloak And Dagger","Deadly Poison"],"picked":"Dagger Spray","floor":4},{"not_picked":["Deflect","Acrobatics"],"picked":"Flying Knee","floor":5},{"not_picked":["Endless Agony","Slice"],"picked":"Unload","floor":7},{"not_picked":["Dagger Throw","Cloak And Dagger"],"picked":"Backflip","floor":8},{"not_picked":["Accuracy","Dagger Spray"],"picked":"Poisoned Stab","floor":10},{"not_picked":["Outmaneuver","Terror"],"picked":"Footwork","floor":11},{"not_picked":["Bane","Slice","Outmaneuver"],"picked":"SKIP","floor":13},{"not_picked":["Flechettes","Slice"],"picked":"Bane","floor":14},{"not_picked":["Bullet Time","Wraith Form v2"],"picked":"Malaise","floor":16},{"not_picked":["Riddle With Holes","Acrobatics"],"picked":"Calculated Gamble","floor":18},{"not_picked":["Deflect","Bane","Blade Dance"],"picked":"SKIP","floor":20},{"not_picked":["Slice","Dagger Throw"],"picked":"Crippling Poison","floor":21},{"not_picked":["Dagger Spray","All Out Attack"],"picked":"Noxious Fumes+1","floor":23},{"not_picked":["Flechettes","PiercingWail"],"picked":"Backflip","floor":25},{"not_picked":["Phantasmal Killer","Heel Hook"],"picked":"Well Laid Plans","floor":30},{"not_picked":["Bullet Time","Unload"],"picked":"Corpse Explosion","floor":33},{"not_picked":["Outmaneuver+1","Finisher+1"],"picked":"Noxious Fumes","floor":35},{"not_picked":["Sucker Punch","Crippling Poison"],"picked":"Cloak And Dagger","floor":36},{"not_picked":["Cloak And Dagger+1","Poisoned Stab+1"],"picked":"Catalyst","floor":37},{"not_picked":["Slice+1","Bane+1"],"picked":"Escape Plan","floor":38},{"not_picked":["Escape Plan+1","Flying Knee"],"picked":"Adrenaline","floor":41},{"not_picked":["Slice","Poisoned Stab","Dagger Spray"],"picked":"SKIP","floor":46},{"not_picked":["Calculated Gamble","Riddle With Holes","All Out Attack+1"],"picked":"SKIP","floor":48}],"player_experience":902838,"relics_obtained":[{"floor":8,"key":"Torii"},{"floor":9,"key":"Paper Crane"},{"floor":11,"key":"Snake Skull"},{"floor":23,"key":"Potion Belt"},{"floor":25,"key":"Gremlin Horn"},{"floor":26,"key":"Bottled Lightning"},{"floor":28,"key":"WingedGreaves"},{"floor":28,"key":"The Courier"},{"floor":30,"key":"Bottled Tornado"},{"floor":41,"key":"Boot"},{"floor":43,"key":"Blue Candle"},{"floor":48,"key":"Toxic Egg 2"}],"event_choices":[{"damage_healed":0,"gold_gain":0,"player_choice":"Donut","damage_taken":0,"max_hp_gain":5,"max_hp_loss":0,"event_name":"Big Fish","floor":3,"gold_loss":0},{"damage_healed":0,"gold_gain":0,"player_choice":"Obtained Relic","damage_taken":0,"relics_obtained":["Gambling Chip"],"max_hp_gain":0,"max_hp_loss":0,"event_name":"Addict","floor":19,"gold_loss":85},{"damage_healed":0,"gold_gain":0,"player_choice":"Shed Blood","damage_taken":25,"max_hp_gain":5,"max_hp_loss":0,"event_name":"Forgotten Altar","floor":22,"gold_loss":0},{"damage_healed":0,"gold_gain":0,"player_choice":"Fight","damage_taken":0,"max_hp_gain":0,"max_hp_loss":0,"event_name":"Colosseum","floor":28,"gold_loss":0},{"damage_healed":0,"gold_gain":0,"player_choice":"Fought Nobs","damage_taken":0,"max_hp_gain":0,"max_hp_loss":0,"event_name":"Colosseum","floor":28,"gold_loss":0},{"damage_healed":0,"gold_gain":0,"player_choice":"Got Potions","damage_taken":0,"max_hp_gain":0,"max_hp_loss":0,"event_name":"Lab","floor":31,"gold_loss":0},{"damage_healed":0,"gold_gain":0,"player_choice":"0 cards matched","damage_taken":0,"max_hp_gain":0,"max_hp_loss":0,"event_name":"Match and Keep!","floor":39,"gold_loss":0,"cards_obtained":[]}],"is_beta":false,"boss_relics":[{"not_picked":["Tiny House","Velvet Choker"],"picked":"Philosopher\u0027s Stone"},{"not_picked":["Black Star","Pandora\u0027s Box"],"picked":"Cursed Key"}],"items_purged_floors":[12,44],"is_endless":false,"potions_floor_spawned":[1,4,7,8,13,14,21,23,28,30,33,36,46,48],"killed_by":"Donu and Deca","ascension_level":16}