{"gold_per_floor":[215,31,131,147,162,192,192,206,254,3,16,0,19,32,32,131,131,131,111,66,66,66,66,66,18,18,18,18,18,18,18,18,18,18,18,0,0,0,0,0,0,0,0,0,0,0,0,0,0,0],"floor_reached":50,"playtime":3495,"items_purged":[],"score":714,"play_id":"1a9ac8d5-b018-4aba-bd05-94443f9e9e54","local_time":"20190614192358","is_ascension_mode":true,"campfire_choices":[{"floor":7.0,"key":"REST"},{"floor":15.0,"key":"REST"},{"floor":23.0,"key":"REST"},{"floor":28,"key":"REST"},{"floor":30,"key":"REST"},{"floor":32,"key":"REST"},{"floor":40,"key":"REST"},{"floor":45,"key":"REST"},{"floor":49,"key":"REST"}],"neow_cost":"NONE","seed_source_timestamp":0,"circlet_count":0,"master_deck":["AscendersBane","Strike_R+1","Strike_R+1","Strike_R+1","Defend_R+1","Defend_R+1","Defend_R+1","Defend_R+1","Bash+1","Flex+1","Mayhem+1","Iron Wave+1","Sword Boomerang+1","Pommel Strike+1","Armaments+1","Headbutt+1","Dropkick+1","Bloodletting+1","Juggernaut+1","Shockwave+1","Limit Break+1","Armaments+1","Flex+1","Inflame+1","Dropkick+1","Double Tap+1","True Grit+1","Heavy Blade+1","Perfected Strike+1","Uppercut+1","Spot Weakness+1"],"special_seed":0,"relics":["Burning Blood","Toxic Egg 2","Bronze Scales","Juzu Bracelet","Ectoplasm","Nilry\u0027s Codex","Bottled Tornado","Snecko Eye","Red Mask","Lantern","Anchor","Mark of the Bloom"],"potions_floor_usage":[24,24,27,29,33,44,50],"damage_taken":[{"damage":8.0,"enemies":"Jaw Worm","floor":1.0,"turns":5.0},{"damage":6.0,"enemies":"Cultist","floor":4.0,"turns":4.0},{"damage":8.0,"enemies":"Small Slimes","floor":5.0,"turns":4.0},{"damage":45.0,"enemies":"3 Sentries","floor":6.0,"turns":10.0},{"damage":20.0,"enemies":"Exordium Wildlife","floor":8.0,"turns":5.0},{"damage":19.0,"enemies":"3 Louse","floor":11.0,"turns":3.0},{"damage":11.0,"enemies":"Blue Slaver","floor":13.0,"turns":3.0},{"damage":8.0,"enemies":"Exordium Thugs","floor":14.0,"turns":5.0},{"damage":15.0,"enemies":"The Guardian","floor":16.0,"turns":12.0},{"damage":15.0,"enemies":"Chosen","floor":18.0,"turns":5.0},{"damage":23.0,"enemies":"2 Thieves","floor":20.0,"turns":4.0},{"damage":50,"enemies":"Shelled Parasite and Fungi","floor":24,"turns":5},{"damage":3,"enemies":"Cultist and Chosen","floor":27,"turns":5},{"damage":11,"enemies":"Centurion and Healer","floor":29,"turns":4},{"damage":54,"enemies":"Collector","floor":33,"turns":8},{"damage":14,"enemies":"Orb Walker","floor":35,"turns":4},{"damage":32,"enemies":"3 Darklings","floor":37,"turns":5},{"damage":19,"enemies":"Sphere and 2 Shapes","floor":41,"turns":4},{"damage":26,"enemies":"Transient","floor":42,"turns":5},{"damage":3,"enemies":"Maw","floor":44,"turns":4},{"damage":7,"enemies":"3 Darklings","floor":47,"turns":3},{"damage":57,"enemies":"Time Eater","floor":50,"turns":5}],"seed_played":"-8499287605439554976","potions_obtained":[{"floor":1.0,"key":"LiquidBronze"},{"floor":8.0,"key":"GamblersBrew"},{"floor":13.0,"key":"EssenceOfSteel"},{"floor":19.0,"key":"PowerPotion"},{"floor":24,"key":"Strength Potion"},{"floor":27,"key":"Dexterity Potion"},{"floor":41,"key":"SpeedPotion"},{"floor":42,"key":"Strength Potion"}],"is_trial":false,"path_per_floor":["M","$","?","M","M","E","R","M","T","$","M","?","M","M","R","B",null,"M","?","M","?","?","R","M","$","T","M","R","M","R","?","R","B",null,"M","?","M","T","$","R","M","M","T","M","R","?","M","?","R","B"],"character_chosen":"IRONCLAD","items_purchased":["Mayhem","Armaments+1","Juzu Bracelet","Iron Wave","Dexterity Potion"],"campfire_rested":9,"item_purchase_floors":[2,10,10,10,25],"current_hp_per_floor":[70,70,70,70,68,29,53,39,39,39,26,26,21,19,43,34,69,60,60,43,43,27,51,7,7,7,10,34,29,53,38,63,15,68,60,60,34,34,34,59,46,26,26,29,54,54,53,53,53,0],"gold":0,"neow_bonus":"HUNDRED_GOLD","is_prod":false,"is_daily":false,"chose_seed":false,"campfire_upgraded":0,"win_rate":0,"timestamp":1560565438,"path_taken":["M","$","?","M","M","E","R","M","T","$","M","?","M","M","R","BOSS","M","?","M","?","?","R","M","$","T","M","R","M","R","?","R","BOSS","M","?","M","?","$","R","M","M","T","M","R","?","M","?","R","BOSS"],"build_version":"2019-01-23","purchased_purges":0,"victory":false,"max_hp_per_floor":[80,80,80,80,80,80,80,80,80,80,80,80,80,80,80,80,80,80,80,80,80,80,80,80,80,80,80,80,80,80,85,85,85,85,85,85,85,85,85,85,85,85,85,85,85,85,85,85,85,85],"card_choices":[{"not_picked":["Bloodletting","Wild Strike"],"picked":"Flex","floor":1.0},{"not_picked":["Warcry","Havoc"],"picked":"Iron Wave","floor":4.0},{"not_picked":["Rupture","Fire Breathing"],"picked":"Sword Boomerang","floor":5.0},{"not_picked":["Brutality","Havoc","Twin Strike"],"picked":"SKIP","floor":6.0},{"not_picked":["Havoc+1","Seeing Red+1"],"picked":"Pommel Strike","floor":8.0},{"not_picked":["Combust","Anger"],"picked":"Headbutt","floor":11.0},{"not_picked":["Twin Strike","Anger"],"picked":"Dropkick","floor":13.0},{"not_picked":["Body Slam","Sever Soul"],"picked":"Bloodletting+1","floor":14.0},{"not_picked":["Berserk","Barricade"],"picked":"Juggernaut","floor":16.0},{"not_picked":["Anger","Flex+1","Wild Strike"],"picked":"SKIP","floor":18.0},{"not_picked":["Anger","Warcry+1"],"picked":"Shockwave+1","floor":20.0},{"not_picked":["Clash","Wild Strike"],"picked":"Flex+1","floor":24},{"not_picked":["Sword Boomerang","Combust"],"picked":"Inflame","floor":27},{"not_picked":["True Grit+1","Carnage"],"picked":"Dropkick+1","floor":29},{"not_picked":["Exhume+1","Barricade"],"picked":"Double Tap+1","floor":33},{"not_picked":["Cleave+1","Rampage"],"picked":"True Grit+1","floor":35},{"not_picked":["Shrug It Off+1","Uppercut"],"picked":"Heavy Blade","floor":37},{"not_picked":["Cleave+1","Armaments+1"],"picked":"Perfected Strike","floor":41},{"not_picked":["Headbutt","Dropkick"],"picked":"Uppercut+1","floor":42},{"not_picked":["Clash","Wild Strike"],"picked":"Spot Weakness+1","floor":44},{"not_picked":["Cleave","Sword Boomerang","Twin Strike"],"picked":"SKIP","floor":47}],"player_experience":249440,"relics_obtained":[{"floor":6.0,"key":"Toxic Egg 2"},{"floor":9.0,"key":"Bronze Scales"},{"floor":22.0,"key":"Nilry\u0027s Codex"},{"floor":26,"key":"Bottled Tornado"},{"floor":38,"key":"Lantern"},{"floor":43,"key":"Anchor"}],"event_choices":[{"damage_healed":0.0,"max_hp_gain":0.0,"max_hp_loss":0.0,"gold_gain":100.0,"event_name":"Wheel of Change","player_choice":"Gold","floor":3.0,"gold_loss":0.0,"damage_taken":0.0},{"damage_healed":0.0,"max_hp_gain":0.0,"max_hp_loss":0.0,"gold_gain":0.0,"event_name":"World of Goop","player_choice":"Left Gold","floor":12.0,"gold_loss":16.0,"damage_taken":0.0},{"damage_healed":0.0,"max_hp_gain":0.0,"max_hp_loss":0.0,"gold_gain":0.0,"event_name":"The Woman in Blue","player_choice":"Bought 1 Potion","floor":19.0,"gold_loss":0.0,"damage_taken":0.0},{"damage_healed":0.0,"max_hp_gain":0.0,"max_hp_loss":0.0,"gold_gain":0.0,"cards_transformed":["Strike_R","Strike_R"],"event_name":"Drug Dealer","player_choice":"Became Test Subject","floor":21.0,"gold_loss":0.0,"damage_taken":0.0,"cards_obtained":["Limit Break","Armaments"]},{"damage_healed":0.0,"max_hp_gain":0.0,"max_hp_loss":0.0,"gold_gain":0.0,"event_name":"Cursed Tome","player_choice":"Obtained Book","floor":22.0,"gold_loss":0.0,"damage_taken":16.0},{"damage_healed":0,"gold_gain":0,"player_choice":"Shed Blood","damage_taken":20,"max_hp_gain":5,"max_hp_loss":0,"event_name":"Forgotten Altar","floor":31,"gold_loss":0},{"damage_healed":0,"gold_gain":0,"player_choice":"Paid","damage_taken":0,"relics_obtained":["Red Mask"],"max_hp_gain":0,"max_hp_loss":0,"event_name":"Tomb of Lord Red Mask","floor":36,"gold_loss":18},{"cards_removed":["Iron Wave"],"damage_healed":0,"gold_gain":0,"player_choice":"Removed Attack","damage_taken":0,"max_hp_gain":0,"max_hp_loss":0,"event_name":"Falling","floor":46,"gold_loss":0},{"damage_healed":0,"gold_gain":0,"player_choice":"Upgrade","damage_taken":0,"relics_obtained":["Mark of the Bloom"],"max_hp_gain":0,"max_hp_loss":0,"event_name":"MindBloom","floor":48,"gold_loss":0,"cards_upgraded":["Strike_R","Strike_R","Strike_R","Defend_R","Defend_R","Defend_R","Defend_R","Bash","Flex","Mayhem","Iron Wave","Sword Boomerang","Pommel Strike","Headbutt","Dropkick","Juggernaut","Inflame","Heavy Blade","Perfected Strike"]}],"is_beta":false,"boss_relics":[{"not_picked":["Eternal Feather","Runic Pyramid"],"picked":"Ectoplasm"},{"not_picked":["Philosopher\u0027s Stone","Empty Cage"],"picked":"Snecko Eye"}],"items_purged_floors":[],"is_endless":false,"potions_floor_spawned":[1,8,11,13,24,27,41,42],"killed_by":"Time Eater","ascension_level":12}