{"gold_per_floor":[20,20,38,38,86,132,144,167,179,210,237,267,279,34,34,134,134,154,174,186,186,10,10,43,43,43,43,54,54,72,88,88,185,185,197,209,209,38,58,58,71,71,94,94,129,229,229,249,249,249],"floor_reached":51,"playtime":1746,"items_purged":["Strike_B","Zap"],"score":926,"play_id":"7c439ca8-46d2-434f-838f-b1f433bb61a7","local_time":"20181109015405","is_ascension_mode":true,"campfire_choices":[{"data":"Leap","floor":7,"key":"SMITH"},{"floor":15,"key":"REST"},{"data":"Steam","floor":23,"key":"SMITH"},{"data":"Panache","floor":25,"key":"SMITH"},{"floor":27,"key":"REST"},{"data":"Go for the Eyes","floor":32,"key":"SMITH"},{"data":"Good Instincts","floor":40,"key":"SMITH"},{"floor":42,"key":"REST"},{"data":"Master of Strategy","floor":44,"key":"SMITH"},{"floor":47,"key":"REST"},{"floor":49,"key":"REST"}],"neow_cost":"NO_GOLD","seed_source_timestamp":16351747677638,"circlet_count":0,"master_deck":["Defend_B","Defend_B","Go for the Eyes+1","Gash","Leap+1","Gash+1","Scrape+1","Panache+1","Hyperbeam+1","Steam+1","Scrape+1","Gash+1","Beam Cell+1","Steam+1","Good Instincts+1","Master of Strategy+1","Skim"],"relics":["Cracked Core","MawBank","Meat on the Bone","Molten Egg 2","Calipers","Empty Cage","Anchor","Lantern","Black Star","Ancient Tea Set","Darkstone Periapt","Gremlin Horn","Ginger"],"potions_floor_usage":[16,33,45,50],"damage_taken":[{"damage":2,"enemies":"Jaw Worm","floor":1,"turns":3},{"damage":0,"enemies":"Cultist","floor":3,"turns":3},{"damage":27,"enemies":"Lagavulin","floor":6,"turns":7},{"damage":0,"enemies":"Small Slimes","floor":8,"turns":3},{"damage":14,"enemies":"3 Louse","floor":10,"turns":4},{"damage":8,"enemies":"Large Slime","floor":11,"turns":6},{"damage":2,"enemies":"Exordium Thugs","floor":12,"turns":5},{"damage":4,"enemies":"Slime Boss","floor":16,"turns":7},{"damage":10,"enemies":"2 Thieves","floor":18,"turns":2},{"damage":3,"enemies":"Chosen","floor":19,"turns":3},{"damage":2,"enemies":"Snake Plant","floor":20,"turns":4},{"damage":16,"enemies":"Gremlin Leader","floor":24,"turns":4},{"damage":0,"enemies":"Centurion and Healer","floor":28,"turns":3},{"damage":0,"enemies":"Chosen and Byrds","floor":30,"turns":4},{"damage":0,"enemies":"Shelled Parasite and Fungi","floor":31,"turns":3},{"damage":11,"enemies":"Automaton","floor":33,"turns":4},{"damage":11,"enemies":"3 Darklings","floor":35,"turns":3},{"damage":5,"enemies":"3 Shapes","floor":36,"turns":4},{"damage":8,"enemies":"Spire Growth","floor":39,"turns":4},{"damage":2,"enemies":"3 Darklings","floor":41,"turns":4},{"damage":33,"enemies":"Nemesis","floor":45,"turns":7},{"damage":0,"enemies":"Mind Bloom Boss Battle","floor":46,"turns":2},{"damage":7,"enemies":"Writhing Mass","floor":48,"turns":4},{"damage":34,"enemies":"Awakened One","floor":50,"turns":7}],"seed_played":"-7423113203753363159","potions_obtained":[{"floor":3,"key":"Ancient Potion"},{"floor":6,"key":"Poison Potion"},{"floor":10,"key":"Explosive Potion"},{"floor":11,"key":"Weak Potion"},{"floor":16,"key":"PowerPotion"},{"floor":20,"key":"Swift Potion"},{"floor":36,"key":"PowerPotion"},{"floor":45,"key":"FearPotion"}],"is_trial":false,"path_per_floor":["M","?","M","$","T","E","R","M","T","M","M","M","?","$","R","B",null,"M","M","M","?","$","R","E","R","T","R","M","$","M","M","R","B",null,"M","M","?","$","M","R","M","R","T","R","E","?","R","M","R","B",null],"character_chosen":"DEFECT","items_purchased":["Panache","Scrape+1","Master of Strategy"],"campfire_rested":5,"item_purchase_floors":[14,22,38],"current_hp_per_floor":[66,66,66,66,66,39,39,39,39,37,41,39,32,32,54,50,69,59,56,54,54,54,54,38,38,38,60,60,60,60,60,60,49,69,58,53,53,53,45,45,43,65,65,65,44,44,66,59,75,41],"gold":249,"neow_bonus":"REMOVE_TWO","is_prod":false,"is_daily":false,"chose_seed":false,"campfire_upgraded":6,"win_rate":0,"timestamp":1541739245,"path_taken":["M","?","M","$","?","E","R","M","T","M","M","M","?","$","R","BOSS","M","M","M","?","$","R","E","R","T","R","M","?","M","M","R","BOSS","M","M","?","$","M","R","M","R","T","R","E","?","R","M","R","BOSS"],"build_version":"2018-11-08","purchased_purges":2,"victory":true,"max_hp_per_floor":[75,75,75,75,75,75,75,75,75,75,75,75,75,75,75,75,75,75,75,75,75,75,75,75,75,75,75,75,75,75,75,75,75,75,75,75,75,75,75,75,75,75,75,75,75,75,75,75,75,75],"card_choices":[{"not_picked":["Leap","Stack"],"picked":"Go for the Eyes","floor":1},{"not_picked":["Compile Driver","Defragment","Ball Lightning"],"picked":"SKIP","floor":3},{"not_picked":["Static Discharge","Glacier"],"picked":"Leap","floor":6},{"not_picked":["Rebound","Darkness","Go for the Eyes"],"picked":"SKIP","floor":8},{"not_picked":["Ball Lightning+1","Capacitor","Consume"],"picked":"SKIP","floor":10},{"not_picked":["Redo","BootSequence"],"picked":"Gash+1","floor":11},{"not_picked":["Turbo","Double Energy"],"picked":"Scrape+1","floor":12},{"not_picked":["Fission","Amplify"],"picked":"Hyperbeam+1","floor":16},{"not_picked":["Rebound+1","Leap+1","White Noise"],"picked":"SKIP","floor":18},{"not_picked":["Loop","Stack"],"picked":"Steam","floor":19},{"not_picked":["Force Field","Streamline+1","Turbo"],"picked":"SKIP","floor":20},{"not_picked":["Chill","Compile Driver+1","Electrodynamics"],"picked":"SKIP","floor":24},{"not_picked":["Turbo+1","Melter+1","Hologram+1"],"picked":"SKIP","floor":28},{"not_picked":["Sunder+1","Stack"],"picked":"Gash+1","floor":30},{"not_picked":["Gash+1","Streamline+1"],"picked":"Beam Cell+1","floor":31},{"not_picked":["Sweeping Beam+1","Chaos"],"picked":"Steam+1","floor":35},{"not_picked":["Recycle","Coolheaded","Compile Driver+1"],"picked":"SKIP","floor":36},{"not_picked":["Blind","Forethought"],"picked":"Good Instincts","floor":37},{"not_picked":["Sweeping Beam+1","Ball Lightning+1","BootSequence"],"picked":"SKIP","floor":39},{"not_picked":["Melter+1","Defragment+1","Self Repair+1"],"picked":"SKIP","floor":41},{"not_picked":["Rebound+1","Conserve Battery+1","Hello World"],"picked":"SKIP","floor":45},{"not_picked":["Chill","Coolheaded"],"picked":"Skim","floor":48}],"player_experience":320286,"relics_obtained":[{"floor":5,"key":"MawBank"},{"floor":6,"key":"Meat on the Bone"},{"floor":9,"key":"Molten Egg 2"},{"floor":24,"key":"Anchor"},{"floor":26,"key":"Lantern"},{"floor":43,"key":"Ancient Tea Set"},{"floor":45,"key":"Darkstone Periapt"},{"floor":45,"key":"Gremlin Horn"},{"floor":46,"key":"Ginger"}],"event_choices":[{"damage_healed":0,"gold_gain":0,"cards_transformed":["Dualcast"],"player_choice":"Transformed","damage_taken":0,"max_hp_gain":0,"max_hp_loss":0,"event_name":"Transmorgrifier","floor":2,"gold_loss":0,"cards_obtained":["Gash"]},{"damage_healed":0,"gold_gain":0,"player_choice":"Success","damage_taken":7,"relics_obtained":["Calipers"],"max_hp_gain":0,"max_hp_loss":0,"event_name":"Scrap Ooze","floor":13,"gold_loss":0},{"cards_removed":["Strike_B"],"damage_healed":0,"gold_gain":0,"player_choice":"Elegance","damage_taken":0,"max_hp_gain":0,"max_hp_loss":0,"event_name":"Back to Basics","floor":21,"gold_loss":0},{"damage_healed":0,"gold_gain":0,"player_choice":"Memory 1","damage_taken":0,"max_hp_gain":0,"max_hp_loss":0,"event_name":"SensoryStone","floor":37,"gold_loss":0},{"damage_healed":0,"gold_gain":0,"player_choice":"Fight","damage_taken":0,"max_hp_gain":0,"max_hp_loss":0,"event_name":"MindBloom","floor":46,"gold_loss":0}],"is_beta":false,"boss_relics":[{"not_picked":["Cursed Key","Fusion Hammer"],"picked":"Empty Cage"},{"not_picked":["Velvet Choker","Inserter"],"picked":"Black Star"}],"items_purged_floors":[14,22],"is_endless":false,"potions_floor_spawned":[3,6,10,11,16,18,20,30,31,36,41,45],"ascension_level":7}