{"gold_per_floor":[109,109,284,284,284,322,322,342,381,381],"floor_reached":10,"playtime":538,"items_purged":[],"score":74,"play_id":"db8c1f51-3f26-42fa-89d8-e3777eac3253","local_time":"20190117220800","is_ascension_mode":true,"campfire_choices":[{"floor":7,"key":"REST"}],"neow_cost":"NONE","seed_source_timestamp":1072622534879237,"circlet_count":0,"master_deck":["Strike_B","Strike_B","Strike_B","Strike_B","Defend_B","Defend_B","Defend_B","Defend_B","Zap+1","Dualcast","Panic Button","Storm","Injury","Auto Shields","Genetic Algorithm","Turbo"],"relics":["Cracked Core","Golden Idol","Counterbalance","Anchor"],"potions_floor_usage":[],"damage_taken":[{"damage":6,"enemies":"Cultist","floor":1,"turns":3},{"damage":55,"enemies":"3 Sentries","floor":6,"turns":12},{"damage":0,"enemies":"Small Slimes","floor":8,"turns":3},{"damage":2,"enemies":"2 Louse","floor":9,"turns":11},{"damage":33,"enemies":"Gremlin Nob","floor":10,"turns":5}],"seed_played":"8977277704389341648","potions_obtained":[{"floor":8,"key":"Dexterity Potion"}],"is_trial":false,"path_per_floor":["M","?","?","?","?","E","R","M","MIM","E"],"character_chosen":"DEFECT","items_purchased":[],"campfire_rested":1,"item_purchase_floors":[],"current_hp_per_floor":[69,69,69,69,62,7,29,29,27,0],"gold":381,"neow_bonus":"THREE_CARDS","is_prod":false,"is_daily":false,"chose_seed":false,"campfire_upgraded":0,"win_rate":0,"timestamp":1547780880,"path_taken":["M","?","?","?","?","E","R","M","MIM","E"],"build_version":"2019-01-17","purchased_purges":0,"victory":false,"max_hp_per_floor":[75,75,75,75,75,75,75,75,75,75],"card_choices":[{"not_picked":["Beam Cell","Compile Driver"],"picked":"Panic Button","floor":0},{"not_picked":["Cold Snap","Stack"],"picked":"Storm","floor":1},{"not_picked":["Steam Power","Tempest"],"picked":"Auto Shields","floor":6},{"not_picked":["Panic Button","Go for the Eyes"],"picked":"Genetic Algorithm","floor":8},{"not_picked":["Cold Snap","Reprogram"],"picked":"Turbo","floor":9}],"player_experience":346315,"relics_obtained":[{"floor":6,"key":"Counterbalance"},{"floor":9,"key":"Anchor"}],"event_choices":[{"damage_healed":0,"gold_gain":0,"player_choice":"Grow","damage_taken":0,"max_hp_gain":0,"max_hp_loss":0,"event_name":"Living Wall","floor":2,"gold_loss":0,"cards_upgraded":["Zap"]},{"damage_healed":0,"gold_gain":175,"player_choice":"AGREE","damage_taken":0,"max_hp_gain":0,"max_hp_loss":0,"event_name":"Liars Game","floor":3,"gold_loss":0,"cards_obtained":["Doubt"]},{"damage_healed":0,"gold_gain":0,"player_choice":"Take Wound","damage_taken":0,"relics_obtained":["Golden Idol"],"max_hp_gain":0,"max_hp_loss":0,"event_name":"Golden Idol","floor":4,"gold_loss":0,"cards_obtained":["Injury"]},{"cards_removed":["Doubt"],"damage_healed":0,"gold_gain":0,"player_choice":"Card Removal","damage_taken":7,"max_hp_gain":0,"max_hp_loss":0,"event_name":"Golden Wing","floor":5,"gold_loss":0}],"is_beta":false,"boss_relics":[],"items_purged_floors":[],"is_endless":false,"potions_floor_spawned":[8],"killed_by":"Gremlin Nob","ascension_level":3}