{"gold_per_floor":[114,114,129,14,29,59,59,74,74,74,104,119,134,149,149,249,299,314,314,18,93,108,138,138],"floor_reached":24,"playtime":1584,"items_purged":[],"score":228,"play_id":"da9d61cf-fafd-44f2-b1b1-5b691e7a0e47","local_time":"20181029213837","daily_mods":["Chimera","Green Cards","Careless"],"is_ascension_mode":false,"campfire_choices":[{"data":"Noxious Fumes","floor":7,"key":"SMITH"},{"floor":10,"key":"REST"},{"data":"Metallicize","floor":15,"key":"SMITH"}],"neow_cost":"","seed_source_timestamp":0,"circlet_count":0,"master_deck":["Bash","Survivor+1","Zap","Strike_G","Strike_B","Defend_R","Defend_G","Defend_B","Anger","Underhanded Strike","Distraction","Reaper","Deadly Poison","Dagger Throw","Noxious Fumes+1","Cloak And Dagger","Inflame","Twin Strike","Backflip","Metallicize+1","Bludgeon","Predator","Quick Slash+1","Outmaneuver","Metallicize","Leg Sweep","Dagger Throw+1"],"special_seed":17834,"relics":["Burning Blood","Lantern","Blue Candle","Question Card","Tiny House","Strange Spoon","Kunai","Juzu Bracelet"],"potions_floor_usage":[6,16,16,16,18,23,23,23],"damage_taken":[{"damage":15,"enemies":"Small Slimes","floor":1,"turns":4},{"damage":1,"enemies":"Cultist","floor":3,"turns":4},{"damage":0,"enemies":"2 Louse","floor":5,"turns":3},{"damage":40,"enemies":"3 Sentries","floor":6,"turns":8},{"damage":21,"enemies":"Lots of Slimes","floor":8,"turns":4},{"damage":21,"enemies":"Gremlin Nob","floor":11,"turns":4},{"damage":23,"enemies":"Gremlin Gang","floor":12,"turns":4},{"damage":11,"enemies":"Large Slime","floor":13,"turns":2},{"damage":2,"enemies":"2 Fungi Beasts","floor":14,"turns":3},{"damage":27,"enemies":"Hexaghost","floor":16,"turns":9},{"damage":0,"enemies":"Spheric Guardian","floor":18,"turns":2},{"damage":25,"enemies":"3 Byrds","floor":22,"turns":6},{"damage":69,"enemies":"Slavers","floor":23,"turns":8},{"damage":26,"enemies":"Centurion and Healer","floor":24,"turns":7}],"seed_played":"-1635922721403175301","potions_obtained":[{"floor":1,"key":"GamblersBrew"},{"floor":5,"key":"SteroidPotion"},{"floor":8,"key":"Ancient Potion"},{"floor":12,"key":"AttackPotion"},{"floor":16,"key":"EssenceOfSteel"},{"floor":17,"key":"AttackPotion"},{"floor":18,"key":"LiquidBronze"},{"floor":22,"key":"SkillPotion"}],"is_trial":false,"path_per_floor":["M","?","M","$","M","E","R","M","T","R","E","M","M","M","R","B",null,"M","?","$","T","M","E"],"character_chosen":"IRONCLAD","items_purchased":["Reaper","Deadly Poison","Outmaneuver","Strange Spoon","Metallicize"],"campfire_rested":1,"item_purchase_floors":[4,4,20,20,20],"current_hp_per_floor":[71,71,76,76,80,54,54,55,55,79,68,63,58,70,70,49,85,85,69,69,69,62,13,0],"gold":138,"neow_bonus":"","is_prod":false,"is_daily":true,"chose_seed":false,"campfire_upgraded":2,"win_rate":0,"timestamp":1540863517,"path_taken":["M","?","M","$","M","E","R","M","T","R","E","?","?","?","R","BOSS","M","?","$","?","?","E","M"],"build_version":"2018-10-25v2","purchased_purges":0,"victory":false,"max_hp_per_floor":[80,80,80,80,80,80,80,80,80,80,80,80,80,80,80,80,85,85,90,90,90,90,90,90],"card_choices":[{"not_picked":["Reflex","Bane"],"picked":"Anger","floor":1},{"not_picked":["Wild Strike","Second Wind"],"picked":"Distraction","floor":3},{"not_picked":["Blade Dance","Twin Strike"],"picked":"Dagger Throw","floor":5},{"not_picked":["Havoc","Crippling Poison"],"picked":"Noxious Fumes","floor":6},{"not_picked":["Poisoned Stab","Fiend Fire"],"picked":"Cloak And Dagger","floor":8},{"not_picked":["Sucker Punch","Poisoned Stab"],"picked":"Inflame","floor":11},{"not_picked":["Corruption","Flex","Thunderclap"],"picked":"Twin Strike","floor":12},{"not_picked":["Body Slam","Tactician","Prepared"],"picked":"Backflip","floor":13},{"not_picked":["Flying Knee","Blade Dance","Poisoned Stab"],"picked":"Metallicize","floor":14},{"not_picked":["Malaise","Fiend Fire","Brutality"],"picked":"Bludgeon","floor":16},{"not_picked":["Iron Wave","Quick Slash","Searing Blow"],"picked":"Predator","floor":17},{"not_picked":["Headbutt","Thunderclap","Hemokinesis"],"picked":"Quick Slash+1","floor":18},{"not_picked":["Crippling Poison","Sever Soul+1","Metallicize"],"picked":"Leg Sweep","floor":22},{"not_picked":["Shrug It Off","Iron Wave","Cloak And Dagger"],"picked":"Dagger Throw+1","floor":23}],"player_experience":200117,"relics_obtained":[{"floor":6,"key":"Lantern"},{"floor":9,"key":"Blue Candle"},{"floor":11,"key":"Question Card"},{"floor":21,"key":"Kunai"},{"floor":23,"key":"Juzu Bracelet"}],"event_choices":[{"damage_healed":0,"gold_gain":0,"cards_transformed":["Strike_R"],"player_choice":"Transformed","damage_taken":0,"max_hp_gain":0,"max_hp_loss":0,"event_name":"Transmorgrifier","floor":2,"gold_loss":0,"cards_obtained":["Underhanded Strike"]},{"damage_healed":0,"gold_gain":0,"player_choice":"Shed Blood","damage_taken":21,"max_hp_gain":5,"max_hp_loss":0,"event_name":"Forgotten Altar","floor":19,"gold_loss":0}],"is_beta":false,"boss_relics":[{"not_picked":["Fusion Hammer","Philosopher\u0027s Stone"],"picked":"Tiny House"}],"items_purged_floors":[],"is_endless":false,"potions_floor_spawned":[1,5,8,12,16,18,22],"killed_by":"Centurion and Healer","ascension_level":0}