{"gold_per_floor":[115,190,190,190,190,224,224,251,278,300,329,352,384,411,423,512,524,548,560,572,586,604,604,622,622,922,249,268,297,308,328,328,405,405,415,143,156,156,172,172,205,80,80,80,93,107,107,123,123,123],"floor_reached":51,"playtime":4784,"items_purged":["Strike_G","Strike_G","Strike_G"],"score":1390,"play_id":"9b0222e2-f501-4a7e-950b-ded4f2b26a0b","local_time":"20190620195819","is_ascension_mode":true,"campfire_choices":[{"floor":7.0,"key":"REST"},{"data":"Cloak And Dagger","floor":15.0,"key":"SMITH"},{"floor":23.0,"key":"REST"},{"data":"Cloak And Dagger","floor":25.0,"key":"SMITH"},{"data":"Neutralize","floor":32.0,"key":"SMITH"},{"data":"Adrenaline","floor":40,"key":"SMITH"},{"floor":44,"key":"REST"},{"data":"Footwork","floor":47,"key":"SMITH"},{"floor":49,"key":"REST"}],"neow_cost":"NONE","seed_source_timestamp":0,"circlet_count":0,"master_deck":["AscendersBane","Defend_G","Defend_G","Defend_G","Defend_G","Defend_G+1","Strike_G","Strike_G+1","Survivor","Neutralize+1","Backstab","Backflip","Cloak And Dagger+1","Caltrops","Corpse Explosion+1","Poisoned Stab","Cloak And Dagger+1","Crippling Poison","After Image","After Image","Escape Plan","Footwork+1","After Image","Well Laid Plans","Adrenaline+1","Blade Dance+1","Backflip+1","Poisoned Stab+1","Backflip+1"],"special_seed":0,"relics":["Ring of the Snake","NeowsBlessing","Kunai","Anchor","Lantern","Unceasing Top","Sozu","MutagenicStrength","Nloth\u0027s Gift","Old Coin","Tiny Chest","Ancient Tea Set","Lee\u0027s Waffle","Potion Belt","WristBlade","Bronze Scales","Snake Skull","Sundial"],"potions_floor_usage":[],"damage_taken":[{"damage":0.0,"enemies":"Jaw Worm","floor":1.0,"turns":1.0},{"damage":0.0,"enemies":"Gremlin Nob","floor":6.0,"turns":1.0},{"damage":0.0,"enemies":"Lagavulin","floor":8.0,"turns":1.0},{"damage":0.0,"enemies":"Small Slimes","floor":10.0,"turns":2.0},{"damage":0.0,"enemies":"2 Louse","floor":11.0,"turns":2.0},{"damage":0.0,"enemies":"Blue Slaver","floor":12.0,"turns":3.0},{"damage":0.0,"enemies":"Red Slaver","floor":13.0,"turns":2.0},{"damage":0.0,"enemies":"2 Fungi Beasts","floor":14.0,"turns":3.0},{"damage":32.0,"enemies":"Hexaghost","floor":16.0,"turns":10.0},{"damage":16.0,"enemies":"Spheric Guardian","floor":18.0,"turns":6.0},{"damage":0.0,"enemies":"Shell Parasite","floor":21.0,"turns":5.0},{"damage":10.0,"enemies":"Snake Plant","floor":22.0,"turns":4.0},{"damage":18.0,"enemies":"Chosen and Byrds","floor":24.0,"turns":7.0},{"damage":0.0,"enemies":"Centurion and Healer","floor":28.0,"turns":6.0},{"damage":12.0,"enemies":"Slavers","floor":29.0,"turns":3.0},{"damage":0.0,"enemies":"3 Cultists","floor":30.0,"turns":3.0},{"damage":3.0,"enemies":"Shelled Parasite and Fungi","floor":31.0,"turns":7.0},{"damage":1.0,"enemies":"Champ","floor":33.0,"turns":19.0},{"damage":17,"enemies":"Orb Walker","floor":35,"turns":3},{"damage":14,"enemies":"3 Shapes","floor":37,"turns":5},{"damage":0,"enemies":"Jaw Worm Horde","floor":39,"turns":1},{"damage":21,"enemies":"Reptomancer","floor":41,"turns":7},{"damage":0,"enemies":"Maw","floor":45,"turns":7},{"damage":2,"enemies":"4 Shapes","floor":46,"turns":3},{"damage":0,"enemies":"Jaw Worm Horde","floor":48,"turns":4},{"damage":20,"enemies":"Awakened One","floor":50,"turns":16}],"seed_played":"1116777206583123773","potions_obtained":[{"floor":1.0,"key":"SkillPotion"},{"floor":6.0,"key":"Fire Potion"},{"floor":13.0,"key":"Fire Potion"}],"is_trial":false,"path_per_floor":["M","?","?","T","?","E","R","E","T","M","M","M","M","M","R","B",null,"M","?","?","M","M","R","M","R","T","$","M","E","M","M","R","B",null,"M","$","M","?","M","R","E","$","T","R","M","M","R","M","R","B",null],"character_chosen":"THE_SILENT","items_purchased":["Escape Plan","Tiny Chest","Ancient Tea Set","Lee\u0027s Waffle","Bronze Scales"],"campfire_rested":4,"item_purchase_floors":[27,27,27,27,36],"current_hp_per_floor":[59,48,28,28,17,17,36,36,36,36,36,36,36,36,36,4,51,35,35,35,35,25,44,26,26,26,73,73,61,61,58,58,57,69,52,52,38,38,38,38,17,17,17,38,38,36,36,36,57,37],"gold":123,"neow_bonus":"THREE_ENEMY_KILL","is_prod":false,"is_daily":false,"chose_seed":false,"campfire_upgraded":5,"win_rate":0,"timestamp":1561031899,"path_taken":["M","?","?","?","?","E","R","E","T","M","M","M","M","M","R","BOSS","M","?","?","M","M","R","?","R","T","$","M","E","M","M","R","BOSS","M","$","M","?","?","R","E","$","T","R","M","M","R","M","R","BOSS"],"build_version":"2019-01-23","purchased_purges":3,"victory":true,"max_hp_per_floor":[66,66,66,66,66,66,66,66,66,66,66,66,66,66,66,66,66,66,66,66,66,66,66,66,66,66,73,73,73,73,73,73,73,73,73,73,73,73,73,73,73,73,73,73,73,73,73,73,73,73],"card_choices":[{"not_picked":["Quick Slash","Expertise"],"picked":"Backstab","floor":1.0},{"not_picked":["Backstab","Outmaneuver"],"picked":"Backflip","floor":6.0},{"not_picked":["Dagger Spray","Slice"],"picked":"Cloak And Dagger","floor":8.0},{"not_picked":["Slice","Underhanded Strike"],"picked":"Caltrops","floor":10.0},{"not_picked":["Flying Knee","Backflip"],"picked":"Corpse Explosion","floor":11.0},{"not_picked":["Finisher","Deflect"],"picked":"Poisoned Stab","floor":12.0},{"not_picked":["Dagger Spray","Bane"],"picked":"Cloak And Dagger","floor":13.0},{"not_picked":["Flying Knee","Accuracy","Masterful Stab"],"picked":"SKIP","floor":14.0},{"not_picked":["Deadly Poison","Dagger Spray"],"picked":"Crippling Poison","floor":18.0},{"not_picked":["Deadly Poison","Sucker Punch","PiercingWail"],"picked":"SKIP","floor":21.0},{"not_picked":["Malaise","Well Laid Plans"],"picked":"After Image","floor":22.0},{"not_picked":["Dagger Spray","Reflex"],"picked":"After Image","floor":24.0},{"not_picked":["Acrobatics","PiercingWail"],"picked":"Footwork","floor":28.0},{"not_picked":["Leg Sweep","Adrenaline"],"picked":"After Image","floor":29.0},{"not_picked":["Backflip","Dagger Throw"],"picked":"Well Laid Plans","floor":30.0},{"not_picked":["Deflect","Flechettes+1","Outmaneuver"],"picked":"SKIP","floor":31.0},{"not_picked":["Venomology","Corpse Explosion"],"picked":"Adrenaline","floor":33.0},{"not_picked":["Slice","Outmaneuver"],"picked":"Blade Dance+1","floor":35},{"not_picked":["Flying Knee","Quick Slash"],"picked":"Backflip+1","floor":37},{"not_picked":["Dash","PiercingWail","Dodge and Roll"],"picked":"SKIP","floor":39},{"not_picked":["Acrobatics","Venomology","PiercingWail"],"picked":"SKIP","floor":41},{"not_picked":["Unload","Prepared"],"picked":"Poisoned Stab+1","floor":45},{"not_picked":["Bane","Blade Dance"],"picked":"Backflip+1","floor":46},{"not_picked":["Deflect","Cloak And Dagger","Prepared"],"picked":"SKIP","floor":48}],"player_experience":922623,"relics_obtained":[{"floor":4.0,"key":"Kunai"},{"floor":6.0,"key":"Lantern"},{"floor":8.0,"key":"Unceasing Top"},{"floor":9.0,"key":"MawBank"},{"floor":26.0,"key":"Old Coin"},{"floor":29.0,"key":"Potion Belt"},{"floor":41,"key":"Snake Skull"},{"floor":43,"key":"Sundial"}],"event_choices":[{"damage_healed":0.0,"max_hp_gain":0.0,"max_hp_loss":0.0,"gold_gain":75.0,"event_name":"World of Goop","player_choice":"Gather Gold","floor":2.0,"gold_loss":0.0,"damage_taken":11.0},{"damage_healed":0.0,"max_hp_gain":0.0,"max_hp_loss":0.0,"gold_gain":0.0,"event_name":"Shining Light","player_choice":"Entered Light","floor":3.0,"gold_loss":0.0,"damage_taken":20.0,"cards_upgraded":["Defend_G","Strike_G"]},{"damage_healed":0.0,"max_hp_gain":0.0,"max_hp_loss":0.0,"gold_gain":0.0,"event_name":"Scrap Ooze","player_choice":"Success","floor":5.0,"gold_loss":0.0,"damage_taken":11.0,"relics_obtained":["Anchor"]},{"damage_healed":0.0,"max_hp_gain":0.0,"max_hp_loss":0.0,"gold_gain":0.0,"event_name":"Drug Dealer","player_choice":"Inject Mutagens","floor":19.0,"gold_loss":0.0,"damage_taken":0.0,"relics_obtained":["MutagenicStrength"]},{"damage_healed":0.0,"max_hp_gain":0.0,"max_hp_loss":0.0,"gold_gain":0.0,"event_name":"N\u0027loth","player_choice":"Traded Relic","floor":20.0,"relics_lost":["MawBank"],"gold_loss":0.0,"damage_taken":0.0,"relics_obtained":["Nloth\u0027s Gift"]},{"damage_healed":0,"gold_gain":0,"player_choice":"Upgraded","damage_taken":0,"max_hp_gain":0,"max_hp_loss":0,"event_name":"Upgrade Shrine","floor":38,"gold_loss":0,"cards_upgraded":["Corpse Explosion"]}],"is_beta":false,"boss_relics":[{"not_picked":["White Beast Statue","Fusion Hammer"],"picked":"Sozu"},{"not_picked":["Tiny House","Astrolabe"],"picked":"WristBlade"}],"items_purged_floors":[27,36,42],"is_endless":false,"potions_floor_spawned":[1,6,10,13,24,29,31,33,35,39,45,46],"ascension_level":17}