{"gold_per_floor":[119,138,157,176,176,176,176,192,245,245,256,256,276,35,35,131,131,147,147,107,117,133,133,150,170,194,194,3,30,0,11,11,109,109,123,172,172,172,76,76,76],"floor_reached":41,"playtime":3033,"items_purged":[],"score":534,"play_id":"ee7374af-ac64-4dcf-8b0b-3397a46dfe0b","local_time":"20181031034156","is_ascension_mode":true,"campfire_choices":[{"data":"Calculated Gamble","floor":6,"key":"SMITH"},{"data":"Endless Agony","floor":10,"key":"SMITH"},{"data":"Dodge and Roll","floor":12,"key":"SMITH"},{"data":"Mayhem","floor":15,"key":"SMITH"},{"data":"Noxious Fumes","floor":23,"key":"SMITH"},{"data":"Infinite Blades","floor":27,"key":"SMITH"},{"data":"Envenom","floor":32,"key":"SMITH"},{"floor":40,"key":"REST"}],"neow_cost":"NONE","seed_source_timestamp":8114527653228,"circlet_count":0,"master_deck":["Defend_G+1","Defend_G+1","Defend_G","Defend_G","Defend_G","Survivor+1","Neutralize","Endless Agony+1","Dodge and Roll+1","Flying Knee","Calculated Gamble+1","Backflip","Noxious Fumes+1","Mayhem+1","Infinite Blades+1","Envenom+1","Backflip+1","Bite","Bite","Bite","Bite","Bite","Blur","Bane+1","Envenom+1","Blade Dance","Backflip","Prepared+1","Adrenaline+1","Dodge and Roll+1","Backflip","Noxious Fumes"],"relics":["Ring of the Snake","Pen Nib","War Paint","Sozu","Juzu Bracelet","Bottled Tornado","Runic Dome","Gambling Chip"],"potions_floor_usage":[8,16,16,16],"damage_taken":[{"damage":0,"enemies":"Small Slimes","floor":1,"turns":3},{"damage":0,"enemies":"2 Louse","floor":2,"turns":2},{"damage":0,"enemies":"Cultist","floor":3,"turns":4},{"damage":12,"enemies":"Exordium Wildlife","floor":4,"turns":8},{"damage":0,"enemies":"Blue Slaver","floor":8,"turns":3},{"damage":3,"enemies":"Lots of Slimes","floor":11,"turns":4},{"damage":0,"enemies":"3 Louse","floor":13,"turns":2},{"damage":15,"enemies":"Hexaghost","floor":16,"turns":9},{"damage":2,"enemies":"Chosen","floor":18,"turns":5},{"damage":0,"enemies":"Spheric Guardian","floor":21,"turns":5},{"damage":12,"enemies":"Snake Plant","floor":22,"turns":6},{"damage":11,"enemies":"Cultist and Chosen","floor":24,"turns":6},{"damage":0,"enemies":"Snecko","floor":25,"turns":5},{"damage":21,"enemies":"Slavers","floor":29,"turns":6},{"damage":8,"enemies":"Snake Plant","floor":31,"turns":5},{"damage":27,"enemies":"Champ","floor":33,"turns":10},{"damage":0,"enemies":"Orb Walker","floor":35,"turns":3},{"damage":53,"enemies":"2 Orb Walkers","floor":36,"turns":7},{"damage":52,"enemies":"Giant Head","floor":41,"turns":7}],"seed_played":"-8491553495287604428","potions_obtained":[{"floor":2,"key":"Regen Potion"},{"floor":3,"key":"SteroidPotion"},{"floor":8,"key":"Fire Potion"},{"floor":11,"key":"LiquidBronze"}],"is_trial":false,"path_per_floor":["M","M","M","M","?","R","$","M","T","R","M","R","M","$","R","B",null,"M","?","?","M","M","R","M","M","T","R","$","E","?","M","R","B",null,"M","?","$","?","$","R"],"character_chosen":"THE_SILENT","items_purchased":["Mayhem","Infinite Blades","Envenom","Blade Dance","Backflip","Noxious Fumes"],"campfire_rested":1,"item_purchase_floors":[14,14,28,28,39,39],"current_hp_per_floor":[70,70,70,58,44,44,44,44,44,44,41,41,41,41,41,41,70,68,49,49,49,47,47,41,45,45,45,45,32,32,36,36,37,49,49,6,6,6,6,20,0],"gold":76,"neow_bonus":"RANDOM_COMMON_RELIC","is_prod":false,"is_daily":false,"chose_seed":false,"campfire_upgraded":7,"win_rate":0,"timestamp":1540968116,"path_taken":["M","M","M","M","?","R","$","M","T","R","M","R","M","?","R","BOSS","M","?","?","M","M","R","?","M","T","R","$","E","?","M","R","BOSS","M","?","$","?","$","R","E"],"build_version":"2018-10-25v2","purchased_purges":0,"victory":false,"max_hp_per_floor":[70,70,70,70,70,70,70,70,70,70,70,70,70,70,70,70,70,70,49,49,49,49,49,49,49,49,49,49,49,49,49,49,49,49,49,49,49,49,49,49,49],"card_choices":[{"not_picked":["PiercingWail","Underhanded Strike"],"picked":"Endless Agony","floor":1},{"not_picked":["Heel Hook","Acrobatics"],"picked":"Dodge and Roll","floor":2},{"not_picked":["Leg Sweep","Dodge and Roll"],"picked":"Flying Knee","floor":3},{"not_picked":["Flechettes","Skewer"],"picked":"Calculated Gamble","floor":4},{"not_picked":["Unload","Heel Hook","Flechettes"],"picked":"SKIP","floor":8},{"not_picked":["Quick Slash","Sucker Punch"],"picked":"Backflip","floor":11},{"not_picked":["PiercingWail","Burst"],"picked":"Noxious Fumes","floor":13},{"not_picked":["Night Terror","Corpse Explosion"],"picked":"Envenom","floor":16},{"not_picked":["Skewer","Quick Slash"],"picked":"Backflip+1","floor":18},{"not_picked":["Dagger Throw","Terror"],"picked":"Blur","floor":21},{"not_picked":["Burst","Dagger Throw+1"],"picked":"Bane+1","floor":22},{"not_picked":["Underhanded Strike","Sucker Punch","Prepared"],"picked":"SKIP","floor":24},{"not_picked":["Deadly Poison","Prepared","Dagger Throw+1"],"picked":"SKIP","floor":25},{"not_picked":["Accuracy","Acrobatics+1"],"picked":"Backflip","floor":29},{"not_picked":["Acrobatics","Backstab+1"],"picked":"Prepared+1","floor":31},{"not_picked":["Burst","Unload"],"picked":"Adrenaline","floor":33},{"not_picked":["Slice","Outmaneuver","Backstab"],"picked":"SKIP","floor":35},{"not_picked":["Expertise","Catalyst"],"picked":"Dodge and Roll+1","floor":36}],"player_experience":199923,"relics_obtained":[{"floor":9,"key":"War Paint"},{"floor":26,"key":"Juzu Bracelet"},{"floor":29,"key":"Bottled Tornado"},{"floor":36,"key":"Gambling Chip"}],"event_choices":[{"damage_healed":0,"gold_gain":0,"player_choice":"Entered Light","damage_taken":14,"max_hp_gain":0,"max_hp_loss":0,"event_name":"Shining Light","floor":5,"gold_loss":0,"cards_upgraded":["Strike_G","Defend_G"]},{"damage_healed":0,"gold_gain":0,"player_choice":"Became a vampire","damage_taken":0,"max_hp_gain":0,"max_hp_loss":21,"event_name":"Vampires","floor":19,"gold_loss":0,"cards_obtained":["Bite","Bite","Bite","Bite","Bite"]},{"damage_healed":0,"gold_gain":0,"player_choice":"Upgrade","damage_taken":0,"max_hp_gain":0,"max_hp_loss":0,"event_name":"Designer","floor":20,"gold_loss":40,"cards_upgraded":["Envenom"]},{"damage_healed":0,"gold_gain":0,"player_choice":"Paid Fearfully","damage_taken":0,"max_hp_gain":0,"max_hp_loss":0,"event_name":"Masked Bandits","floor":30,"gold_loss":30},{"damage_healed":0,"gold_gain":0,"player_choice":"Fight","damage_taken":0,"max_hp_gain":0,"max_hp_loss":0,"event_name":"Mysterious Sphere","floor":36,"gold_loss":0},{"damage_healed":0,"gold_gain":0,"player_choice":"Upgraded","damage_taken":0,"max_hp_gain":0,"max_hp_loss":0,"event_name":"Upgrade Shrine","floor":38,"gold_loss":0,"cards_upgraded":["Adrenaline"]}],"is_beta":false,"boss_relics":[{"not_picked":["Runic Pyramid","Empty Cage"],"picked":"Sozu"},{"not_picked":["Busted Crown","Lizard Tail"],"picked":"Runic Dome"}],"items_purged_floors":[],"is_endless":false,"potions_floor_spawned":[2,3,8,11,13,21,22,24,31],"killed_by":"Giant Head","ascension_level":4}