{"gold_per_floor":[118,118,133,152,132,148,163,183,183,0,0,13,47,59,59,59],"floor_reached":16,"playtime":742,"items_purged":[],"score":131,"play_id":"119dadc1-4e42-442c-9d2c-5dd6e79bedc7","local_time":"20180915125406","is_ascension_mode":false,"campfire_choices":[{"floor":15,"key":"REST"}],"neow_cost":"PERCENT_DAMAGE","seed_source_timestamp":82932746447041,"circlet_count":0,"master_deck":["Strike_B","Strike_B","Strike_B","Strike_B","Defend_B","Defend_B","Defend_B","Defend_B","Zap","Dualcast","Ball Lightning","Hologram","Genetic Algorithm","BootSequence","Ball Lightning","Chrysalis+1","Undo+1","Self Repair","Double Energy+1"],"relics":["Cracked Core","Toxic Egg 2","Pear","Bronze Scales"],"potions_floor_usage":[13,16],"damage_taken":[{"damage":0,"enemies":"2 Louse","floor":1,"turns":3},{"damage":0,"enemies":"Cultist","floor":3,"turns":3},{"damage":0,"enemies":"Small Slimes","floor":4,"turns":2},{"damage":5,"enemies":"Exordium Thugs","floor":6,"turns":4},{"damage":16,"enemies":"Blue Slaver","floor":7,"turns":3},{"damage":0,"enemies":"3 Louse","floor":8,"turns":3},{"damage":10,"enemies":"Looter","floor":12,"turns":3},{"damage":49,"enemies":"Gremlin Nob","floor":13,"turns":5},{"damage":0,"enemies":"2 Fungi Beasts","floor":14,"turns":4},{"damage":48,"enemies":"The Guardian","floor":16,"turns":10}],"seed_played":"8090662622467936397","potions_obtained":[{"floor":4,"key":"Strength Potion"},{"floor":6,"key":"FairyPotion"},{"floor":7,"key":"GamblersBrew"},{"floor":13,"key":"FearPotion"},{"floor":14,"key":"SkillPotion"}],"is_trial":false,"path_per_floor":["M","?","M","M","?","M","M","M","T","$","?","M","E","M","R"],"character_chosen":"DEFECT","items_purchased":["Chrysalis+1"],"campfire_rested":1,"item_purchase_floors":[10],"current_hp_per_floor":[65,70,70,70,70,65,49,49,49,49,52,42,9,16,45,0],"gold":59,"neow_bonus":"TWENTY_PERCENT_HP_BONUS","is_prod":false,"is_daily":false,"chose_seed":false,"campfire_upgraded":0,"win_rate":0.0,"timestamp":1537030446,"path_taken":["M","?","M","M","?","?","M","M","T","$","?","M","E","M","R","BOSS"],"build_version":"2018-09-06","purchased_purges":0,"victory":false,"max_hp_per_floor":[89,89,89,89,89,89,89,89,89,89,99,99,99,99,99,99],"card_choices":[{"not_picked":["Scrape","Defragment"],"picked":"Cold Snap","floor":1},{"not_picked":["Streamline","Redo"],"picked":"Ball Lightning","floor":3},{"not_picked":["Cold Snap","Barrage"],"picked":"Hologram","floor":4},{"not_picked":["Conserve Battery","Go for the Eyes"],"picked":"Genetic Algorithm","floor":6},{"not_picked":["Meteor Strike","Redo"],"picked":"BootSequence","floor":7},{"not_picked":["Gash","Beam Cell"],"picked":"Ball Lightning","floor":8},{"not_picked":["Streamline","Blizzard"],"picked":"Undo+1","floor":12},{"not_picked":["Compile Driver","Turbo+1"],"picked":"Self Repair","floor":13},{"not_picked":["Ball Lightning","Stack+1"],"picked":"Double Energy+1","floor":14}],"player_experience":110115,"relics_obtained":[{"floor":9,"key":"Toxic Egg 2"},{"floor":13,"key":"Bronze Scales"}],"event_choices":[{"event_name":"Bonfire Elementals","player_choice":"COMMON","floor":2,"damage_taken":0},{"event_name":"The Woman in Blue","player_choice":"Bought 1 Potion","floor":5,"damage_taken":0},{"event_name":"Scrap Ooze","player_choice":"success","floor":11,"damage_taken":7}],"is_beta":false,"boss_relics":[],"items_purged_floors":[],"is_endless":false,"potions_floor_spawned":[4,6,7,13,14],"killed_by":"The Guardian","ascension_level":0}