{"gold_per_floor":[109,123,136,152,164,164,189,208,233,265,283,283,383,43,43,143,143,156,175,24,39,39,39,57,57,111,121,220,245,275,315,327,339],"floor_reached":33,"playtime":1713,"items_purged":["Strike_B"],"score":421,"play_id":"a0535388-7be9-4b63-b022-cbc3810c470a","local_time":"20190522142306","is_ascension_mode":true,"campfire_choices":[{"data":"Zap","floor":6.0,"key":"SMITH"},{"floor":12,"key":"REST"},{"floor":15,"key":"REST"},{"floor":23,"key":"REST"},{"floor":32,"key":"REST"}],"neow_cost":"NONE","seed_source_timestamp":642484409715693,"circlet_count":0,"master_deck":["Strike_B+1","Defend_B","Defend_B","Defend_B","Defend_B+1","Zap+1","Dualcast+1","Sunder+1","Cold Snap","Cold Snap","Ball Lightning","Sunder","Cold Snap","Hologram","Hello World+1","Coolheaded","Capacitor+1","Echo Form+1","BootSequence","Buffer+1","Glacier","Coolheaded+1","Pain","Conserve Battery","Creative AI+1","Leap","Self Repair+1"],"special_seed":0,"relics":["Cracked Core","Frozen Egg 2","DataDisk","Whetstone","Toy Ornithopter","Empty Cage","WarpedTongs","Potion Belt","MawBank","War Paint"],"potions_floor_usage":[7,10,10,11,16,29,31,33],"damage_taken":[{"damage":1.0,"enemies":"Cultist","floor":1.0,"turns":3.0},{"damage":0.0,"enemies":"Small Slimes","floor":2.0,"turns":2.0},{"damage":7.0,"enemies":"Jaw Worm","floor":3.0,"turns":3.0},{"damage":9.0,"enemies":"Red Slaver","floor":4.0,"turns":3.0},{"damage":1.0,"enemies":"2 Fungi Beasts","floor":5.0,"turns":2.0},{"damage":8,"enemies":"Gremlin Nob","floor":7,"turns":3},{"damage":5,"enemies":"Large Slime","floor":8,"turns":4},{"damage":30,"enemies":"Lagavulin","floor":10,"turns":4},{"damage":1,"enemies":"Lots of Slimes","floor":11,"turns":2},{"damage":24,"enemies":"The Guardian","floor":16,"turns":11},{"damage":18,"enemies":"Chosen","floor":18,"turns":5},{"damage":5,"enemies":"Shell Parasite","floor":19,"turns":5},{"damage":24,"enemies":"Snake Plant","floor":21,"turns":4},{"damage":4,"enemies":"Cultist and Chosen","floor":24,"turns":6},{"damage":3,"enemies":"Chosen and Byrds","floor":27,"turns":7},{"damage":26,"enemies":"Gremlin Leader","floor":29,"turns":6},{"damage":27,"enemies":"Snake Plant","floor":30,"turns":7},{"damage":8,"enemies":"Book of Stabbing","floor":31,"turns":9},{"damage":83,"enemies":"Automaton","floor":33,"turns":6}],"seed_played":"820601169792344236","potions_obtained":[{"floor":1.0,"key":"FearPotion"},{"floor":3.0,"key":"Poison Potion"},{"floor":7,"key":"FocusPotion"},{"floor":10,"key":"Energy Potion"},{"floor":11,"key":"Block Potion"},{"floor":18,"key":"FocusPotion"},{"floor":30,"key":"FocusPotion"},{"floor":31,"key":"Swift Potion"}],"is_trial":false,"path_per_floor":["M","M","M","M","M","R","E","M","T","E","M","R","?","$","R","B",null,"M","M","$","M","?","R","M","?","T","M","?","E","M","E","R","B"],"character_chosen":"DEFECT","items_purchased":["Capacitor+1","Toy Ornithopter","Buffer+1"],"campfire_rested":4,"item_purchase_floors":[14,14,20],"current_hp_per_floor":[67,67,60,51,50,50,42,37,37,7,6,28,28,28,50,31,64,46,41,41,17,42,64,60,60,60,57,57,36,9,6,28,0],"gold":339,"neow_bonus":"THREE_CARDS","is_prod":false,"is_daily":false,"chose_seed":false,"campfire_upgraded":1,"win_rate":0,"timestamp":1558549386,"path_taken":["M","M","M","M","M","R","E","M","T","E","M","R","?","$","R","BOSS","M","?","$","M","?","R","M","?","T","?","?","E","M","E","R","BOSS"],"build_version":"2019-01-23","purchased_purges":1,"victory":false,"max_hp_per_floor":[75,75,75,75,75,75,75,75,75,75,75,75,75,75,75,75,75,75,75,75,75,75,75,75,75,75,75,75,75,75,75,75,75],"card_choices":[{"not_picked":["Redo","Compile Driver"],"picked":"Sunder","floor":0.0},{"not_picked":["Undo","Conserve Battery"],"picked":"Cold Snap","floor":1.0},{"not_picked":["Rip and Tear","Go for the Eyes"],"picked":"Cold Snap","floor":2.0},{"not_picked":["White Noise","Conserve Battery"],"picked":"Ball Lightning","floor":3.0},{"not_picked":["Aggregate","Tempest"],"picked":"Sunder","floor":4.0},{"not_picked":["Streamline","Turbo"],"picked":"Cold Snap","floor":5.0},{"not_picked":["Fission","Turbo"],"picked":"Hologram","floor":7},{"not_picked":["Turbo","Reprogram","Beam Cell"],"picked":"SKIP","floor":8},{"not_picked":["Conserve Battery","Barrage"],"picked":"Hello World+1","floor":10},{"not_picked":["Beam Cell","Ball Lightning"],"picked":"Coolheaded","floor":11},{"not_picked":["Multi-Cast","Hyperbeam"],"picked":"Echo Form+1","floor":16},{"not_picked":["Melter+1","Fusion"],"picked":"BootSequence","floor":18},{"not_picked":["Cold Snap","Beam Cell+1","Redo+1"],"picked":"SKIP","floor":19},{"not_picked":["Stack+1","White Noise"],"picked":"Glacier","floor":21},{"not_picked":["Barrage","Thunder Strike"],"picked":"Coolheaded+1","floor":24},{"not_picked":["Beam Cell","Barrage"],"picked":"Conserve Battery","floor":27},{"not_picked":["Redo+1","Hologram+1"],"picked":"Creative AI+1","floor":29},{"not_picked":["Sweeping Beam","Ball Lightning+1"],"picked":"Leap","floor":30},{"not_picked":["Echo Form+1","Doom and Gloom"],"picked":"Self Repair+1","floor":31}],"player_experience":653643,"relics_obtained":[{"floor":7,"key":"Frozen Egg 2"},{"floor":9,"key":"DataDisk"},{"floor":10,"key":"Whetstone"},{"floor":26,"key":"Potion Belt"},{"floor":29,"key":"MawBank"},{"floor":31,"key":"War Paint"}],"event_choices":[{"damage_healed":0,"gold_gain":100,"player_choice":"Gold","damage_taken":0,"max_hp_gain":0,"max_hp_loss":0,"event_name":"Wheel of Change","floor":13,"gold_loss":0},{"damage_healed":25,"gold_gain":0,"player_choice":"Heal","damage_taken":0,"max_hp_gain":0,"max_hp_loss":0,"event_name":"The Library","floor":22,"gold_loss":0},{"damage_healed":0,"gold_gain":0,"player_choice":"Rummage","damage_taken":0,"relics_obtained":["WarpedTongs"],"max_hp_gain":0,"max_hp_loss":0,"event_name":"Accursed Blacksmith","floor":25,"gold_loss":0,"cards_obtained":["Pain"]},{"damage_healed":0,"gold_gain":99,"player_choice":"Stole From Cult","damage_taken":0,"max_hp_gain":0,"max_hp_loss":0,"event_name":"Nest","floor":28,"gold_loss":0}],"is_beta":false,"boss_relics":[{"not_picked":["Runic Pyramid","Busted Crown"],"picked":"Empty Cage"}],"items_purged_floors":[14],"is_endless":false,"potions_floor_spawned":[1,3,7,10,11,18,30,31],"killed_by":"Automaton","ascension_level":8}