{"gold_per_floor":[116,116,116,137,157,193,218,218,241,241,281,281,297,41,41,170,170,170,170,170,170,170,170,170,170,170,170,170,170,170,170,170,170],"floor_reached":33,"playtime":1731,"items_purged":[],"score":275,"play_id":"21318a33-0149-4409-a79f-4e7195dd18a9","local_time":"20180914205701","is_ascension_mode":false,"campfire_choices":[{"floor":8,"key":"REST"},{"data":"Endless Agony","floor":12,"key":"SMITH"},{"data":"Dagger Spray","floor":15,"key":"SMITH"},{"floor":23,"key":"REST"},{"floor":28,"key":"REST"},{"floor":32,"key":"REST"}],"neow_cost":"NONE","seed_source_timestamp":24518141184483,"circlet_count":0,"master_deck":["Defend_G","Defend_G","Defend_G","Defend_G","Defend_G","Strike_G","Strike_G","Strike_G+1","Strike_G","Survivor","Neutralize","Endless Agony","Backstab","Finisher","Quick Slash","Infinite Blades","Endless Agony+1","Slice","Dagger Spray+1","Accuracy","Bullet Time","Caltrops","Flying Knee","Caltrops","Predator","Shame","Cloak And Dagger","Predator+1","Dagger Throw"],"relics":["Ring of the Snake","Golden Idol","Potion Belt","Anchor","FaceOfCleric","Oddly Smooth Stone","Blood Vial","Ectoplasm","Question Card","Tiny Chest","Juzu Bracelet","PreservedInsect","Ginger"],"potions_floor_usage":[6,6,16,16,16,30],"damage_taken":[{"damage":0,"enemies":"Cultist","floor":1,"turns":4},{"damage":0,"enemies":"Small Slimes","floor":4,"turns":3},{"damage":0,"enemies":"2 Louse","floor":5,"turns":3},{"damage":13,"enemies":"3 Sentries","floor":6,"turns":7},{"damage":5,"enemies":"Large Slime","floor":7,"turns":5},{"damage":16,"enemies":"Lagavulin","floor":11,"turns":4},{"damage":0,"enemies":"Red Slaver","floor":13,"turns":2},{"damage":23,"enemies":"Hexaghost","floor":16,"turns":7},{"damage":0,"enemies":"Spheric Guardian","floor":18,"turns":3},{"damage":3,"enemies":"3 Byrds","floor":19,"turns":3},{"damage":34,"enemies":"3 Cultists","floor":20,"turns":5},{"damage":34,"enemies":"Snake Plant","floor":22,"turns":4},{"damage":27,"enemies":"Gremlin Leader","floor":30,"turns":6},{"damage":12,"enemies":"Centurion and Healer","floor":31,"turns":6},{"damage":74,"enemies":"Automaton","floor":33,"turns":6}],"seed_played":"3991304123491115618","potions_obtained":[{"floor":1,"key":"FearPotion"},{"floor":4,"key":"PowerPotion"},{"floor":5,"key":"Ancient Potion"},{"floor":11,"key":"SkillPotion"},{"floor":20,"key":"GhostInAJar"}],"is_trial":false,"path_per_floor":["M","?","?","M","M","E","M","R","T","?","E","R","M","$","R","B",null,"M","M","M","?","M","R","?","?","T","?","R","T","E","M","R"],"character_chosen":"THE_SILENT","items_purchased":["Accuracy","Blood Vial","Regen Potion"],"campfire_rested":4,"item_purchase_floors":[14,14,14],"current_hp_per_floor":[70,70,53,53,53,40,35,56,56,56,41,41,42,42,42,37,73,74,72,41,41,10,33,33,33,33,33,56,56,32,23,46,0],"gold":170,"neow_bonus":"TRANSFORM_CARD","is_prod":false,"is_daily":false,"chose_seed":false,"campfire_upgraded":2,"win_rate":0,"timestamp":1536973021,"path_taken":["M","?","?","M","M","E","M","R","T","?","E","R","M","$","R","BOSS","M","?","M","?","M","R","?","?","T","?","R","?","E","M","R","BOSS"],"build_version":"2018-09-06","purchased_purges":0,"victory":false,"max_hp_per_floor":[70,70,70,70,70,70,70,70,70,70,71,71,72,72,72,73,73,74,75,76,76,77,77,77,77,77,77,77,77,78,79,79,79],"card_choices":[{"not_picked":["Prepared","Flechettes"],"picked":"Backstab","floor":1},{"not_picked":["Dagger Spray","Heel Hook"],"picked":"Finisher","floor":4},{"not_picked":["Crippling Poison","Dagger Spray"],"picked":"Quick Slash","floor":5},{"not_picked":["Blade Dance","Dagger Spray"],"picked":"Infinite Blades","floor":6},{"not_picked":["Blur","Masterful Stab"],"picked":"Endless Agony","floor":7},{"not_picked":["Acrobatics","Leg Sweep"],"picked":"Slice","floor":11},{"not_picked":["PiercingWail","Crippling Poison"],"picked":"Dagger Spray","floor":13},{"not_picked":["Night Terror","Doppelganger"],"picked":"Bullet Time","floor":16},{"not_picked":["Prepared","Eviscerate"],"picked":"Caltrops","floor":18},{"not_picked":["Acrobatics","Prepared"],"picked":"Flying Knee","floor":19},{"not_picked":["Sucker Punch+1","PiercingWail"],"picked":"Caltrops","floor":20},{"not_picked":["Poisoned Stab","Deadly Poison","Dagger Spray"],"picked":"Predator","floor":22},{"not_picked":["Noxious Fumes","Choke","Night Terror"],"picked":"Predator+1","floor":30},{"not_picked":["Deflect","Dash","Bouncing Flask"],"picked":"Dagger Throw","floor":31}],"player_experience":90282,"relics_obtained":[{"floor":6,"key":"Potion Belt"},{"floor":9,"key":"Anchor"},{"floor":11,"key":"Oddly Smooth Stone"},{"floor":26,"key":"Juzu Bracelet"},{"floor":29,"key":"PreservedInsect"},{"floor":30,"key":"Ginger"}],"event_choices":[{"event_name":"Upgrade Shrine","player_choice":"Upgraded","floor":2,"damage_taken":0},{"event_name":"Golden Idol","player_choice":"Take Damage","floor":3,"damage_taken":0},{"event_name":"FaceTrader","player_choice":"Trade","floor":10,"damage_taken":0},{"event_name":"The Mausoleum","player_choice":"Yes","floor":21,"damage_taken":0},{"event_name":"Purifier","player_choice":"One Purge","floor":24,"damage_taken":0},{"event_name":"Addict","player_choice":"Stole Relic","floor":25,"damage_taken":0},{"event_name":"The Library","player_choice":"Read","floor":27,"damage_taken":0}],"is_beta":false,"boss_relics":[{"not_picked":["Ring of the Serpent","Empty Cage"],"picked":"Ectoplasm"}],"items_purged_floors":[],"is_endless":false,"potions_floor_spawned":[1,4,5,11,20],"killed_by":"Automaton","ascension_level":0}