{"gold_per_floor":[119,134,134,153,168,168,193,193,278,312,328,95,108,383,383,479,479,499,43,62,82,82,108,108,136,136,136,171,171,189,219,219,318,318,333,359,359,155,175,210,226,246,298,325,337,46,46,62,62,62],"floor_reached":50,"playtime":3584,"items_purged":[],"score":724,"play_id":"6671f18f-c304-48ef-9a4b-9bc402c467a4","local_time":"20190121122415","is_ascension_mode":true,"campfire_choices":[{"data":"Blade Dance","floor":6.0,"key":"SMITH"},{"floor":15.0,"key":"REST"},{"floor":24,"key":"REST"},{"floor":32,"key":"REST"},{"floor":47,"key":"REST"},{"floor":49,"key":"REST"}],"neow_cost":"NONE","seed_source_timestamp":0,"circlet_count":0,"master_deck":["Survivor","Neutralize","Quick Slash","Endless Agony","Blade Dance+1","Flying Knee+1","Noxious Fumes","Outmaneuver+1","Bouncing Flask+1","A Thousand Cuts","Backflip+1","Venomology+1","Caltrops","Finisher","Setup+1","Catalyst+1","Crippling Poison+1","Concentrate+1","Caltrops","Skewer","Crippling Poison+1","Blade Dance+1","Quick Slash","Secret Weapon+1","Acrobatics+1","Predator+1","Backflip+1","Phantasmal Killer+1","Dodge and Roll+1","Distraction+1","Storm of Steel+1","Doppelganger+1","All Out Attack","Endless Agony","Calculated Gamble+1","Discovery+1","Poisoned Stab+1","Cloak And Dagger+1","Backstab","Doppelganger+1","Backflip+1","Eviscerate+1","PiercingWail+1","Accuracy","Die Die Die"],"special_seed":0,"relics":["Ring of the Snake","NeowsBlessing","Toxic Egg 2","Omamori","Tiny Chest","Orichalcum","War Paint","Pandora\u0027s Box","Ornamental Fan","Lantern","Bottled Tornado","Ancient Tea Set","Strawberry","MutagenicStrength","Pocketwatch","Happy Flower","Lizard Tail","Regal Pillow","Bronze Scales","Oddly Smooth Stone","Dream Catcher","Whetstone","Pen Nib"],"potions_floor_usage":[21,23,23,25,25,25,28,31,33,39,41,41,42,42,44,44,44,44,44,44,50,50,50],"damage_taken":[{"damage":0.0,"enemies":"Cultist","floor":1.0,"turns":1.0},{"damage":0.0,"enemies":"Small Slimes","floor":2.0,"turns":1.0},{"damage":0.0,"enemies":"Jaw Worm","floor":4.0,"turns":1.0},{"damage":3.0,"enemies":"Large Slime","floor":5.0,"turns":6.0},{"damage":18.0,"enemies":"Lagavulin","floor":7.0,"turns":6.0},{"damage":31.0,"enemies":"3 Sentries","floor":10.0,"turns":8.0},{"damage":7.0,"enemies":"Exordium Thugs","floor":11.0,"turns":5.0},{"damage":0.0,"enemies":"Looter","floor":13.0,"turns":2.0},{"damage":13.0,"enemies":"Slime Boss","floor":16.0,"turns":9.0},{"damage":0,"enemies":"3 Byrds","floor":18,"turns":2},{"damage":9,"enemies":"Chosen","floor":20,"turns":5},{"damage":0,"enemies":"Snake Plant","floor":21,"turns":2},{"damage":58,"enemies":"Gremlin Leader","floor":23,"turns":5},{"damage":9,"enemies":"Book of Stabbing","floor":25,"turns":4},{"damage":6,"enemies":"Slavers","floor":28,"turns":4},{"damage":12,"enemies":"3 Cultists","floor":30,"turns":4},{"damage":0,"enemies":"Gremlin Leader","floor":31,"turns":4},{"damage":38,"enemies":"Collector","floor":33,"turns":6},{"damage":0,"enemies":"3 Shapes","floor":35,"turns":3},{"damage":1,"enemies":"Orb Walker","floor":39,"turns":2},{"damage":6,"enemies":"Reptomancer","floor":40,"turns":4},{"damage":26,"enemies":"Spire Growth","floor":41,"turns":4},{"damage":6,"enemies":"Maw","floor":42,"turns":6},{"damage":42,"enemies":"Nemesis","floor":44,"turns":7},{"damage":22,"enemies":"3 Darklings","floor":45,"turns":3},{"damage":2,"enemies":"Transient","floor":48,"turns":5},{"damage":78,"enemies":"Awakened One","floor":50,"turns":8}],"seed_played":"-7230563463092825842","potions_obtained":[{"floor":5.0,"key":"LiquidBronze"},{"floor":7.0,"key":"Ancient Potion"},{"floor":11.0,"key":"AttackPotion"},{"floor":13.0,"key":"GamblersBrew"},{"floor":20,"key":"Energy Potion"},{"floor":23,"key":"AttackPotion"},{"floor":30,"key":"FearPotion"},{"floor":35,"key":"EssenceOfSteel"},{"floor":37,"key":"SkillPotion"},{"floor":37,"key":"Explosive Potion"},{"floor":37,"key":"EntropicBrew"},{"floor":41,"key":"LiquidBronze"},{"floor":48,"key":"Poison Potion"}],"is_trial":false,"path_per_floor":["M","M","?","M","M","R","E","?","T","E","M","$","M","?","R","B",null,"M","$","M","M","T","E","R","E","T","?","E","?","M","E","R","B",null,"M","T","?","$","M","E","M","M","T","E","M","$","R","M","R","B"],"character_chosen":"THE_SILENT","items_purchased":["War Paint","A Thousand Cuts","Ornamental Fan","Quick Slash","Secret Weapon+1","Endless Agony","Calculated Gamble+1","Discovery+1","Whetstone","Pen Nib"],"campfire_rested":5,"item_purchase_floors":[12,12,19,19,19,38,38,38,46,46],"current_hp_per_floor":[70,70,70,70,67,67,49,42,42,11,4,4,4,4,25,12,70,70,70,61,61,61,8,29,20,27,27,21,21,9,9,32,7,77,77,77,77,77,76,70,44,38,38,34,12,12,50,48,77,0],"gold":62,"neow_bonus":"THREE_ENEMY_KILL","is_prod":false,"is_daily":false,"chose_seed":false,"campfire_upgraded":1,"win_rate":0,"timestamp":1548091455,"path_taken":["M","?","?","M","?","R","E","?","T","E","M","$","M","?","R","BOSS","M","$","M","M","?","E","R","E","T","?","E","?","M","E","R","BOSS","M","?","?","$","?","E","M","M","T","E","?","?","R","M","R","BOSS"],"build_version":"2019-01-17v2","purchased_purges":0,"victory":false,"max_hp_per_floor":[70,70,70,70,70,70,70,70,70,70,70,70,70,70,70,70,70,70,70,70,70,70,70,70,70,77,77,77,77,77,77,77,77,77,77,77,77,77,77,77,77,77,77,77,77,77,77,77,77,77],"card_choices":[{"not_picked":["Slice","Sucker Punch"],"picked":"Quick Slash","floor":1.0},{"not_picked":["Deflect","Reflex"],"picked":"Endless Agony","floor":2.0},{"not_picked":["Flying Knee","Poisoned Stab"],"picked":"Blade Dance","floor":4.0},{"not_picked":["Predator","Acrobatics"],"picked":"Flying Knee","floor":5.0},{"not_picked":["Infinite Blades","Setup"],"picked":"Noxious Fumes","floor":7.0},{"not_picked":["Dash","Deflect+1"],"picked":"Outmaneuver+1","floor":10.0},{"not_picked":["Poisoned Stab","Dodge and Roll+1"],"picked":"Bouncing Flask+1","floor":11.0},{"not_picked":["Underhanded Strike","Sucker Punch"],"picked":"Backflip+1","floor":13.0},{"not_picked":["A Thousand Cuts","Envenom"],"picked":"Venomology+1","floor":16.0},{"not_picked":["Dagger Spray","Eviscerate+1"],"picked":"Blade Dance+1","floor":18},{"not_picked":["Deflect+1","Poisoned Stab"],"picked":"Acrobatics+1","floor":20},{"not_picked":["Dodge and Roll+1","Poisoned Stab"],"picked":"Predator","floor":21},{"not_picked":["Tactician+1","Bouncing Flask+1"],"picked":"Backflip+1","floor":23},{"not_picked":["Dagger Throw","Cloak And Dagger+1"],"picked":"Phantasmal Killer+1","floor":25},{"not_picked":["Quick Slash","Flying Knee"],"picked":"Dodge and Roll+1","floor":28},{"not_picked":["Infinite Blades","Predator"],"picked":"Distraction+1","floor":30},{"not_picked":["Flying Knee+1","Wraith Form v2"],"picked":"Storm of Steel+1","floor":31},{"not_picked":["Grand Finale","Glass Knife"],"picked":"Doppelganger+1","floor":33},{"not_picked":["Slice","Poisoned Stab+1"],"picked":"All Out Attack","floor":35},{"not_picked":["Dagger Spray+1","Finisher"],"picked":"Poisoned Stab+1","floor":39},{"not_picked":["Prepared+1","Concentrate+1"],"picked":"Cloak And Dagger+1","floor":40},{"not_picked":["Acrobatics+1","Dagger Spray"],"picked":"Backstab","floor":41},{"not_picked":["Poisoned Stab","Slice"],"picked":"Doppelganger+1","floor":42},{"not_picked":["Dagger Spray","Dagger Throw"],"picked":"Backflip+1","floor":44},{"not_picked":["Outmaneuver+1","Flying Knee"],"picked":"Eviscerate+1","floor":45},{"not_picked":["Setup+1","Backflip+1"],"picked":"PiercingWail+1","floor":47},{"not_picked":["Blade Dance+1","Expertise+1"],"picked":"Accuracy","floor":48},{"not_picked":["Reflex+1","Dodge and Roll+1"],"picked":"Die Die Die","floor":49}],"player_experience":319715,"relics_obtained":[{"floor":7.0,"key":"Toxic Egg 2"},{"floor":9.0,"key":"Tiny Chest"},{"floor":10.0,"key":"Orichalcum"},{"floor":22,"key":"Lantern"},{"floor":23,"key":"Bottled Tornado"},{"floor":25,"key":"Ancient Tea Set"},{"floor":26,"key":"Strawberry"},{"floor":28,"key":"Pocketwatch"},{"floor":31,"key":"Happy Flower"},{"floor":36,"key":"Regal Pillow"},{"floor":40,"key":"Bronze Scales"},{"floor":43,"key":"Oddly Smooth Stone"},{"floor":44,"key":"Dream Catcher"}],"event_choices":[{"cards_removed":["Defend_G"],"damage_healed":0.0,"max_hp_gain":0.0,"max_hp_loss":0.0,"gold_gain":0.0,"event_name":"Bonfire Elementals","player_choice":"Offered Basic","floor":3.0,"gold_loss":0.0,"damage_taken":0.0},{"damage_healed":0.0,"max_hp_gain":0.0,"max_hp_loss":0.0,"gold_gain":0.0,"event_name":"Scrap Ooze","player_choice":"Success","floor":8.0,"gold_loss":0.0,"damage_taken":7.0,"relics_obtained":["Omamori"]},{"damage_healed":0.0,"max_hp_gain":0.0,"max_hp_loss":0.0,"gold_gain":275.0,"event_name":"Golden Shrine","player_choice":"Desecrate","floor":14.0,"gold_loss":0.0,"damage_taken":0.0,"cards_obtained":["Regret"]},{"damage_healed":0,"gold_gain":0,"player_choice":"Inject Mutagens","damage_taken":0,"relics_obtained":["MutagenicStrength"],"max_hp_gain":0,"max_hp_loss":0,"event_name":"Drug Dealer","floor":27,"gold_loss":0},{"damage_healed":0,"gold_gain":0,"player_choice":"0 cards matched","damage_taken":0,"max_hp_gain":0,"max_hp_loss":0,"event_name":"Match and Keep!","floor":29,"gold_loss":0,"cards_obtained":[]},{"damage_healed":0,"gold_gain":0,"player_choice":"Got Potions","damage_taken":0,"max_hp_gain":0,"max_hp_loss":0,"event_name":"Lab","floor":37,"gold_loss":0}],"is_beta":false,"boss_relics":[{"not_picked":["Coffee Dripper","Eternal Feather"],"picked":"Pandora\u0027s Box"},{"not_picked":["Tiny House","Runic Pyramid"],"picked":"Lizard Tail"}],"items_purged_floors":[],"is_endless":false,"potions_floor_spawned":[5,7,11,13,20,23,30,35,40,41,48],"killed_by":"Awakened One","ascension_level":1}