{"gold_per_floor":[111,123,136,136,86,122,122,165,165,199,127,151,151,170,170,170],"floor_reached":16,"playtime":1403,"items_purged":[],"score":138,"play_id":"af9f9811-4264-4915-b5e8-b13404eca353","local_time":"20190609162842","is_ascension_mode":true,"campfire_choices":[{"floor":7,"key":"REST"},{"data":"Sucker Punch","floor":13,"key":"SMITH"},{"floor":15,"key":"REST"}],"neow_cost":"NONE","seed_source_timestamp":1460700974851500,"circlet_count":0,"master_deck":["Defend_G","Defend_G","Defend_G","Defend_G+1","Defend_G","Strike_G","Strike_G","Strike_G","Strike_G","Strike_G","Survivor","Neutralize","Sucker Punch+1","Backflip+1","After Image","Deflect","Well Laid Plans+1","Dodge and Roll","Prepared"],"relics":["Ring of the Snake","PreservedInsect","Golden Idol","War Paint","Letter Opener","Lantern","Frozen Egg 2"],"potions_floor_usage":[6,8,10,16,16],"damage_taken":[{"damage":0,"enemies":"2 Louse","floor":1,"turns":3},{"damage":0,"enemies":"Jaw Worm","floor":2,"turns":5},{"damage":0,"enemies":"Cultist","floor":3,"turns":4},{"damage":27,"enemies":"Lagavulin","floor":6,"turns":8},{"damage":18,"enemies":"Gremlin Nob","floor":8,"turns":4},{"damage":9,"enemies":"Lagavulin","floor":10,"turns":8},{"damage":3,"enemies":"Exordium Wildlife","floor":12,"turns":9},{"damage":0,"enemies":"3 Louse","floor":14,"turns":3},{"damage":56,"enemies":"Hexaghost","floor":16,"turns":22}],"seed_played":"-163687885866470096","potions_obtained":[{"floor":1,"key":"Swift Potion"},{"floor":6,"key":"Swift Potion"},{"floor":8,"key":"Strength Potion"},{"floor":12,"key":"Block Potion"},{"floor":14,"key":"SkillPotion"}],"is_trial":false,"path_per_floor":["M","M","M","?","?","E","R","E","T","E","$","M","R","M","R","B"],"character_chosen":"THE_SILENT","items_purchased":["Well Laid Plans+1"],"campfire_rested":2,"item_purchase_floors":[11],"current_hp_per_floor":[70,70,70,70,70,43,64,46,46,37,37,34,34,34,55,0],"gold":170,"neow_bonus":"RANDOM_COMMON_RELIC","is_prod":false,"is_daily":false,"chose_seed":false,"campfire_upgraded":1,"win_rate":0,"timestamp":1560122922,"path_taken":["M","M","M","?","?","E","R","E","T","E","?","M","R","?","R","BOSS"],"build_version":"2019-01-23","purchased_purges":0,"victory":false,"max_hp_per_floor":[70,70,70,70,70,70,70,70,70,70,70,70,70,70,70,70],"card_choices":[{"not_picked":["Bouncing Flask","Dagger Throw"],"picked":"Sucker Punch","floor":1},{"not_picked":["Bouncing Flask","Slice","Sucker Punch"],"picked":"SKIP","floor":2},{"not_picked":["Leg Sweep","Deflect"],"picked":"Backflip","floor":3},{"not_picked":["Tactician","Cloak And Dagger"],"picked":"After Image","floor":6},{"not_picked":["Dagger Throw","Slice","Infinite Blades"],"picked":"SKIP","floor":8},{"not_picked":["Dodge and Roll","Skewer"],"picked":"Deflect","floor":10},{"not_picked":["Quick Slash","Outmaneuver"],"picked":"Dodge and Roll","floor":12},{"not_picked":["Doppelganger","Bouncing Flask"],"picked":"Prepared","floor":14}],"player_experience":197275,"relics_obtained":[{"floor":6,"key":"War Paint"},{"floor":8,"key":"Letter Opener"},{"floor":9,"key":"Lantern"},{"floor":10,"key":"Frozen Egg 2"}],"event_choices":[{"damage_healed":0,"gold_gain":0,"player_choice":"Take Wound","damage_taken":0,"relics_obtained":["Golden Idol"],"max_hp_gain":0,"max_hp_loss":0,"event_name":"Golden Idol","floor":4,"gold_loss":0,"cards_obtained":["Injury"]},{"cards_removed":["Injury"],"damage_healed":0,"gold_gain":0,"player_choice":"Card Removal","damage_taken":0,"max_hp_gain":0,"max_hp_loss":0,"event_name":"The Cleric","floor":5,"gold_loss":50}],"is_beta":false,"boss_relics":[],"items_purged_floors":[],"is_endless":false,"potions_floor_spawned":[1,6,8,12,14],"killed_by":"Hexaghost","ascension_level":3}