{"gold_per_floor":[117,117,128,140,159,193,193,218,218,218,218,229,254,316,316,412,412,428,448,547,561,64,64,97,109,133,146,146,146,172,192,192,295,295,310,328,328,1327,1327,1327],"floor_reached":40,"playtime":3487,"items_purged":[],"score":735,"play_id":"ab11ffe3-3780-403e-b9fd-087bbda30fe1","local_time":"20190622154319","is_ascension_mode":true,"campfire_choices":[{"floor":7,"key":"REST"},{"floor":10,"key":"REST"},{"floor":15,"key":"REST"},{"data":"Corruption","floor":23,"key":"SMITH"},{"floor":28,"key":"REST"},{"floor":32,"key":"REST"}],"neow_cost":"NONE","seed_source_timestamp":390478135848100,"circlet_count":0,"master_deck":["Strike_R","Strike_R","Strike_R","Strike_R","Strike_R","Defend_R","Defend_R","Defend_R","Defend_R","Bash","Flame Barrier","Spot Weakness","Shrug It Off","Armaments","Feel No Pain","Second Wind","Corruption+1","Cleave","Entrench","Limit Break","Uppercut+1","Rage+1","Dropkick+1","Demon Form","Limit Break","Fiend Fire","Shrug It Off","Havoc","Bludgeon","Metallicize","Dark Embrace","Doubt","Pain","Decay","Shrug It Off","Normality","Normality","Madness","Madness"],"relics":["Burning Blood","NeowsBlessing","Matryoshka","Bag of Marbles","Potion Belt","Paper Frog","Torii","Bronze Scales","White Beast Statue","Sling","Strawberry","Pantograph","Centennial Puzzle","FossilizedHelix","Darkstone Periapt","Calling Bell","Bag of Preparation","Question Card","Bird Faced Urn"],"potions_floor_usage":[14,18,21,24,25,25,30,31,31,33,35,40,40,40,40,40],"damage_taken":[{"damage":0,"enemies":"Small Slimes","floor":1,"turns":1},{"damage":0,"enemies":"Cultist","floor":3,"turns":1},{"damage":0,"enemies":"2 Louse","floor":4,"turns":1},{"damage":8,"enemies":"2 Fungi Beasts","floor":5,"turns":5},{"damage":56,"enemies":"Lagavulin","floor":6,"turns":15},{"damage":25,"enemies":"3 Sentries","floor":8,"turns":13},{"damage":4,"enemies":"Blue Slaver","floor":12,"turns":5},{"damage":21,"enemies":"Lagavulin","floor":13,"turns":8},{"damage":48,"enemies":"Gremlin Nob","floor":14,"turns":5},{"damage":14,"enemies":"Hexaghost","floor":16,"turns":9},{"damage":0,"enemies":"3 Byrds","floor":18,"turns":2},{"damage":3,"enemies":"Chosen","floor":19,"turns":7},{"damage":1,"enemies":"Snecko","floor":21,"turns":4},{"damage":24,"enemies":"Slavers","floor":24,"turns":5},{"damage":22,"enemies":"Centurion and Healer","floor":25,"turns":4},{"damage":15,"enemies":"Sentry and Sphere","floor":27,"turns":7},{"damage":24,"enemies":"Book of Stabbing","floor":30,"turns":6},{"damage":0,"enemies":"Snake Plant","floor":31,"turns":3},{"damage":23,"enemies":"Champ","floor":33,"turns":12},{"damage":5,"enemies":"Orb Walker","floor":35,"turns":5},{"damage":15,"enemies":"3 Shapes","floor":36,"turns":5},{"damage":103,"enemies":"Reptomancer","floor":40,"turns":5}],"seed_played":"-7105751556871623809","potions_obtained":[{"floor":4,"key":"Poison Potion"},{"floor":6,"key":"Ancient Potion"},{"floor":8,"key":"FearPotion"},{"floor":12,"key":"BloodPotion"},{"floor":16,"key":"SkillPotion"},{"floor":18,"key":"Fire Potion"},{"floor":19,"key":"Dexterity Potion"},{"floor":21,"key":"Block Potion"},{"floor":24,"key":"Swift Potion"},{"floor":25,"key":"Energy Potion"},{"floor":27,"key":"SkillPotion"},{"floor":30,"key":"SkillPotion"},{"floor":31,"key":"Block Potion"},{"floor":33,"key":"SkillPotion"},{"floor":35,"key":"Fire Potion"},{"floor":36,"key":"Dexterity Potion"}],"is_trial":false,"path_per_floor":["M","?","M","M","M","E","R","E","T","R","?","M","E","?","R","B",null,"M","M","?","M","$","R","E","M","T","M","R","?","E","M","R","B",null,"M","M","?","?","?","E"],"character_chosen":"IRONCLAD","items_purchased":["Demon Form","Limit Break","Sling"],"campfire_rested":5,"item_purchase_floors":[22,22,22],"current_hp_per_floor":[80,80,80,80,78,28,52,33,33,57,80,80,65,31,55,47,80,80,80,80,80,80,80,69,53,53,44,70,70,52,58,84,70,105,105,96,96,108,93,0],"gold":1327,"neow_bonus":"THREE_ENEMY_KILL","is_prod":false,"is_daily":false,"chose_seed":false,"campfire_upgraded":1,"win_rate":0,"timestamp":1561182199,"path_taken":["M","?","?","?","M","E","R","E","T","R","?","M","E","?","R","BOSS","M","M","?","M","$","R","E","M","T","M","R","?","E","M","R","BOSS","M","M","?","?","?","E"],"build_version":"2019-01-23","purchased_purges":0,"victory":false,"max_hp_per_floor":[80,80,80,80,80,80,80,80,80,80,80,80,80,80,80,80,80,80,80,80,80,80,80,87,87,87,87,87,87,87,87,87,87,105,105,105,105,117,117,117],"card_choices":[{"not_picked":["Anger","Pummel"],"picked":"Flame Barrier","floor":1},{"not_picked":["Perfected Strike","Headbutt"],"picked":"Shrug It Off","floor":3},{"not_picked":["Blood for Blood","Sword Boomerang"],"picked":"Armaments","floor":4},{"not_picked":["Clothesline","Evolve","Seeing Red"],"picked":"SKIP","floor":5},{"not_picked":["Rupture","Anger"],"picked":"Feel No Pain","floor":6},{"not_picked":["Iron Wave","Metallicize"],"picked":"Second Wind","floor":8},{"not_picked":["Headbutt","Twin Strike"],"picked":"Corruption","floor":12},{"not_picked":["Wild Strike","Pummel"],"picked":"Cleave","floor":13},{"not_picked":["True Grit","Flex"],"picked":"Entrench","floor":14},{"not_picked":["Exhume","Berserk"],"picked":"Limit Break","floor":16},{"not_picked":["Carnage+1","Headbutt"],"picked":"Uppercut+1","floor":18},{"not_picked":["Warcry","Thunderclap+1"],"picked":"Rage+1","floor":19},{"not_picked":["Headbutt","Clothesline"],"picked":"Dropkick+1","floor":21},{"not_picked":["Clash","Warcry+1"],"picked":"Fiend Fire","floor":24},{"not_picked":["Blood for Blood","Disarm"],"picked":"Shrug It Off","floor":25},{"not_picked":["Warcry","Clash"],"picked":"Havoc","floor":27},{"not_picked":["Wild Strike","Flex"],"picked":"Bludgeon","floor":30},{"not_picked":["Perfected Strike+1","Hemokinesis"],"picked":"Metallicize","floor":31},{"not_picked":["Double Tap","Brutality"],"picked":"Dark Embrace","floor":33},{"not_picked":["Uppercut","Perfected Strike+1","Burning Pact"],"picked":"Body Slam+1","floor":35},{"not_picked":["Thunderclap+1","Havoc","Sword Boomerang+1"],"picked":"Shrug It Off","floor":36}],"player_experience":129220,"relics_obtained":[{"floor":6,"key":"Matryoshka"},{"floor":8,"key":"Bag of Marbles"},{"floor":9,"key":"Potion Belt"},{"floor":9,"key":"Paper Frog"},{"floor":13,"key":"Torii"},{"floor":14,"key":"Bronze Scales"},{"floor":24,"key":"Strawberry"},{"floor":26,"key":"Pantograph"},{"floor":26,"key":"Centennial Puzzle"},{"floor":30,"key":"Darkstone Periapt"},{"floor":34,"key":"Bag of Preparation"},{"floor":34,"key":"Question Card"},{"floor":34,"key":"Bird Faced Urn"}],"event_choices":[{"damage_healed":0,"gold_gain":0,"player_choice":"1 cards matched","damage_taken":0,"max_hp_gain":0,"max_hp_loss":0,"event_name":"Match and Keep!","floor":2,"gold_loss":0,"cards_obtained":["Spot Weakness"]},{"damage_healed":26,"gold_gain":0,"player_choice":"Banana","damage_taken":0,"max_hp_gain":0,"max_hp_loss":0,"event_name":"Big Fish","floor":11,"gold_loss":0},{"damage_healed":0,"gold_gain":0,"player_choice":"Searched \u00271\u0027 times","damage_taken":0,"max_hp_gain":0,"max_hp_loss":0,"event_name":"Dead Adventurer","floor":14,"gold_loss":0},{"damage_healed":0,"gold_gain":99,"player_choice":"Stole From Cult","damage_taken":0,"max_hp_gain":0,"max_hp_loss":0,"event_name":"Nest","floor":20,"gold_loss":0},{"damage_healed":0,"gold_gain":0,"player_choice":"Opened","damage_taken":0,"relics_obtained":["FossilizedHelix"],"max_hp_gain":0,"max_hp_loss":0,"event_name":"The Mausoleum","floor":29,"gold_loss":0},{"cards_removed":["Body Slam"],"damage_healed":0,"gold_gain":0,"player_choice":"Removed Attack","damage_taken":0,"max_hp_gain":0,"max_hp_loss":0,"event_name":"Falling","floor":37,"gold_loss":0},{"damage_healed":0,"gold_gain":999,"player_choice":"Gold","damage_taken":0,"max_hp_gain":0,"max_hp_loss":0,"event_name":"MindBloom","floor":38,"gold_loss":0,"cards_obtained":["Normality","Normality"]},{"damage_healed":0,"gold_gain":0,"player_choice":"Embrace Madness","damage_taken":15,"max_hp_gain":0,"max_hp_loss":0,"event_name":"Winding Halls","floor":39,"gold_loss":0,"cards_obtained":["Madness","Madness"]}],"is_beta":false,"boss_relics":[{"not_picked":["Velvet Choker","Mark of Pain"],"picked":"White Beast Statue"},{"not_picked":["Empty Cage","Snecko Eye"],"picked":"Calling Bell"}],"items_purged_floors":[],"is_endless":false,"potions_floor_spawned":[4,6,8,12,16,18,19,21,24,25,27,30,31,33,35,36],"killed_by":"Reptomancer","ascension_level":4}