{"gold_per_floor":[112,129,69,69,85,85,96,96,121,136,136,162,162,162,162,257,257,273,273,288,311,311,311,311,311,384,408,30,30,55,70,70,160,160,181,181,199,14,35,35,35,35,35,35,73,91,105,118,118,118,118],"floor_reached":51,"playtime":3503,"items_purged":["Strike_G+1","Strike_G+1"],"score":1333,"play_id":"20470f9e-0428-413f-afde-76f849d444cb","local_time":"20190102193133","is_ascension_mode":true,"campfire_choices":[{"data":"Skewer","floor":6,"key":"SMITH"},{"data":"Noxious Fumes","floor":8,"key":"SMITH"},{"data":"Dagger Spray","floor":11,"key":"SMITH"},{"data":"Noxious Fumes","floor":15,"key":"SMITH"},{"floor":24,"key":"REST"},{"data":"Catalyst","floor":32,"key":"SMITH"},{"data":"Well Laid Plans","floor":40,"key":"SMITH"},{"data":"Burst","floor":42,"key":"SMITH"},{"floor":44,"key":"REST"},{"floor":49,"key":"REST"}],"neow_cost":"NONE","seed_source_timestamp":12319752658687,"circlet_count":0,"master_deck":["AscendersBane","Defend_G+1","Defend_G+1","Defend_G+1","Defend_G+1","Defend_G+1","Strike_G+1","Strike_G+1","Survivor","Neutralize+1","Dagger Spray+1","Noxious Fumes+1","Dash","Noxious Fumes+1","Crippling Poison","Corpse Explosion","Backflip","Dodge and Roll+1","Well Laid Plans+1","Deflect","Catalyst+1","Burst+1","Leg Sweep","Crippling Poison+1","Footwork","Catalyst"],"relics":["Ring of the Snake","Happy Flower","Bag of Preparation","Golden Idol","Lizard Tail","Orichalcum","Mummified Hand","Sozu","Molten Egg 2","FossilizedHelix"],"potions_floor_usage":[16,23,30,31,39],"damage_taken":[{"damage":6,"enemies":"Jaw Worm","floor":1,"turns":7},{"damage":0,"enemies":"2 Louse","floor":2,"turns":3},{"damage":0,"enemies":"Cultist","floor":5,"turns":3},{"damage":15,"enemies":"Lots of Slimes","floor":7,"turns":5},{"damage":0,"enemies":"2 Fungi Beasts","floor":10,"turns":3},{"damage":18,"enemies":"Lagavulin","floor":12,"turns":6},{"damage":15,"enemies":"Hexaghost","floor":16,"turns":9},{"damage":16,"enemies":"Spheric Guardian","floor":18,"turns":5},{"damage":16,"enemies":"Shell Parasite","floor":20,"turns":7},{"damage":10,"enemies":"Centurion and Healer","floor":21,"turns":6},{"damage":0,"enemies":"Colosseum Slavers","floor":23,"turns":1},{"damage":0,"enemies":"Snecko","floor":27,"turns":4},{"damage":13,"enemies":"Cultist and Chosen","floor":30,"turns":5},{"damage":0,"enemies":"Centurion and Healer","floor":31,"turns":4},{"damage":16,"enemies":"Collector","floor":33,"turns":6},{"damage":12,"enemies":"3 Darklings","floor":35,"turns":4},{"damage":0,"enemies":"Orb Walker","floor":37,"turns":4},{"damage":21,"enemies":"Jaw Worm Horde","floor":39,"turns":3},{"damage":18,"enemies":"Giant Head","floor":45,"turns":8},{"damage":2,"enemies":"Maw","floor":46,"turns":6},{"damage":18,"enemies":"Spire Growth","floor":47,"turns":6},{"damage":0,"enemies":"Sphere and 2 Shapes","floor":48,"turns":3},{"damage":33,"enemies":"Awakened One","floor":50,"turns":18},{"damage":48,"enemies":"Time Eater","floor":51,"turns":14}],"seed_played":"-4395211008685923081","potions_obtained":[{"floor":1,"key":"Ancient Potion"},{"floor":7,"key":"LiquidBronze"},{"floor":10,"key":"SmokeBomb"},{"floor":20,"key":"FearPotion"},{"floor":33,"key":"GamblersBrew"}],"is_trial":false,"path_per_floor":["M","M","?","?","M","R","M","R","T","M","R","E","?","?","R","B",null,"M","?","M","M","?","?","R","T","T","M","$","?","M","M","R","B",null,"M","?","M","$","M","R","?","R","T","R","E","M","M","M","R","B","B"],"character_chosen":"THE_SILENT","items_purchased":["Regen Potion","Well Laid Plans","Deflect","Regen Potion","Leg Sweep"],"campfire_rested":3,"item_purchase_floors":[28,28,28,28,38],"current_hp_per_floor":[53,53,53,53,53,53,38,38,38,38,38,20,20,20,20,5,46,30,30,14,4,4,4,22,22,22,22,22,22,24,38,38,22,51,39,60,60,60,39,39,39,39,39,57,39,37,19,19,37,4,0],"gold":118,"neow_bonus":"UPGRADE_CARD","is_prod":false,"is_daily":false,"chose_seed":false,"campfire_upgraded":7,"win_rate":0,"timestamp":1546468293,"path_taken":["M","M","?","?","?","R","M","R","T","?","R","E","?","?","R","BOSS","M","?","M","M","?","?","R","?","T","M","$","?","M","?","R","BOSS","M","?","?","$","M","R","?","R","T","R","E","M","M","M","R","BOSS","BOSS"],"build_version":"2018-12-20","purchased_purges":2,"victory":false,"max_hp_per_floor":[66,66,66,66,66,66,66,66,66,66,66,66,66,60,60,60,60,60,60,60,60,60,60,60,60,60,60,60,60,60,60,60,60,60,60,60,60,60,60,60,60,60,60,60,60,60,60,60,60,60,60],"card_choices":[{"not_picked":["Noxious Fumes","Poisoned Stab"],"picked":"Skewer","floor":1},{"not_picked":["Masterful Stab","Dagger Throw"],"picked":"Dagger Spray","floor":2},{"not_picked":["Quick Slash","Flying Knee"],"picked":"Noxious Fumes","floor":5},{"not_picked":["Predator","Sucker Punch"],"picked":"Dash","floor":7},{"not_picked":["Eviscerate","Quick Slash"],"picked":"Noxious Fumes","floor":10},{"not_picked":["Tactician","Dagger Throw"],"picked":"Crippling Poison","floor":12},{"not_picked":["After Image","Envenom"],"picked":"Corpse Explosion","floor":16},{"not_picked":["Finisher+1","Blade Dance","Accuracy"],"picked":"SKIP","floor":18},{"not_picked":["Underhanded Strike","Dagger Throw","Backstab"],"picked":"SKIP","floor":20},{"not_picked":["Underhanded Strike","Blade Dance"],"picked":"Dodge and Roll+1","floor":21},{"not_picked":["Prepared","Dodge and Roll","Poisoned Stab"],"picked":"SKIP","floor":27},{"not_picked":["Poisoned Stab","Underhanded Strike"],"picked":"Catalyst","floor":30},{"not_picked":["Acrobatics","Dodge and Roll","Sucker Punch"],"picked":"SKIP","floor":31},{"not_picked":["Malaise","Night Terror"],"picked":"Burst","floor":33},{"not_picked":["Predator","Dagger Throw+1","Acrobatics"],"picked":"SKIP","floor":35},{"not_picked":["Skewer+1","Slice","Dagger Throw"],"picked":"SKIP","floor":37},{"not_picked":["Outmaneuver","Underhanded Strike+1"],"picked":"Crippling Poison+1","floor":39},{"not_picked":["Acrobatics+1","Deflect"],"picked":"Footwork","floor":45},{"not_picked":["Prepared+1","Calculated Gamble","Sucker Punch+1"],"picked":"SKIP","floor":46},{"not_picked":["Deflect","Dagger Throw+1","Sucker Punch+1"],"picked":"SKIP","floor":47},{"not_picked":["Riddle With Holes+1","Venomology"],"picked":"Catalyst","floor":48}],"player_experience":661157,"relics_obtained":[{"floor":9,"key":"Happy Flower"},{"floor":12,"key":"Bag of Preparation"},{"floor":25,"key":"Orichalcum"},{"floor":26,"key":"Mummified Hand"},{"floor":43,"key":"Molten Egg 2"},{"floor":45,"key":"FossilizedHelix"}],"event_choices":[{"damage_healed":0,"gold_gain":0,"player_choice":"Left Gold","damage_taken":0,"max_hp_gain":0,"max_hp_loss":0,"event_name":"World of Goop","floor":3,"gold_loss":60},{"cards_removed":["Strike_G"],"damage_healed":0,"gold_gain":0,"player_choice":"Purged","damage_taken":0,"max_hp_gain":0,"max_hp_loss":0,"event_name":"Purifier","floor":4,"gold_loss":0},{"damage_healed":0,"gold_gain":0,"player_choice":"Ignored","damage_taken":0,"max_hp_gain":0,"max_hp_loss":0,"event_name":"Liars Game","floor":13,"gold_loss":0},{"damage_healed":0,"gold_gain":0,"player_choice":"Lose Max HP","damage_taken":0,"relics_obtained":["Golden Idol"],"max_hp_gain":0,"max_hp_loss":6,"event_name":"Golden Idol","floor":14,"gold_loss":0},{"damage_healed":0,"gold_gain":0,"player_choice":"Read","damage_taken":0,"max_hp_gain":0,"max_hp_loss":0,"event_name":"The Library","floor":19,"gold_loss":0,"cards_obtained":["Backflip"]},{"damage_healed":0,"gold_gain":0,"player_choice":"Simplicity","damage_taken":0,"max_hp_gain":0,"max_hp_loss":0,"event_name":"Back to Basics","floor":22,"gold_loss":0,"cards_upgraded":["Defend_G","Defend_G","Defend_G","Defend_G","Defend_G","Strike_G","Strike_G","Strike_G","Strike_G"]},{"damage_healed":0,"gold_gain":0,"player_choice":"Fight","damage_taken":0,"max_hp_gain":0,"max_hp_loss":0,"event_name":"Colosseum","floor":23,"gold_loss":0},{"damage_healed":0,"gold_gain":0,"player_choice":"Fled From Nobs","damage_taken":0,"max_hp_gain":0,"max_hp_loss":0,"event_name":"Colosseum","floor":23,"gold_loss":0},{"damage_healed":0,"gold_gain":0,"player_choice":"Ignored","damage_taken":0,"max_hp_gain":0,"max_hp_loss":0,"event_name":"Ghosts","floor":29,"gold_loss":0},{"cards_removed":["Skewer"],"damage_healed":21,"gold_gain":0,"player_choice":"Offered Uncommon","damage_taken":0,"max_hp_gain":0,"max_hp_loss":0,"event_name":"Bonfire Elementals","floor":36,"gold_loss":0},{"damage_healed":0,"gold_gain":0,"player_choice":"Ignored","damage_taken":0,"max_hp_gain":0,"max_hp_loss":0,"event_name":"Mysterious Sphere","floor":41,"gold_loss":0}],"is_beta":false,"boss_relics":[{"not_picked":["HoveringKite","Tiny House"],"picked":"Lizard Tail"},{"not_picked":["White Beast Statue","Fusion Hammer"],"picked":"Sozu"}],"items_purged_floors":[28,38],"is_endless":false,"potions_floor_spawned":[1,7,10,20,23,33,39,46,47],"killed_by":"Time Eater","ascension_level":20}