{"gold_per_floor":[114,129,129,304,374,393,393,412,412,431,450,2,21,40,40,165,165,184,184,203,203],"floor_reached":21,"playtime":1105,"items_purged":[],"score":225,"play_id":"634a6f02-c0f3-4a87-89d5-257b447a8a4e","local_time":"20180918205450","daily_mods":["Insanity","Binary","Night Terrors"],"is_ascension_mode":false,"campfire_choices":[{"data":"Storm of Steel","floor":7,"key":"SMITH"},{"floor":15,"key":"REST"}],"neow_cost":"","seed_source_timestamp":367639378040678,"circlet_count":0,"master_deck":["Eviscerate","Sucker Punch","Sucker Punch","Defend_G","Endless Agony","Dodge and Roll","Blur","Quick Slash","Survivor","Eviscerate","Caltrops","Bouncing Flask","Masterful Stab","Leg Sweep","Bane","Endless Agony","Reflex","Glass Knife","Expertise","Skewer","Dagger Throw","Storm of Steel+1","Doppelganger","Grand Finale","Predator","Distraction","Riddle With Holes","Neutralize","Doppelganger","Prepared","Slice","Corpse Explosion","Tactician","Dodge and Roll","Doppelganger","Quick Slash","Concentrate","Heel Hook","Malaise","Crippling Poison","Neutralize","Masterful Stab","Strike_G","Masterful Stab","Poisoned Stab","Leg Sweep","Blade Dance","Dash","Skewer","Predator","Poisoned Stab","Underhanded Strike","Injury","Doubt","Distraction","Distraction","Blur","Prepared","Sadistic Nature","Heel Hook","Flying Knee","Night Terror","Catalyst+1","Shame","Poisoned Stab"],"special_seed":17793,"relics":["Ring of the Snake","Golden Idol","The Specimen","Pantograph","Fusion Hammer","Pocketwatch"],"potions_floor_usage":[13,13,16,16],"damage_taken":[{"damage":0,"enemies":"Small Slimes","floor":1,"turns":3},{"damage":3,"enemies":"Jaw Worm","floor":2,"turns":3},{"damage":5,"enemies":"2 Louse","floor":6,"turns":2},{"damage":6,"enemies":"Looter","floor":8,"turns":2},{"damage":9,"enemies":"2 Fungi Beasts","floor":10,"turns":3},{"damage":13,"enemies":"Red Slaver","floor":11,"turns":2},{"damage":8,"enemies":"Gremlin Gang","floor":13,"turns":3},{"damage":14,"enemies":"Lots of Slimes","floor":14,"turns":4},{"damage":42,"enemies":"Hexaghost","floor":16,"turns":11},{"damage":26,"enemies":"Shell Parasite","floor":18,"turns":5},{"damage":6,"enemies":"Chosen","floor":20,"turns":5},{"damage":39,"enemies":"Snake Plant","floor":21,"turns":4}],"seed_played":"-8098322800958760619","potions_obtained":[{"floor":6,"key":"Dexterity Potion"},{"floor":8,"key":"Explosive Potion"},{"floor":11,"key":"Poison Potion"},{"floor":13,"key":"Block Potion"},{"floor":16,"key":"LiquidBronze"}],"is_trial":false,"path_per_floor":["M","M","?","?","?","M","R","M","T","M","M","$","M","M","R","B",null,"M","?","M"],"character_chosen":"THE_SILENT","items_purchased":["Pantograph","Sadistic Nature"],"campfire_rested":1,"item_purchase_floors":[12,12],"current_hp_per_floor":[70,67,67,67,67,62,62,56,56,47,34,34,26,12,65,23,65,39,39,33,0],"gold":203,"neow_bonus":"","is_prod":false,"is_daily":true,"chose_seed":false,"campfire_upgraded":1,"win_rate":0,"timestamp":1537318490,"path_taken":["M","M","?","?","?","M","R","?","T","M","?","$","?","M","R","BOSS","M","?","?","M"],"build_version":"2018-09-06","purchased_purges":0,"victory":false,"max_hp_per_floor":[70,70,70,70,70,70,70,70,70,70,70,70,70,70,65,65,65,65,65,65,65],"card_choices":[{"not_picked":["Outmaneuver"],"picked":"Poisoned Stab","floor":1},{"not_picked":["Calculated Gamble"],"picked":"Underhanded Strike","floor":2},{"not_picked":["Setup"],"picked":"Distraction","floor":6},{"not_picked":["Slice"],"picked":"Distraction","floor":8},{"not_picked":["Outmaneuver"],"picked":"Blur","floor":10},{"not_picked":["Acrobatics"],"picked":"Prepared","floor":11},{"not_picked":["Blur"],"picked":"Heel Hook","floor":13},{"not_picked":["Dagger Throw"],"picked":"Flying Knee","floor":14},{"not_picked":["Grand Finale"],"picked":"Night Terror","floor":16},{"not_picked":["Backflip"],"picked":"Catalyst+1","floor":18},{"not_picked":["Flechettes+1"],"picked":"Poisoned Stab","floor":20}],"player_experience":141153,"relics_obtained":[{"floor":9,"key":"The Specimen"}],"event_choices":[{"event_name":"Golden Idol","player_choice":"Take Wound","floor":3,"damage_taken":0},{"event_name":"Liars Game","player_choice":"agreed","floor":4,"damage_taken":0},{"event_name":"Golden Wing","player_choice":"Gained Gold","floor":5,"damage_taken":0},{"event_name":"Addict","player_choice":"Stole Relic","floor":19,"damage_taken":0}],"is_beta":false,"boss_relics":[{"not_picked":["Cursed Key","Ectoplasm"],"picked":"Fusion Hammer"}],"items_purged_floors":[],"is_endless":false,"potions_floor_spawned":[6,8,11,13,16],"killed_by":"Snake Plant","ascension_level":0}