{"gold_per_floor":[119,129,141,155,169,169,201,201,274,306,306,30,30,44,44,44],"floor_reached":16,"playtime":622,"items_purged":[],"score":224,"play_id":"abb464b3-2912-496f-be26-7f808b4d931b","local_time":"20190125022308","is_ascension_mode":true,"campfire_choices":[{"data":"Immolate","floor":6,"key":"SMITH"},{"data":"Uppercut","floor":8,"key":"SMITH"},{"data":"Havoc","floor":11,"key":"SMITH"},{"floor":15,"key":"REST"}],"neow_cost":"NONE","seed_source_timestamp":28893683126503,"circlet_count":0,"master_deck":["AscendersBane","Strike_R","Strike_R","Strike_R","Strike_R","Defend_R","Defend_R","Defend_R","Defend_R","Bash","Deep Breath","Havoc+1","Anger","Thunderclap","Immolate+1","Uppercut+1","Metallicize","Blood for Blood+1"],"relics":["Burning Blood","Question Card","Gremlin Horn","Bird Faced Urn","Molten Egg 2"],"potions_floor_usage":[7,10,16],"damage_taken":[{"damage":9,"enemies":"Jaw Worm","floor":1,"turns":4},{"damage":12,"enemies":"Cultist","floor":2,"turns":4},{"damage":9,"enemies":"Small Slimes","floor":3,"turns":4},{"damage":7,"enemies":"Looter","floor":4,"turns":4},{"damage":12,"enemies":"Large Slime","floor":5,"turns":5},{"damage":8,"enemies":"Gremlin Nob","floor":7,"turns":3},{"damage":30,"enemies":"Lagavulin","floor":10,"turns":5},{"damage":9,"enemies":"Red Slaver","floor":14,"turns":2},{"damage":50,"enemies":"The Guardian","floor":16,"turns":12}],"seed_played":"7546273668711542053","potions_obtained":[{"floor":1,"key":"Strength Potion"},{"floor":3,"key":"Fire Potion"},{"floor":14,"key":"SteroidPotion"}],"is_trial":false,"path_per_floor":["M","M","M","M","M","R","E","R","T","E","R","$","?","M","R","B"],"character_chosen":"IRONCLAD","items_purchased":["Molten Egg 2"],"campfire_rested":1,"item_purchase_floors":[12],"current_hp_per_floor":[65,59,56,55,49,49,47,47,47,23,23,23,23,20,42,0],"gold":44,"neow_bonus":"RANDOM_COLORLESS","is_prod":false,"is_daily":false,"chose_seed":false,"campfire_upgraded":3,"win_rate":0,"timestamp":1548393788,"path_taken":["M","M","M","M","M","R","E","R","T","E","R","$","?","?","R","BOSS"],"build_version":"2019-01-23","purchased_purges":0,"victory":false,"max_hp_per_floor":[75,75,75,75,75,75,75,75,75,75,75,75,75,75,75,75],"card_choices":[{"not_picked":["True Grit","Clash"],"picked":"Havoc","floor":1},{"not_picked":["Offering","Heavy Blade"],"picked":"Anger","floor":2},{"not_picked":["Entrench","Fire Breathing","Perfected Strike"],"picked":"SKIP","floor":3},{"not_picked":["Anger","Fire Breathing"],"picked":"Thunderclap","floor":4},{"not_picked":["Dropkick","Cleave"],"picked":"Immolate","floor":5},{"not_picked":["Sword Boomerang","Iron Wave"],"picked":"Uppercut","floor":7},{"not_picked":["Flex","Flame Barrier","Dropkick"],"picked":"Metallicize","floor":10},{"not_picked":["Uppercut+1","Searing Blow+1","Warcry","Heavy Blade+1"],"picked":"SKIP","floor":14}],"player_experience":774899,"relics_obtained":[{"floor":7,"key":"Question Card"},{"floor":9,"key":"Gremlin Horn"},{"floor":10,"key":"Bird Faced Urn"}],"event_choices":[{"damage_healed":0,"gold_gain":0,"cards_transformed":["Strike_R"],"player_choice":"Transformed","damage_taken":0,"max_hp_gain":0,"max_hp_loss":0,"event_name":"Transmorgrifier","floor":13,"gold_loss":0,"cards_obtained":["Blood for Blood"]}],"is_beta":false,"boss_relics":[],"items_purged_floors":[],"is_endless":false,"potions_floor_spawned":[1,3,14],"killed_by":"The Guardian","ascension_level":20}