{"gold_per_floor":[116,126,141,153,164,164,164,194,194,194,194,209,209,225,225,225],"floor_reached":16,"playtime":929,"items_purged":[],"score":192,"play_id":"5502678b-f2cf-45eb-8b23-ae585ed79c6a","local_time":"20181221162747","is_ascension_mode":true,"campfire_choices":[{"data":"Terror","floor":6,"key":"SMITH"},{"floor":10,"key":"REST"},{"floor":13,"key":"REST"},{"floor":15,"key":"REST"}],"neow_cost":"NONE","seed_source_timestamp":2161135735562,"circlet_count":0,"master_deck":["AscendersBane","Defend_G","Defend_G","Defend_G","Defend_G","Defend_G","Strike_G","Strike_G","Strike_G","Strike_G","Strike_G","Survivor","Neutralize","Flying Knee","Prepared","Terror+1","Bouncing Flask","Cloak And Dagger","Adrenaline","Endless Agony","Deadly Poison+1"],"relics":["Ring of the Snake","Blood Vial","Turnip","Bag of Marbles","Toxic Egg 2"],"potions_floor_usage":[12,12],"damage_taken":[{"damage":6,"enemies":"Cultist","floor":1,"turns":5},{"damage":6,"enemies":"Jaw Worm","floor":2,"turns":8},{"damage":3,"enemies":"2 Louse","floor":3,"turns":4},{"damage":19,"enemies":"Large Slime","floor":4,"turns":12},{"damage":5,"enemies":"Blue Slaver","floor":5,"turns":3},{"damage":30,"enemies":"Gremlin Nob","floor":8,"turns":4},{"damage":16,"enemies":"Gremlin Gang","floor":12,"turns":3},{"damage":0,"enemies":"Looter","floor":14,"turns":2},{"damage":55,"enemies":"Slime Boss","floor":16,"turns":9}],"seed_played":"-3402791603393789717","potions_obtained":[{"floor":2,"key":"PowerPotion"},{"floor":3,"key":"EssenceOfSteel"}],"is_trial":false,"path_per_floor":["M","M","M","M","M","R","?","E","T","R","?","M","R","M","R","B"],"character_chosen":"THE_SILENT","items_purchased":[],"campfire_rested":3,"item_purchase_floors":[],"current_hp_per_floor":[55,51,50,33,30,30,30,2,2,21,21,7,26,28,47,0],"gold":225,"neow_bonus":"RANDOM_COMMON_RELIC","is_prod":false,"is_daily":false,"chose_seed":false,"campfire_upgraded":1,"win_rate":0,"timestamp":1545420467,"path_taken":["M","?","M","M","M","R","?","E","T","R","?","M","R","M","R","BOSS"],"build_version":"2018-12-20","purchased_purges":0,"victory":false,"max_hp_per_floor":[66,66,66,66,66,66,66,66,66,66,66,66,66,66,66,66],"card_choices":[{"not_picked":["Bouncing Flask","Masterful Stab"],"picked":"Flying Knee","floor":1},{"not_picked":["PiercingWail","Outmaneuver"],"picked":"Prepared","floor":2},{"not_picked":["Bane","Prepared"],"picked":"Terror","floor":3},{"not_picked":["Calculated Gamble","Flying Knee"],"picked":"Bouncing Flask","floor":4},{"not_picked":["Catalyst","Tactician"],"picked":"Cloak And Dagger","floor":5},{"not_picked":["Backflip","Quick Slash"],"picked":"Adrenaline","floor":8},{"not_picked":["Slice","Bane"],"picked":"Endless Agony","floor":12},{"not_picked":["Expertise+1","Acrobatics+1"],"picked":"Deadly Poison+1","floor":14}],"player_experience":585223,"relics_obtained":[{"floor":8,"key":"Bag of Marbles"},{"floor":9,"key":"Toxic Egg 2"}],"event_choices":[{"damage_healed":0,"gold_gain":0,"player_choice":"Searched \u00271\u0027 times","damage_taken":0,"relics_obtained":["Turnip"],"max_hp_gain":0,"max_hp_loss":0,"event_name":"Dead Adventurer","floor":7,"gold_loss":0},{"damage_healed":0,"gold_gain":0,"player_choice":"Ignored","damage_taken":0,"max_hp_gain":0,"max_hp_loss":0,"event_name":"Liars Game","floor":11,"gold_loss":0}],"is_beta":false,"boss_relics":[],"items_purged_floors":[],"is_endless":false,"potions_floor_spawned":[2,3],"killed_by":"Slime Boss","ascension_level":17}