{"gold_per_floor":[131,143,105,117,304,356,392,420,459,490,523,535,17,37,37,37],"floor_reached":16,"playtime":416,"items_purged":[],"score":128,"play_id":"0b78a693-8c09-4e6b-952a-abbb740de1b2","local_time":"20180923105506","is_ascension_mode":true,"campfire_choices":[{"floor":12.0,"key":"REST"},{"floor":15,"key":"REST"}],"neow_cost":"NONE","seed_source_timestamp":0,"circlet_count":0,"master_deck":["Strike_B","Strike_B","Strike_B","Strike_B","Defend_B","Defend_B","Defend_B","Defend_B","Zap","Dualcast","FTL","Regret","Doubt","Leap","Core Surge","Conserve Battery","Redo","Defragment","Genetic Algorithm","Self Repair"],"special_seed":0,"relics":["Cracked Core","MawBank","Golden Idol","DataDisk","Question Card","Bag of Marbles","Pear","ClockworkSouvenir"],"potions_floor_usage":[],"damage_taken":[{"damage":0.0,"enemies":"Small Slimes","floor":1.0,"turns":2.0},{"damage":31.0,"enemies":"Lagavulin","floor":6.0,"turns":6.0},{"damage":2.0,"enemies":"2 Louse","floor":7.0,"turns":2.0},{"damage":5.0,"enemies":"Jaw Worm","floor":8.0,"turns":3.0},{"damage":6.0,"enemies":"2 Fungi Beasts","floor":10.0,"turns":2.0},{"damage":7.0,"enemies":"Exordium Thugs","floor":11.0,"turns":4.0},{"damage":10.0,"enemies":"Red Slaver","floor":14.0,"turns":3.0},{"damage":72,"enemies":"Hexaghost","floor":16,"turns":10}],"seed_played":"2116485583902417096","potions_obtained":[{"floor":1.0,"key":"Poison Potion"},{"floor":7.0,"key":"Strength Potion"}],"is_trial":false,"path_per_floor":["M","?","?","?","?","E","M","M","T","M","M","R","$","M","R"],"character_chosen":"DEFECT","items_purchased":["Pear","ClockworkSouvenir","Genetic Algorithm"],"campfire_rested":2,"item_purchase_floors":[13,13,13],"current_hp_per_floor":[75,75,75,75,75,44,42,37,37,31,24,46,56,46,71,0],"gold":37,"neow_bonus":"RANDOM_COMMON_RELIC","is_prod":false,"is_daily":false,"chose_seed":false,"campfire_upgraded":0,"win_rate":0,"timestamp":1537714506,"path_taken":["M","?","?","?","?","E","M","M","T","M","M","R","?","M","R","BOSS"],"build_version":"2018-09-20","purchased_purges":0,"victory":false,"max_hp_per_floor":[75,75,75,75,75,75,75,75,75,75,75,75,85,85,85,85],"card_choices":[{"not_picked":["Rip and Tear","Aggregate"],"picked":"FTL","floor":1.0},{"not_picked":["Streamline","Undo"],"picked":"Leap","floor":6.0},{"not_picked":["Gash","Beam Cell","Steam"],"picked":"Core Surge","floor":7.0},{"not_picked":["Beam Cell","Hologram","Tempest"],"picked":"Conserve Battery","floor":8.0},{"not_picked":["Steam","Hologram","Reboot"],"picked":"Redo","floor":10.0},{"not_picked":["Compile Driver","Beam Cell","Streamline"],"picked":"Defragment","floor":11.0},{"not_picked":["Leap","Hologram","Coolheaded"],"picked":"Self Repair","floor":14}],"player_experience":177561,"relics_obtained":[{"floor":6.0,"key":"Question Card"},{"floor":9.0,"key":"Bag of Marbles"}],"event_choices":[{"event_name":"Golden Idol","player_choice":"Take Wound","floor":2.0,"damage_taken":0.0},{"event_name":"The Cleric","player_choice":"Card Removal","floor":3.0,"damage_taken":0.0},{"event_name":"Big Fish","player_choice":"Box","floor":4.0,"damage_taken":0.0},{"event_name":"Liars Game","player_choice":"agreed","floor":5.0,"damage_taken":0.0}],"is_beta":false,"boss_relics":[],"items_purged_floors":[],"is_endless":false,"potions_floor_spawned":[1,7],"killed_by":"Hexaghost","ascension_level":5}