{"gold_per_floor":[110,127,143,143,29,29,56,68,127,157,169,215,227,339,351,468,480,505,497,527,539],"floor_reached":21,"playtime":1471,"items_purged":["Pain"],"score":198,"play_id":"7e16368e-254c-4a39-b9d6-9098a072bcbc","local_time":"20190117005012","is_ascension_mode":true,"campfire_choices":[{"floor":6,"key":"RECALL"},{"floor":8,"key":"REST"},{"floor":13,"key":"REST"},{"data":"Inflame","floor":15,"key":"SMITH"}],"neow_cost":"CURSE","seed_source_timestamp":680211040138670,"circlet_count":0,"master_deck":["Strike_R","Strike_R","Strike_R","Strike_R","Defend_R","Defend_R","Defend_R","Bash","Spot Weakness","Bloodletting","Cleave","Inflame+1","Double Tap","Fire Breathing","Juggernaut","Headbutt","Heavy Blade","Flex"],"relics":["Burning Blood","Bird Faced Urn","MawBank","Anchor","Bag of Preparation","Bronze Scales","Empty Cage"],"potions_floor_usage":[7,16,21,21,21],"damage_taken":[{"damage":20,"enemies":"Jaw Worm","floor":1,"turns":5},{"damage":13,"enemies":"2 Louse","floor":2,"turns":4},{"damage":13,"enemies":"Cultist","floor":3,"turns":6},{"damage":26,"enemies":"Lagavulin","floor":7,"turns":6},{"damage":0,"enemies":"3 Louse","floor":10,"turns":2},{"damage":30,"enemies":"3 Sentries","floor":12,"turns":7},{"damage":33,"enemies":"Slime Boss","floor":16,"turns":8},{"damage":23,"enemies":"3 Byrds","floor":18,"turns":3},{"damage":20,"enemies":"2 Thieves","floor":19,"turns":4},{"damage":32,"enemies":"Snake Plant","floor":20,"turns":3},{"damage":37,"enemies":"Centurion and Healer","floor":21,"turns":5}],"seed_played":"8906398566778435351","potions_obtained":[{"floor":2,"key":"Regen Potion"},{"floor":3,"key":"Regen Potion"},{"floor":10,"key":"Energy Potion"},{"floor":12,"key":"SpeedPotion"},{"floor":16,"key":"Strength Potion"},{"floor":20,"key":"Swift Potion"}],"is_trial":false,"path_per_floor":["M","M","M","?","$","R","E","R","T","M","?","E","R","?","R","B",null,"M","M","M","M"],"character_chosen":"IRONCLAD","items_purchased":["Inflame"],"campfire_rested":2,"item_purchase_floors":[5],"current_hp_per_floor":[66,59,52,52,52,52,49,73,73,79,72,50,74,74,74,63,80,65,55,31,0],"gold":539,"neow_bonus":"ONE_RARE_RELIC","is_prod":false,"is_daily":false,"chose_seed":false,"campfire_upgraded":1,"win_rate":0,"timestamp":1547704212,"path_taken":["M","M","M","?","$","R","E","R","T","M","?","E","R","?","R","BOSS","M","M","M","M"],"build_version":"2019-01-10","purchased_purges":1,"victory":false,"max_hp_per_floor":[80,80,80,80,80,80,80,80,80,80,80,80,80,80,80,80,80,80,80,80,80],"card_choices":[{"not_picked":["Dropkick","Armaments"],"picked":"Spot Weakness","floor":1},{"not_picked":["Clash","Body Slam"],"picked":"Bloodletting","floor":2},{"not_picked":["Power Through","Warcry"],"picked":"Cleave","floor":3},{"not_picked":["Feel No Pain","Headbutt"],"picked":"Double Tap","floor":7},{"not_picked":["True Grit","Twin Strike","Thunderclap"],"picked":"SKIP","floor":10},{"not_picked":["Reckless Charge","Pummel"],"picked":"Fire Breathing","floor":12},{"not_picked":["Dark Embrace","Fiend Fire"],"picked":"Juggernaut","floor":16},{"not_picked":["Flame Barrier","Second Wind"],"picked":"Headbutt","floor":18},{"not_picked":["Anger","Hemokinesis"],"picked":"Heavy Blade","floor":19},{"not_picked":["Perfected Strike","Thunderclap+1"],"picked":"Flex","floor":20}],"player_experience":79245,"relics_obtained":[{"floor":7,"key":"MawBank"},{"floor":9,"key":"Anchor"},{"floor":12,"key":"Bronze Scales"}],"event_choices":[{"damage_healed":0,"gold_gain":0,"player_choice":"Ignored","damage_taken":0,"max_hp_gain":0,"max_hp_loss":0,"event_name":"Liars Game","floor":4,"gold_loss":0},{"damage_healed":0,"gold_gain":0,"player_choice":"Success","damage_taken":7,"relics_obtained":["Bag of Preparation"],"max_hp_gain":0,"max_hp_loss":0,"event_name":"Scrap Ooze","floor":11,"gold_loss":0},{"damage_healed":0,"gold_gain":100,"player_choice":"Pray","damage_taken":0,"max_hp_gain":0,"max_hp_loss":0,"event_name":"Golden Shrine","floor":14,"gold_loss":0}],"is_beta":false,"boss_relics":[{"not_picked":["Runic Pyramid","Eternal Feather"],"picked":"Empty Cage"}],"items_purged_floors":[5],"is_endless":false,"potions_floor_spawned":[2,3,10,12,16,20],"killed_by":"Centurion and Healer","ascension_level":1}