{"gold_per_floor":[119,137,137,21,32,61,61,76,102,27,27,55,74,74,74,169,169,185,197,208,224,224,224,238,238,238,5,5,5,5],"floor_reached":30,"playtime":1419,"items_purged":["Strike_G","Strike_G"],"score":348,"play_id":"68d63ce5-921c-4bbe-a036-ea83abe0c448","local_time":"20181109190247","is_ascension_mode":true,"campfire_choices":[{"data":"Blade Dance","floor":7,"key":"SMITH"},{"data":"Cloak And Dagger","floor":11,"key":"SMITH"},{"floor":15,"key":"REST"},{"data":"Cloak And Dagger","floor":23,"key":"SMITH"},{"data":"A Thousand Cuts","floor":25,"key":"SMITH"},{"data":"Accuracy","floor":28,"key":"SMITH"}],"neow_cost":"NONE","seed_source_timestamp":9167656803569,"circlet_count":0,"master_deck":["Defend_G","Defend_G","Defend_G","Defend_G","Defend_G","Strike_G","Strike_G","Survivor","Neutralize","Skewer","Blade Dance+1","Backstab","Dash","Cloak And Dagger+1","Terror","Accuracy+1","Dagger Throw","Backflip","A Thousand Cuts+1","Blade Dance","Acrobatics","Cloak And Dagger+1","Finisher","Cloak And Dagger","Blur"],"relics":["Ring of the Snake","GremlinMask","Vajra","Juzu Bracelet","Omamori","Sozu","Paper Crane"],"potions_floor_usage":[16,21,29],"damage_taken":[{"damage":0,"enemies":"Cultist","floor":1,"turns":4},{"damage":4,"enemies":"2 Louse","floor":2,"turns":3},{"damage":2,"enemies":"Small Slimes","floor":5,"turns":4},{"damage":25,"enemies":"Gremlin Nob","floor":6,"turns":4},{"damage":0,"enemies":"Looter","floor":8,"turns":3},{"damage":2,"enemies":"3 Sentries","floor":12,"turns":7},{"damage":6,"enemies":"Lots of Slimes","floor":13,"turns":6},{"damage":21,"enemies":"Hexaghost","floor":16,"turns":9},{"damage":6,"enemies":"3 Byrds","floor":18,"turns":5},{"damage":0,"enemies":"Spheric Guardian","floor":19,"turns":3},{"damage":0,"enemies":"Snecko","floor":20,"turns":3},{"damage":11,"enemies":"Centurion and Healer","floor":21,"turns":3},{"damage":8,"enemies":"Snake Plant","floor":24,"turns":4},{"damage":16,"enemies":"Colosseum Slavers","floor":29,"turns":6},{"damage":32,"enemies":"Cultist and Chosen","floor":30,"turns":4}],"seed_played":"7446072627586086759","potions_obtained":[{"floor":1,"key":"Dexterity Potion"},{"floor":8,"key":"SteroidPotion"},{"floor":12,"key":"Fire Potion"}],"is_trial":false,"path_per_floor":["M","M","?","$","M","E","R","M","T","$","R","E","M","?","R","B",null,"M","M","M","M","?","R","M","R","T","$","R","?","M"],"character_chosen":"THE_SILENT","items_purchased":["Dash","Cloak And Dagger","Cloak And Dagger","Blur"],"campfire_rested":1,"item_purchase_floors":[4,4,27,27],"current_hp_per_floor":[63,59,59,59,57,32,32,32,32,32,32,30,24,17,38,17,57,51,51,51,40,40,40,32,32,32,32,32,16,0],"gold":5,"neow_bonus":"TRANSFORM_CARD","is_prod":false,"is_daily":false,"chose_seed":false,"campfire_upgraded":5,"win_rate":0,"timestamp":1541800967,"path_taken":["M","M","?","?","M","E","R","M","T","$","R","E","M","?","R","BOSS","M","M","M","M","?","R","M","R","T","$","R","?","M"],"build_version":"2018-11-08","purchased_purges":2,"victory":false,"max_hp_per_floor":[70,70,70,70,70,70,70,70,70,70,70,70,70,70,70,70,70,70,70,70,70,70,70,70,70,70,70,70,70,70],"card_choices":[{"not_picked":["Setup","Deflect"],"picked":"Blade Dance","floor":1},{"not_picked":["Bane","Quick Slash"],"picked":"Backstab","floor":2},{"not_picked":["Expertise","Flying Knee"],"picked":"Terror","floor":5},{"not_picked":["Unload","Dagger Throw"],"picked":"Accuracy","floor":6},{"not_picked":["Slice","PiercingWail","Outmaneuver"],"picked":"SKIP","floor":8},{"not_picked":["Expertise","Setup"],"picked":"Dagger Throw","floor":12},{"not_picked":["Prepared","Caltrops"],"picked":"Backflip","floor":13},{"not_picked":["Unload","Burst"],"picked":"A Thousand Cuts","floor":16},{"not_picked":["PiercingWail","Flechettes+1"],"picked":"Blade Dance","floor":18},{"not_picked":["Bane+1","Concentrate"],"picked":"Acrobatics","floor":19},{"not_picked":["Dagger Throw","Eviscerate","Endless Agony+1"],"picked":"SKIP","floor":20},{"not_picked":["Acrobatics","Quick Slash","Predator"],"picked":"SKIP","floor":21},{"not_picked":["Finisher","Deadly Poison","Dagger Throw"],"picked":"SKIP","floor":24},{"not_picked":["Deadly Poison","Dagger Throw"],"picked":"Finisher","floor":24}],"player_experience":333397,"relics_obtained":[{"floor":6,"key":"Vajra"},{"floor":9,"key":"Juzu Bracelet"},{"floor":12,"key":"Omamori"},{"floor":26,"key":"Paper Crane"}],"event_choices":[{"damage_healed":0,"gold_gain":0,"player_choice":"Trade","damage_taken":0,"relics_obtained":["GremlinMask"],"max_hp_gain":0,"max_hp_loss":0,"event_name":"FaceTrader","floor":3,"gold_loss":0},{"damage_healed":0,"gold_gain":0,"player_choice":"Damaged","damage_taken":7,"max_hp_gain":0,"max_hp_loss":0,"event_name":"Wheel of Change","floor":14,"gold_loss":0},{"damage_healed":0,"gold_gain":0,"player_choice":"Read","damage_taken":0,"max_hp_gain":0,"max_hp_loss":0,"event_name":"The Library","floor":22,"gold_loss":0,"cards_obtained":["Cloak And Dagger"]},{"damage_healed":0,"gold_gain":0,"player_choice":"Fight","damage_taken":0,"max_hp_gain":0,"max_hp_loss":0,"event_name":"Colosseum","floor":29,"gold_loss":0},{"damage_healed":0,"gold_gain":0,"player_choice":"Fled From Nobs","damage_taken":0,"max_hp_gain":0,"max_hp_loss":0,"event_name":"Colosseum","floor":29,"gold_loss":0}],"is_beta":false,"boss_relics":[{"not_picked":["Astrolabe","Calling Bell"],"picked":"Sozu"}],"items_purged_floors":[10,27],"is_endless":false,"potions_floor_spawned":[1,8,12,19,21,24],"killed_by":"Cultist and Chosen","ascension_level":9}