{"gold_per_floor":[118,118,128,147,158,193,193,173,173,192,207,222,236,17,17,116,116,128,139,139,139,149,149,183,183,183,183],"floor_reached":27,"playtime":1379,"items_purged":[],"score":284,"play_id":"a3eaa7d1-f62e-473b-a8ef-82a778e45b73","local_time":"20181201233626","is_ascension_mode":true,"campfire_choices":[{"floor":7,"key":"REST"},{"floor":15,"key":"REST"},{"floor":23,"key":"REST"},{"floor":25,"key":"REST"}],"neow_cost":"CURSE","seed_source_timestamp":5460807813304491,"circlet_count":0,"master_deck":["Strike_B","Strike_B","Strike_B","Strike_B","Defend_B","Defend_B","Defend_B","Defend_B","Zap","Dualcast","Deep Breath","Enlightenment+1","Parasite","Go for the Eyes","Glacier","Genetic Algorithm","Ball Lightning","Conserve Battery","Force Field","Self Repair","Chaos","Streamline","Coolheaded","Auto Shields","Conserve Battery","Ball Lightning+1","Ball Lightning","Pain"],"relics":["Cracked Core","Kunai","Sundial","TheAbacus","Cursed Key","Bottled Lightning","Pen Nib"],"potions_floor_usage":[11,13,16,16,16,22,27],"damage_taken":[{"damage":0,"enemies":"Small Slimes","floor":1,"turns":3},{"damage":0,"enemies":"Cultist","floor":3,"turns":3},{"damage":2,"enemies":"2 Louse","floor":4,"turns":3},{"damage":8,"enemies":"Red Slaver","floor":5,"turns":4},{"damage":24,"enemies":"Lagavulin","floor":6,"turns":8},{"damage":6,"enemies":"Exordium Wildlife","floor":10,"turns":6},{"damage":5,"enemies":"Gremlin Gang","floor":11,"turns":3},{"damage":2,"enemies":"2 Fungi Beasts","floor":12,"turns":4},{"damage":6,"enemies":"Blue Slaver","floor":13,"turns":3},{"damage":51,"enemies":"Hexaghost","floor":16,"turns":11},{"damage":30,"enemies":"2 Thieves","floor":18,"turns":4},{"damage":12,"enemies":"Shell Parasite","floor":19,"turns":10},{"damage":28,"enemies":"Snake Plant","floor":22,"turns":6},{"damage":55,"enemies":"Book of Stabbing","floor":24,"turns":9},{"damage":66,"enemies":"Centurion and Healer","floor":27,"turns":13}],"seed_played":"5288242266695111093","potions_obtained":[{"floor":1,"key":"Explosive Potion"},{"floor":6,"key":"Fire Potion"},{"floor":8,"key":"GamblersBrew"},{"floor":11,"key":"Poison Potion"},{"floor":12,"key":"AttackPotion"},{"floor":13,"key":"SteroidPotion"},{"floor":19,"key":"Fire Potion"},{"floor":24,"key":"SkillPotion"}],"is_trial":false,"path_per_floor":["M","?","M","M","M","E","R","?","T","M","M","M","M","$","R","B",null,"M","M","$","?","M","R","E","R","T","M"],"character_chosen":"DEFECT","items_purchased":["TheAbacus","Coolheaded"],"campfire_rested":4,"item_purchase_floors":[14,14],"current_hp_per_floor":[75,75,75,73,65,41,63,63,63,57,52,57,58,58,75,31,75,52,47,47,85,57,82,34,59,59,0],"gold":183,"neow_bonus":"RANDOM_COLORLESS_2","is_prod":false,"is_daily":false,"chose_seed":false,"campfire_upgraded":0,"win_rate":0,"timestamp":1543725386,"path_taken":["M","?","?","M","M","E","R","?","T","M","M","M","?","$","R","BOSS","M","M","$","?","?","R","E","R","T","M"],"build_version":"2018-11-15","purchased_purges":0,"victory":false,"max_hp_per_floor":[75,75,75,75,75,75,75,75,75,75,75,75,75,75,75,75,75,75,75,75,85,85,85,85,85,85,85],"card_choices":[{"not_picked":["Rebound","Fusion"],"picked":"Go for the Eyes","floor":1},{"not_picked":["Coolheaded","Rebound"],"picked":"Glacier","floor":3},{"not_picked":["Glacier","Consume"],"picked":"Genetic Algorithm","floor":4},{"not_picked":["Scrape","Compile Driver"],"picked":"Ball Lightning","floor":5},{"not_picked":["Aggregate","Compile Driver"],"picked":"Conserve Battery","floor":6},{"not_picked":["Sweeping Beam","Go for the Eyes"],"picked":"Force Field","floor":10},{"not_picked":["Loop","Aggregate"],"picked":"Self Repair","floor":11},{"not_picked":["Consume","Reinforced Body"],"picked":"Chaos","floor":12},{"not_picked":["Storm","Melter"],"picked":"Streamline","floor":13},{"not_picked":["Reboot","Amplify"],"picked":"Seek","floor":16},{"not_picked":["Rebound+1","Conserve Battery"],"picked":"Auto Shields","floor":18},{"not_picked":["Sweeping Beam","Storm"],"picked":"Conserve Battery","floor":19},{"not_picked":["Gash","Hologram"],"picked":"Ball Lightning+1","floor":22},{"not_picked":["Scrape+1","Steam"],"picked":"Ball Lightning","floor":24}],"player_experience":230928,"relics_obtained":[{"floor":6,"key":"Kunai"},{"floor":9,"key":"Sundial"},{"floor":24,"key":"Bottled Lightning"},{"floor":26,"key":"Pen Nib"}],"event_choices":[{"damage_healed":0,"gold_gain":0,"player_choice":"Upgraded","damage_taken":0,"max_hp_gain":0,"max_hp_loss":0,"event_name":"Upgrade Shrine","floor":2,"gold_loss":0,"cards_upgraded":["Enlightenment"]},{"damage_healed":0,"gold_gain":0,"player_choice":"Bought 1 Potion","damage_taken":0,"max_hp_gain":0,"max_hp_loss":0,"event_name":"The Woman in Blue","floor":8,"gold_loss":0},{"cards_removed":["Seek"],"damage_healed":28,"gold_gain":0,"player_choice":"Offered Rare","damage_taken":0,"max_hp_gain":10,"max_hp_loss":0,"event_name":"Bonfire Elementals","floor":21,"gold_loss":0}],"is_beta":false,"boss_relics":[{"not_picked":["Empty Cage","Snecko Eye"],"picked":"Cursed Key"}],"items_purged_floors":[],"is_endless":false,"potions_floor_spawned":[1,6,11,12,13,19,24],"killed_by":"Centurion and Healer","ascension_level":4}