{"gold_per_floor":[112,122,141,66,86,114,114,130,154,154],"floor_reached":10,"playtime":533,"items_purged":["Strike_R"],"score":74,"play_id":"eb849a7a-e26b-46ca-9536-079747c395ef","local_time":"20181215172101","is_ascension_mode":true,"campfire_choices":[{"data":"Limit Break","floor":7,"key":"SMITH"}],"neow_cost":"TEN_PERCENT_HP_LOSS","seed_source_timestamp":161603081570578,"circlet_count":0,"master_deck":["Strike_R","Strike_R","Strike_R","Strike_R","Defend_R","Defend_R","Defend_R","Defend_R","Bash","Limit Break+1","Flex","Pommel Strike","Clash","Twin Strike","Juggernaut"],"relics":["Burning Blood","Smiling Mask","Pen Nib"],"potions_floor_usage":[6],"damage_taken":[{"damage":0,"enemies":"Small Slimes","floor":1,"turns":3},{"damage":5,"enemies":"Jaw Worm","floor":2,"turns":5},{"damage":1,"enemies":"Cultist","floor":3,"turns":3},{"damage":14,"enemies":"3 Louse","floor":5,"turns":3},{"damage":43,"enemies":"Gremlin Nob","floor":6,"turns":5},{"damage":5,"enemies":"Looter","floor":8,"turns":3},{"damage":35,"enemies":"3 Sentries","floor":10,"turns":4}],"seed_played":"-3995874268943825849","potions_obtained":[{"floor":3,"key":"Ancient Potion"},{"floor":5,"key":"AttackPotion"}],"is_trial":false,"path_per_floor":["M","M","M","$","M","E","R","M","T","E"],"character_chosen":"IRONCLAD","items_purchased":[],"campfire_rested":0,"item_purchase_floors":[],"current_hp_per_floor":[72,72,72,72,64,27,27,28,28,0],"gold":154,"neow_bonus":"THREE_RARE_CARDS","is_prod":false,"is_daily":false,"chose_seed":false,"campfire_upgraded":1,"win_rate":0,"timestamp":1544923261,"path_taken":["M","M","M","$","M","E","R","M","T","E"],"build_version":"2018-12-13","purchased_purges":1,"victory":false,"max_hp_per_floor":[72,72,72,72,72,72,72,72,72,72],"card_choices":[{"not_picked":["Berserk","Brutality"],"picked":"Limit Break","floor":0},{"not_picked":["Clothesline","Headbutt"],"picked":"Flex","floor":1},{"not_picked":["Cleave","Rampage"],"picked":"Pommel Strike","floor":2},{"not_picked":["Anger","Cleave","Armaments"],"picked":"SKIP","floor":3},{"not_picked":["True Grit","Perfected Strike"],"picked":"Clash","floor":5},{"not_picked":["Shrug It Off","Perfected Strike"],"picked":"Twin Strike","floor":6},{"not_picked":["Anger","Warcry"],"picked":"Juggernaut","floor":8}],"player_experience":50004,"relics_obtained":[{"floor":6,"key":"Smiling Mask"},{"floor":9,"key":"Pen Nib"}],"event_choices":[],"is_beta":false,"boss_relics":[],"items_purged_floors":[4],"is_endless":false,"potions_floor_spawned":[3,5],"killed_by":"3 Sentries","ascension_level":1}