{"gold_per_floor":[115,40,140,158,233,233,259,259,282,282,292,18,18,36,36,136,136,153,28,28,45,62,62,88,88,88,118,118,45,45,45,45,45],"floor_reached":33,"playtime":2489,"items_purged":["Strike_G","Strike_G","Defend_G"],"score":342,"play_id":"d5451d83-750a-415c-88cf-35a05abccc56","local_time":"20181215163510","is_ascension_mode":true,"campfire_choices":[{"data":"Glass Knife","floor":6,"key":"SMITH"},{"floor":13,"key":"REST"},{"floor":15,"key":"REST"},{"data":"Neutralize","floor":23,"key":"SMITH"},{"floor":32,"key":"REST"}],"neow_cost":"NONE","seed_source_timestamp":156896457342334,"circlet_count":0,"master_deck":["Defend_G+1","Defend_G+1","Defend_G+1","Defend_G+1","Strike_G+1","Strike_G+1","Survivor","Neutralize+1","Glass Knife+1","Endless Agony","Underhanded Strike","Terror","Backstab","Burst","Finisher","Tactician","Quick Slash","Venomology","Distraction","Endless Agony","Distraction","All Out Attack","Dagger Spray+1","Well Laid Plans+1","Decay"],"relics":["Ring of the Serpent","Gambling Chip","Happy Flower","Pen Nib","Vajra","Frozen Egg 2","Girya","Potion Belt"],"potions_floor_usage":[18,18,18,22,22,22,22,25,31,33],"damage_taken":[{"damage":0,"enemies":"Jaw Worm","floor":1,"turns":2},{"damage":0,"enemies":"Cultist","floor":4,"turns":3},{"damage":34,"enemies":"Lagavulin","floor":7,"turns":8},{"damage":0,"enemies":"Small Slimes","floor":11,"turns":1},{"damage":0,"enemies":"Blue Slaver","floor":14,"turns":2},{"damage":58,"enemies":"The Guardian","floor":16,"turns":12},{"damage":7,"enemies":"2 Thieves","floor":18,"turns":3},{"damage":0,"enemies":"Chosen","floor":21,"turns":1},{"damage":10,"enemies":"Sentry and Sphere","floor":22,"turns":5},{"damage":47,"enemies":"Slavers","floor":24,"turns":6},{"damage":0,"enemies":"Snake Plant","floor":25,"turns":1},{"damage":0,"enemies":"Gremlin Leader","floor":27,"turns":3},{"damage":0,"enemies":"Slavers","floor":31,"turns":1},{"damage":62,"enemies":"Collector","floor":33,"turns":6}],"seed_played":"3705895472020763887","potions_obtained":[{"floor":14,"key":"Ancient Potion"},{"floor":16,"key":"Energy Potion"},{"floor":18,"key":"GamblersBrew"}],"is_trial":false,"path_per_floor":["M","$","?","M","?","R","E","?","T","?","M","$","R","M","R","B",null,"M","$","?","M","M","R","E","M","T","E","?","$","?","E","R","B"],"character_chosen":"THE_SILENT","items_purchased":["Tactician","SmokeBomb","Well Laid Plans+1"],"campfire_rested":3,"item_purchase_floors":[12,12,29],"current_hp_per_floor":[70,70,70,70,59,59,25,18,18,18,18,18,39,39,60,2,70,63,63,63,63,53,53,6,6,6,6,6,6,6,6,27,0],"gold":45,"neow_bonus":"TRANSFORM_CARD","is_prod":false,"is_daily":false,"chose_seed":false,"campfire_upgraded":2,"win_rate":0,"timestamp":1544920510,"path_taken":["M","$","?","?","?","R","E","?","T","?","?","$","R","M","R","BOSS","M","$","?","M","M","R","E","?","T","E","?","$","?","E","R","BOSS"],"build_version":"2018-12-13","purchased_purges":3,"victory":false,"max_hp_per_floor":[70,70,70,70,70,70,70,70,70,70,70,70,70,70,70,70,70,70,70,70,70,70,70,70,70,70,70,70,70,70,70,70,70],"card_choices":[{"not_picked":["Dodge and Roll","Heel Hook"],"picked":"Endless Agony","floor":1},{"not_picked":["Dodge and Roll","Quick Slash"],"picked":"Underhanded Strike","floor":4},{"not_picked":["Blur","Underhanded Strike"],"picked":"Terror","floor":7},{"not_picked":["Prepared","Dodge and Roll"],"picked":"Finisher","floor":11},{"not_picked":["Acrobatics","Wraith Form v2"],"picked":"Quick Slash","floor":14},{"not_picked":["Doppelganger","Wraith Form v2"],"picked":"Venomology","floor":16},{"not_picked":["Dodge and Roll+1","Calculated Gamble"],"picked":"Distraction","floor":18},{"not_picked":["Quick Slash","Riddle With Holes"],"picked":"Endless Agony","floor":21},{"not_picked":["Bouncing Flask","Escape Plan"],"picked":"Distraction","floor":22},{"not_picked":["Deflect","Flying Knee"],"picked":"All Out Attack","floor":24},{"not_picked":["Caltrops+1","Underhanded Strike+1"],"picked":"Dagger Spray+1","floor":27}],"player_experience":45347,"relics_obtained":[{"floor":7,"key":"Gambling Chip"},{"floor":9,"key":"Pen Nib"},{"floor":20,"key":"Vajra"},{"floor":24,"key":"Frozen Egg 2"},{"floor":26,"key":"Girya"},{"floor":27,"key":"Potion Belt"}],"event_choices":[{"damage_healed":0,"gold_gain":100,"player_choice":"Pray","damage_taken":0,"max_hp_gain":0,"max_hp_loss":0,"event_name":"Golden Shrine","floor":3,"gold_loss":0},{"damage_healed":0,"gold_gain":75,"player_choice":"Gather Gold","damage_taken":11,"max_hp_gain":0,"max_hp_loss":0,"event_name":"World of Goop","floor":5,"gold_loss":0},{"damage_healed":0,"gold_gain":0,"player_choice":"Success","damage_taken":7,"relics_obtained":["Happy Flower"],"max_hp_gain":0,"max_hp_loss":0,"event_name":"Scrap Ooze","floor":8,"gold_loss":0},{"damage_healed":0,"gold_gain":0,"player_choice":"2 cards matched","damage_taken":0,"max_hp_gain":0,"max_hp_loss":0,"event_name":"Match and Keep!","floor":10,"gold_loss":0,"cards_obtained":["Backstab","Burst"]},{"damage_healed":0,"gold_gain":0,"player_choice":"Relic","damage_taken":0,"max_hp_gain":0,"max_hp_loss":0,"event_name":"Wheel of Change","floor":20,"gold_loss":0},{"damage_healed":0,"gold_gain":0,"player_choice":"Simplicity","damage_taken":0,"max_hp_gain":0,"max_hp_loss":0,"event_name":"Back to Basics","floor":28,"gold_loss":0,"cards_upgraded":["Defend_G","Defend_G","Defend_G","Defend_G","Strike_G","Strike_G"]},{"damage_healed":0,"gold_gain":0,"player_choice":"Smashed Altar","damage_taken":0,"max_hp_gain":0,"max_hp_loss":0,"event_name":"Forgotten Altar","floor":30,"gold_loss":0,"cards_obtained":["Decay"]}],"is_beta":false,"boss_relics":[{"not_picked":["Philosopher\u0027s Stone","Busted Crown"],"picked":"Ring of the Serpent"}],"items_purged_floors":[2,12,19],"is_endless":false,"potions_floor_spawned":[14,16,18,25,31],"killed_by":"Collector","ascension_level":1}