{"gold_per_floor":[115,115,125,125,136,136,170,170,170,170,186,217,237,237,237,339,339,358,358,368,387,273,273,299,18,41,68,68,83,83,102,102,205,205,224,235,1234,1244,31,65,65,65,65,75,109,127,127],"floor_reached":47,"playtime":3527,"items_purged":["Normality"],"score":769,"play_id":"f6a1a667-195d-40b4-a1f0-3d933108e49a","local_time":"20190120163153","is_ascension_mode":true,"campfire_choices":[{"data":"Dagger Spray","floor":6,"key":"SMITH"},{"data":"Neutralize","floor":8,"key":"SMITH"},{"data":"Dash","floor":10,"key":"SMITH"},{"floor":15,"key":"REST"},{"floor":23,"key":"REST"},{"data":"Well Laid Plans","floor":28,"key":"SMITH"},{"floor":30,"key":"REST"},{"floor":32,"key":"REST"},{"floor":41,"key":"REST"}],"neow_cost":"NONE","seed_source_timestamp":993846715038311,"circlet_count":0,"master_deck":["Survivor","Neutralize+1","Dash+1","Dagger Spray+1","All Out Attack","Poisoned Stab+1","Backflip","Malaise","Adrenaline","Dagger Throw+1","Wraith Form v2+1","Dagger Spray+1","Backflip+1","Footwork","Skewer","Cloak And Dagger","Well Laid Plans+1","Blade Dance","Cloak And Dagger+1","Caltrops+1","Wraith Form v2","After Image","Dodge and Roll","Predator","Poisoned Stab","Glass Knife","Eviscerate","Leg Sweep","Outmaneuver+1","Riddle With Holes+1","Normality","Cloak And Dagger+1","Glass Knife","Acrobatics+1","Dodge and Roll","Dagger Spray+1","Sucker Punch+1"],"relics":["Ring of the Snake","The Courier","Mercury Hourglass","Matryoshka","Blood Vial","Astrolabe","Incense Burner","Dream Catcher","Whetstone","Toy Ornithopter","Bronze Scales","Ancient Tea Set","Tingsha","Pandora\u0027s Box","Sling","Ornamental Fan","Bottled Tornado","Bag of Marbles","Regal Pillow","Lantern","Ninja Scroll","Art of War","Happy Flower","Bottled Flame","Centennial Puzzle"],"potions_floor_usage":[7,7,24,24,27,29,33,36,38,40,46,47],"damage_taken":[{"damage":2,"enemies":"Jaw Worm","floor":1,"turns":5},{"damage":0,"enemies":"2 Louse","floor":3,"turns":2},{"damage":1,"enemies":"Cultist","floor":5,"turns":5},{"damage":8,"enemies":"Gremlin Nob","floor":7,"turns":3},{"damage":0,"enemies":"Looter","floor":11,"turns":3},{"damage":2,"enemies":"3 Sentries","floor":12,"turns":4},{"damage":0,"enemies":"Exordium Wildlife","floor":13,"turns":1},{"damage":48,"enemies":"Hexaghost","floor":16,"turns":16},{"damage":0,"enemies":"Chosen","floor":18,"turns":4},{"damage":15,"enemies":"2 Thieves","floor":20,"turns":3},{"damage":3,"enemies":"3 Cultists","floor":21,"turns":4},{"damage":13,"enemies":"Gremlin Leader","floor":24,"turns":8},{"damage":15,"enemies":"Slavers","floor":27,"turns":3},{"damage":28,"enemies":"Snecko","floor":29,"turns":5},{"damage":17,"enemies":"Sentry and Sphere","floor":31,"turns":4},{"damage":59,"enemies":"Collector","floor":33,"turns":12},{"damage":0,"enemies":"Orb Walker","floor":35,"turns":4},{"damage":21,"enemies":"3 Darklings","floor":36,"turns":5},{"damage":25,"enemies":"4 Shapes","floor":38,"turns":3},{"damage":15,"enemies":"Reptomancer","floor":40,"turns":6},{"damage":10,"enemies":"Spire Growth","floor":44,"turns":4},{"damage":21,"enemies":"Giant Head","floor":45,"turns":10},{"damage":12,"enemies":"Maw","floor":46,"turns":8},{"damage":48,"enemies":"Transient","floor":47,"turns":4}],"seed_played":"-1473016513192757672","potions_obtained":[{"floor":3,"key":"GhostInAJar"},{"floor":4,"key":"AttackPotion"},{"floor":4,"key":"AttackPotion"},{"floor":13,"key":"Swift Potion"},{"floor":16,"key":"LiquidBronze"},{"floor":20,"key":"Weak Potion"},{"floor":21,"key":"AttackPotion"},{"floor":27,"key":"Ancient Potion"},{"floor":35,"key":"Swift Potion"},{"floor":36,"key":"Fire Potion"},{"floor":45,"key":"Regen Potion"},{"floor":46,"key":"SkillPotion"}],"is_trial":false,"path_per_floor":["M","?","M","?","M","R","E","R","T","R","M","E","M","?","R","B",null,"M","?","M","M","$","R","E","$","T","E","R","M","R","M","R","B",null,"M","M","?","M","$","E","R","?","T","M","E","M","M"],"character_chosen":"THE_SILENT","items_purchased":["Dream Catcher","Well Laid Plans","Toy Ornithopter","LiquidBronze","Sling","Ornamental Fan","Bottled Tornado","Bag of Marbles","Regal Pillow","Lantern","Ninja Scroll","Block Potion"],"campfire_rested":5,"item_purchase_floors":[22,25,25,25,39,39,39,39,39,39,39,39],"current_hp_per_floor":[68,56,56,56,55,55,47,47,47,47,47,45,47,47,68,22,58,60,60,47,46,46,67,56,56,56,48,48,27,48,33,54,2,53,55,41,41,23,23,15,51,51,51,43,24,34,0],"gold":127,"neow_bonus":"THREE_CARDS","is_prod":false,"is_daily":false,"chose_seed":false,"campfire_upgraded":4,"win_rate":0,"timestamp":1548019913,"path_taken":["M","?","M","?","M","R","E","R","T","R","M","E","?","?","R","BOSS","M","?","M","M","$","R","E","$","T","E","R","M","R","?","R","BOSS","M","M","?","M","$","E","R","?","T","M","E","M","M"],"build_version":"2019-01-17v2","purchased_purges":1,"victory":false,"max_hp_per_floor":[70,70,70,70,70,70,70,70,70,70,70,70,70,70,70,70,70,70,70,70,70,70,70,70,70,70,70,70,70,70,70,70,70,70,70,70,70,70,70,70,70,70,70,70,70,70,70],"card_choices":[{"not_picked":["Accuracy","Slice"],"picked":"Dash","floor":0},{"not_picked":["Prepared","Blur"],"picked":"Dagger Spray","floor":1},{"not_picked":["Dash","Concentrate"],"picked":"Acrobatics","floor":3},{"not_picked":["Bane","Prepared"],"picked":"All Out Attack","floor":5},{"not_picked":["Masterful Stab","Underhanded Strike","Acrobatics"],"picked":"SKIP","floor":7},{"not_picked":["Prepared","Acrobatics","Accuracy"],"picked":"SKIP","floor":11},{"not_picked":["Choke","Underhanded Strike"],"picked":"Poisoned Stab","floor":12},{"not_picked":["Catalyst","Doppelganger"],"picked":"Backflip","floor":13},{"not_picked":["Night Terror","Grand Finale"],"picked":"Adrenaline","floor":16},{"not_picked":["Bane","Reflex+1"],"picked":"Backflip+1","floor":18},{"not_picked":["Acrobatics","Tactician","Outmaneuver"],"picked":"SKIP","floor":20},{"not_picked":["Acrobatics","Slice"],"picked":"Footwork","floor":21},{"not_picked":["Endless Agony+1","Underhanded Strike"],"picked":"Skewer","floor":23},{"not_picked":["Poisoned Stab","Deadly Poison"],"picked":"Cloak And Dagger","floor":24},{"not_picked":["Choke+1","Outmaneuver"],"picked":"Blade Dance","floor":27},{"not_picked":["Choke","A Thousand Cuts"],"picked":"Cloak And Dagger+1","floor":29},{"not_picked":["Endless Agony","Sucker Punch"],"picked":"Caltrops+1","floor":31},{"not_picked":["Setup","Slice+1"],"picked":"Escape Plan+1","floor":32},{"not_picked":["Night Terror","Unload"],"picked":"Wraith Form v2","floor":33},{"not_picked":["Bane+1","Sucker Punch"],"picked":"Outmaneuver+1","floor":35},{"not_picked":["Calculated Gamble+1","Catalyst+1"],"picked":"Riddle With Holes+1","floor":36},{"not_picked":["Sucker Punch+1","Doppelganger"],"picked":"Cloak And Dagger+1","floor":38},{"not_picked":["Bane","Escape Plan"],"picked":"Glass Knife","floor":40},{"not_picked":["Blade Dance","Prepared"],"picked":"Acrobatics+1","floor":41},{"not_picked":["Accuracy","Sucker Punch"],"picked":"Dodge and Roll","floor":44},{"not_picked":["Tactician+1","Riddle With Holes+1"],"picked":"Dagger Spray+1","floor":45},{"not_picked":["Underhanded Strike+1","Venomology"],"picked":"Sucker Punch+1","floor":46}],"player_experience":135541,"relics_obtained":[{"floor":7,"key":"Mercury Hourglass"},{"floor":9,"key":"Matryoshka"},{"floor":12,"key":"Blood Vial"},{"floor":24,"key":"Whetstone"},{"floor":26,"key":"Bronze Scales"},{"floor":26,"key":"Ancient Tea Set"},{"floor":27,"key":"Tingsha"},{"floor":40,"key":"Art of War"},{"floor":43,"key":"Happy Flower"},{"floor":43,"key":"Bottled Flame"},{"floor":45,"key":"Centennial Puzzle"}],"event_choices":[{"damage_healed":0,"gold_gain":0,"player_choice":"Success","damage_taken":12,"relics_obtained":["The Courier"],"max_hp_gain":0,"max_hp_loss":0,"event_name":"Scrap Ooze","floor":2,"gold_loss":0},{"damage_healed":0,"gold_gain":0,"player_choice":"Got Potions","damage_taken":0,"max_hp_gain":0,"max_hp_loss":0,"event_name":"Lab","floor":4,"gold_loss":0},{"damage_healed":0,"gold_gain":0,"cards_transformed":["Strike_G"],"player_choice":"Change","damage_taken":0,"max_hp_gain":0,"max_hp_loss":0,"event_name":"Living Wall","floor":14,"gold_loss":0,"cards_obtained":["Malaise"]},{"damage_healed":0,"gold_gain":0,"player_choice":"Gave Potion","damage_taken":0,"relics_obtained":["Incense Burner"],"max_hp_gain":0,"max_hp_loss":0,"event_name":"WeMeetAgain","floor":19,"gold_loss":0},{"damage_healed":0,"gold_gain":999,"player_choice":"Gold","damage_taken":0,"max_hp_gain":0,"max_hp_loss":0,"event_name":"MindBloom","floor":37,"gold_loss":0,"cards_obtained":["Normality","Normality"]},{"cards_removed":["Escape Plan"],"damage_healed":0,"gold_gain":0,"player_choice":"Removed Skill","damage_taken":0,"max_hp_gain":0,"max_hp_loss":0,"event_name":"Falling","floor":42,"gold_loss":0}],"is_beta":false,"boss_relics":[{"not_picked":["Calling Bell","WristBlade"],"picked":"Astrolabe"},{"not_picked":["Tiny House","Runic Dome"],"picked":"Pandora\u0027s Box"}],"items_purged_floors":[39],"is_endless":false,"potions_floor_spawned":[3,13,16,20,21,27,35,36,45,46],"killed_by":"Transient","ascension_level":5}