{"gold_per_floor":[113,131,144,161,225,225,225,225,225,225,245,261,37,66,66,66],"floor_reached":16,"playtime":848,"items_purged":[],"score":184,"play_id":"01095897-f7cb-414b-b764-a34ae5683b57","local_time":"20181221023913","is_ascension_mode":true,"campfire_choices":[{"data":"Flex","floor":6,"key":"SMITH"},{"data":"Corruption","floor":8,"key":"SMITH"},{"floor":10,"key":"REST"},{"data":"Rampage","floor":15,"key":"SMITH"}],"neow_cost":"NONE","seed_source_timestamp":33721792204974,"circlet_count":0,"master_deck":["AscendersBane","Strike_R","Strike_R","Strike_R","Strike_R","Strike_R","Defend_R","Defend_R","Defend_R","Defend_R","Bash","Flex+1","Sword Boomerang+1","Corruption+1","Wild Strike","Heavy Blade","Iron Wave","Shrug It Off","Rampage+1"],"relics":["Burning Blood","Ancient Tea Set","Thread and Needle","PreservedInsect","Ginger"],"potions_floor_usage":[],"damage_taken":[{"damage":4,"enemies":"Jaw Worm","floor":1,"turns":6},{"damage":0,"enemies":"Small Slimes","floor":2,"turns":3},{"damage":2,"enemies":"2 Louse","floor":3,"turns":3},{"damage":60,"enemies":"Gremlin Gang","floor":4,"turns":7},{"damage":0,"enemies":"Large Slime","floor":11,"turns":4},{"damage":0,"enemies":"2 Fungi Beasts","floor":12,"turns":2},{"damage":7,"enemies":"Gremlin Nob","floor":14,"turns":3},{"damage":54,"enemies":"The Guardian","floor":16,"turns":9}],"seed_played":"6974300024837430369","potions_obtained":[{"floor":2,"key":"Ancient Potion"},{"floor":11,"key":"Energy Potion"}],"is_trial":false,"path_per_floor":["M","M","M","M","?","R","?","R","T","R","M","M","$","E","R","B"],"character_chosen":"IRONCLAD","items_purchased":["Shrug It Off","PreservedInsect"],"campfire_rested":1,"item_purchase_floors":[13,13],"current_hp_per_floor":[70,75,75,21,21,21,21,21,21,43,49,55,55,54,54,0],"gold":66,"neow_bonus":"RANDOM_COMMON_RELIC","is_prod":false,"is_daily":false,"chose_seed":false,"campfire_upgraded":3,"win_rate":0,"timestamp":1545370753,"path_taken":["M","M","M","M","?","R","?","R","T","R","?","M","$","E","R","BOSS"],"build_version":"2018-12-20","purchased_purges":0,"victory":false,"max_hp_per_floor":[75,75,75,75,75,75,75,75,75,75,75,75,75,75,75,75],"card_choices":[{"not_picked":["True Grit","Body Slam"],"picked":"Flex","floor":1},{"not_picked":["Warcry","Cleave"],"picked":"Sword Boomerang","floor":2},{"not_picked":["Entrench","Havoc"],"picked":"Corruption","floor":3},{"not_picked":["Clash","Sever Soul"],"picked":"Wild Strike","floor":4},{"not_picked":["Flex","Searing Blow"],"picked":"Heavy Blade","floor":11},{"not_picked":["Cleave","Thunderclap"],"picked":"Iron Wave","floor":12},{"not_picked":["Perfected Strike","Sword Boomerang"],"picked":"Rampage","floor":14}],"player_experience":575574,"relics_obtained":[{"floor":9,"key":"Thread and Needle"},{"floor":14,"key":"Ginger"}],"event_choices":[{"damage_healed":0,"gold_gain":64,"player_choice":"Gained Gold","damage_taken":0,"max_hp_gain":0,"max_hp_loss":0,"event_name":"Golden Wing","floor":5,"gold_loss":0},{"damage_healed":0,"gold_gain":0,"player_choice":"Grow","damage_taken":0,"max_hp_gain":0,"max_hp_loss":0,"event_name":"Living Wall","floor":7,"gold_loss":0,"cards_upgraded":["Sword Boomerang"]}],"is_beta":false,"boss_relics":[],"items_purged_floors":[],"is_endless":false,"potions_floor_spawned":[2,11,14],"killed_by":"The Guardian","ascension_level":16}