{"gold_per_floor":[113,132,151,164,339,339,339,339,391,405,142,142,157,27,27,27],"floor_reached":16,"playtime":465,"items_purged":["Doubt"],"score":124,"play_id":"282a888d-d148-4e69-81c1-2aa1f821c320","local_time":"20181107034444","is_ascension_mode":true,"campfire_choices":[{"data":"Dualcast","floor":6,"key":"SMITH"},{"floor":8,"key":"REST"},{"data":"Echo Form","floor":12,"key":"SMITH"},{"data":"Genetic Algorithm","floor":15,"key":"SMITH"}],"neow_cost":"NONE","seed_source_timestamp":37644572144948,"circlet_count":0,"master_deck":["Strike_B","Strike_B","Strike_B","Strike_B","Defend_B","Defend_B","Defend_B","Defend_B","Zap","Dualcast+1","Echo Form+1","Steam","Streamline","Skim","Master of Strategy","Genetic Algorithm+1","Stack","Streamline","Conserve Battery"],"relics":["Cracked Core","Omamori"],"potions_floor_usage":[4,10],"damage_taken":[{"damage":3,"enemies":"2 Louse","floor":1,"turns":2},{"damage":5,"enemies":"Small Slimes","floor":2,"turns":4},{"damage":6,"enemies":"Jaw Worm","floor":3,"turns":2},{"damage":32,"enemies":"Gremlin Gang","floor":4,"turns":6},{"damage":0,"enemies":"Lots of Slimes","floor":10,"turns":1},{"damage":3,"enemies":"Red Slaver","floor":13,"turns":3},{"damage":41,"enemies":"The Guardian","floor":16,"turns":4}],"seed_played":"-3866512735590984172","potions_obtained":[{"floor":2,"key":"Energy Potion"},{"floor":4,"key":"Explosive Potion"}],"is_trial":false,"path_per_floor":["M","M","M","M","?","R","?","R","T","M","$","R","M","$","R","B"],"character_chosen":"DEFECT","items_purchased":["Master of Strategy","Stack","Streamline","Conserve Battery"],"campfire_rested":1,"item_purchase_floors":[11,14,14,14],"current_hp_per_floor":[65,60,54,22,22,22,22,44,44,44,44,44,41,41,41,0],"gold":27,"neow_bonus":"ONE_RANDOM_RARE_CARD","is_prod":false,"is_daily":false,"chose_seed":false,"campfire_upgraded":3,"win_rate":0,"timestamp":1541573084,"path_taken":["M","M","M","M","?","R","?","R","T","M","?","R","M","$","R","BOSS"],"build_version":"2018-11-01","purchased_purges":1,"victory":false,"max_hp_per_floor":[75,75,75,75,75,75,75,75,75,75,75,75,75,75,75,75],"card_choices":[{"not_picked":["Redo","Leap"],"picked":"Steam","floor":1},{"not_picked":["Go for the Eyes","Redo"],"picked":"Streamline","floor":2},{"not_picked":["Steam","Ball Lightning"],"picked":"Skim","floor":3},{"not_picked":["Redo","Reinforced Body","Aggregate"],"picked":"SKIP","floor":4},{"not_picked":["Turbo","Capacitor","Steam Power"],"picked":"SKIP","floor":10},{"not_picked":["Rebound","Barrage"],"picked":"Genetic Algorithm","floor":13}],"player_experience":310715,"relics_obtained":[{"floor":9,"key":"Omamori"}],"event_choices":[{"damage_healed":0,"gold_gain":175,"player_choice":"AGREE","damage_taken":0,"max_hp_gain":0,"max_hp_loss":0,"event_name":"Liars Game","floor":5,"gold_loss":0,"cards_obtained":["Doubt"]},{"damage_healed":0,"gold_gain":0,"player_choice":"Ignored","damage_taken":0,"max_hp_gain":0,"max_hp_loss":0,"event_name":"Shining Light","floor":7,"gold_loss":0}],"is_beta":false,"boss_relics":[],"items_purged_floors":[11],"is_endless":false,"potions_floor_spawned":[2,4],"killed_by":"The Guardian","ascension_level":7}