{"gold_per_floor":[116,116,136,155,165,196,196,196,219,236,9,37,37,66,66,162,162,172,272,272,290,290,290,323,336,336,349,349,362,397,397,397,397],"floor_reached":33,"playtime":2252,"items_purged":[],"score":397,"play_id":"a55039ce-7192-43cd-a0c0-f3779db0e8dd","local_time":"20181227004035","is_ascension_mode":true,"campfire_choices":[{"data":"Carnage","floor":7,"key":"SMITH"},{"data":"Flame Barrier","floor":13,"key":"SMITH"},{"data":"Cleave","floor":15,"key":"SMITH"},{"floor":23,"key":"REST"},{"data":"Fiend Fire","floor":28,"key":"SMITH"},{"data":"Battle Trance","floor":32,"key":"SMITH"}],"neow_cost":"NONE","seed_source_timestamp":387656878518121,"circlet_count":0,"master_deck":["Strike_R","Strike_R","Strike_R","Strike_R","Strike_R","Defend_R","Defend_R","Defend_R","Defend_R","Bash+1","Brutality","Battle Trance+1","Metallicize","Heavy Blade","Carnage+1","Cleave+1","Feel No Pain","Flame Barrier+1","Headbutt","Fiend Fire+1","Rampage+1","Cleave","Metallicize","Iron Wave","Shrug It Off+1","Rage+1"],"relics":["Burning Blood","Orichalcum","Bag of Preparation","PreservedInsect","Lantern","Prayer Wheel","Busted Crown","FossilizedHelix","Bottled Flame","Boot","Vajra"],"potions_floor_usage":[6,6,19,33],"damage_taken":[{"damage":5,"enemies":"2 Louse","floor":1,"turns":4},{"damage":6,"enemies":"Cultist","floor":3,"turns":3},{"damage":9,"enemies":"Jaw Worm","floor":4,"turns":4},{"damage":5,"enemies":"Exordium Wildlife","floor":5,"turns":5},{"damage":20,"enemies":"Gremlin Nob","floor":6,"turns":4},{"damage":7,"enemies":"Looter","floor":10,"turns":3},{"damage":7,"enemies":"3 Sentries","floor":12,"turns":5},{"damage":12,"enemies":"Lagavulin","floor":14,"turns":4},{"damage":32,"enemies":"Slime Boss","floor":16,"turns":16},{"damage":9,"enemies":"3 Byrds","floor":18,"turns":5},{"damage":11,"enemies":"Colosseum Slavers","floor":19,"turns":2},{"damage":7,"enemies":"Colosseum Nobs","floor":19,"turns":3},{"damage":0,"enemies":"Chosen","floor":21,"turns":3},{"damage":20,"enemies":"Book of Stabbing","floor":24,"turns":4},{"damage":0,"enemies":"3 Cultists","floor":25,"turns":4},{"damage":11,"enemies":"Centurion and Healer","floor":27,"turns":7},{"damage":2,"enemies":"Snecko","floor":29,"turns":4},{"damage":7,"enemies":"Slavers","floor":30,"turns":4},{"damage":94,"enemies":"Champ","floor":33,"turns":14}],"seed_played":"-3640068640961816917","potions_obtained":[{"floor":4,"key":"Weak Potion"},{"floor":5,"key":"Poison Potion"},{"floor":12,"key":"Strength Potion"},{"floor":14,"key":"EssenceOfSteel"},{"floor":19,"key":"Ancient Potion"},{"floor":25,"key":"FearPotion"}],"is_trial":false,"path_per_floor":["M","?","M","M","M","E","R","?","T","M","$","E","R","E","R","B",null,"M","?","?","M","?","R","E","M","T","M","R","M","E","?","R","B"],"character_chosen":"IRONCLAD","items_purchased":["Flame Barrier","PreservedInsect"],"campfire_rested":1,"item_purchase_floors":[11,11],"current_hp_per_floor":[73,73,73,70,71,57,57,57,57,56,56,55,55,49,49,23,66,63,57,57,63,48,73,59,65,65,60,60,64,63,63,63,0],"gold":397,"neow_bonus":"ONE_RANDOM_RARE_CARD","is_prod":false,"is_daily":false,"chose_seed":false,"campfire_upgraded":5,"win_rate":0,"timestamp":1545900035,"path_taken":["M","?","M","?","M","E","R","?","T","M","$","E","R","E","R","BOSS","M","?","?","M","?","R","E","M","T","M","R","M","E","?","R","BOSS"],"build_version":"2018-12-20","purchased_purges":0,"victory":false,"max_hp_per_floor":[80,80,80,80,80,80,80,80,80,80,80,80,80,80,80,80,80,80,80,80,80,85,85,85,85,85,85,85,85,85,85,85,85],"card_choices":[{"not_picked":["Perfected Strike","Clothesline"],"picked":"Battle Trance","floor":1},{"not_picked":["Dropkick","Body Slam"],"picked":"Metallicize","floor":3},{"not_picked":["Armaments","Sever Soul"],"picked":"Heavy Blade","floor":4},{"not_picked":["Blood for Blood","Warcry"],"picked":"Carnage","floor":5},{"not_picked":["Body Slam","Burning Pact"],"picked":"Cleave","floor":6},{"not_picked":["Pommel Strike","Wild Strike"],"picked":"Feel No Pain","floor":10},{"not_picked":["Wild Strike","Flex"],"picked":"Headbutt","floor":12},{"not_picked":["Cleave","Pommel Strike","Clash"],"picked":"SKIP","floor":14},{"not_picked":["Brutality","Feed"],"picked":"Fiend Fire","floor":16},{"not_picked":[],"picked":"Rampage","floor":18},{"not_picked":["Reckless Charge+1"],"picked":"SKIP","floor":18},{"not_picked":["Wild Strike+1"],"picked":"SKIP","floor":21},{"not_picked":["Thunderclap"],"picked":"SKIP","floor":21},{"not_picked":[],"picked":"Cleave","floor":24},{"not_picked":[],"picked":"Metallicize","floor":25},{"not_picked":["Pummel+1"],"picked":"SKIP","floor":25},{"not_picked":[],"picked":"Iron Wave","floor":27},{"not_picked":["Thunderclap"],"picked":"SKIP","floor":27},{"not_picked":[],"picked":"Shrug It Off+1","floor":29},{"not_picked":["Clash"],"picked":"SKIP","floor":29},{"not_picked":[],"picked":"Rage+1","floor":30}],"player_experience":138981,"relics_obtained":[{"floor":6,"key":"Orichalcum"},{"floor":9,"key":"Bag of Preparation"},{"floor":12,"key":"Lantern"},{"floor":14,"key":"Prayer Wheel"},{"floor":19,"key":"FossilizedHelix"},{"floor":19,"key":"Bottled Flame"},{"floor":24,"key":"Boot"},{"floor":30,"key":"Vajra"}],"event_choices":[{"damage_healed":0,"gold_gain":0,"player_choice":"Forge","damage_taken":0,"max_hp_gain":0,"max_hp_loss":0,"event_name":"Accursed Blacksmith","floor":2,"gold_loss":0,"cards_upgraded":["Bash"]},{"damage_healed":0,"gold_gain":0,"player_choice":"Ignored","damage_taken":0,"max_hp_gain":0,"max_hp_loss":0,"event_name":"Liars Game","floor":8,"gold_loss":0},{"damage_healed":0,"gold_gain":0,"player_choice":"Fight","damage_taken":0,"max_hp_gain":0,"max_hp_loss":0,"event_name":"Colosseum","floor":19,"gold_loss":0},{"damage_healed":0,"gold_gain":0,"player_choice":"Fought Nobs","damage_taken":0,"max_hp_gain":0,"max_hp_loss":0,"event_name":"Colosseum","floor":19,"gold_loss":0},{"damage_healed":0,"gold_gain":0,"player_choice":"Ignored","damage_taken":0,"max_hp_gain":0,"max_hp_loss":0,"event_name":"Vampires","floor":20,"gold_loss":0},{"damage_healed":0,"gold_gain":0,"player_choice":"Shed Blood","damage_taken":20,"max_hp_gain":5,"max_hp_loss":0,"event_name":"Forgotten Altar","floor":22,"gold_loss":0},{"damage_healed":0,"gold_gain":0,"player_choice":"Upgraded","damage_taken":0,"max_hp_gain":0,"max_hp_loss":0,"event_name":"Upgrade Shrine","floor":31,"gold_loss":0,"cards_upgraded":["Rampage"]}],"is_beta":false,"boss_relics":[{"not_picked":["Empty Cage","Cursed Key"],"picked":"Busted Crown"}],"items_purged_floors":[],"is_endless":false,"potions_floor_spawned":[4,5,12,14,19,19,25,27],"killed_by":"Champ","ascension_level":6}