{"gold_per_floor":[114,76,96,108,128,128,191,203,254,264,264,290,301,320,320,419,419,409,10,29,29,48,48,65,82,129,144,144],"floor_reached":28,"playtime":4328,"items_purged":[],"score":228,"play_id":"6ef87c16-6ca6-433d-8be4-d2095a0cbf56","local_time":"20190614203544","is_ascension_mode":false,"campfire_choices":[{"data":"Demon Form","floor":6.0,"key":"SMITH"},{"floor":15.0,"key":"REST"},{"floor":23,"key":"REST"}],"neow_cost":"NONE","seed_source_timestamp":0,"circlet_count":0,"master_deck":["Strike_R","Strike_R","Strike_R","Strike_R","Defend_R","Defend_R","Defend_R","Defend_R","Bash","Heavy Blade","Corruption","Shrug It Off","Cleave","Demon Form+1","Flex","Shrug It Off","Entrench","Fire Breathing","Rampage","Battle Trance","Flex","Reaper","Thunderclap","Spot Weakness","Carnage","Metamorphosis","Disarm","Anger+1","Perfected Strike+1","Pommel Strike+1","Corruption"],"special_seed":0,"relics":["Black Blood","NeowsBlessing","Bottled Flame","Lantern","Potion Belt","Bag of Marbles"],"potions_floor_usage":[22,28],"damage_taken":[{"damage":0.0,"enemies":"Small Slimes","floor":1.0,"turns":1.0},{"damage":0.0,"enemies":"Cultist","floor":3.0,"turns":1.0},{"damage":0.0,"enemies":"2 Louse","floor":4.0,"turns":1.0},{"damage":1.0,"enemies":"Large Slime","floor":5.0,"turns":4.0},{"damage":35.0,"enemies":"3 Sentries","floor":7.0,"turns":7.0},{"damage":16.0,"enemies":"Blue Slaver","floor":8.0,"turns":5.0},{"damage":2.0,"enemies":"Looter","floor":10.0,"turns":4.0},{"damage":11.0,"enemies":"3 Sentries","floor":12.0,"turns":5.0},{"damage":0.0,"enemies":"Large Slime","floor":13.0,"turns":5.0},{"damage":15.0,"enemies":"Exordium Wildlife","floor":14.0,"turns":6.0},{"damage":54.0,"enemies":"Slime Boss","floor":16.0,"turns":10.0},{"damage":4.0,"enemies":"2 Thieves","floor":18.0,"turns":4.0},{"damage":42,"enemies":"Shell Parasite","floor":20,"turns":7},{"damage":46,"enemies":"Snake Plant","floor":22,"turns":7},{"damage":20,"enemies":"Centurion and Healer","floor":24,"turns":5},{"damage":59,"enemies":"Shelled Parasite and Fungi","floor":25,"turns":9},{"damage":32,"enemies":"Cultist and Chosen","floor":27,"turns":8},{"damage":25,"enemies":"Colosseum Slavers","floor":28,"turns":1}],"seed_played":"-6959662476864358268","potions_obtained":[{"floor":3.0,"key":"Fire Potion"},{"floor":5.0,"key":"Energy Potion"},{"floor":7.0,"key":"BloodPotion"},{"floor":8.0,"key":"Fire Potion"},{"floor":14.0,"key":"FearPotion"},{"floor":18,"key":"FairyPotion"},{"floor":22,"key":"Ancient Potion"}],"is_trial":false,"path_per_floor":["M","$","M","M","M","R","?","M","T","M","?","E","M","M","R","B",null,"M","$","M","?","M","R","M","M","T","M","?"],"character_chosen":"IRONCLAD","items_purchased":["Corruption","Spot Weakness","Carnage","Metamorphosis","EssenceOfSteel"],"campfire_rested":2,"item_purchase_floors":[2,19,19,19,19],"current_hp_per_floor":[80,80,80,80,80,80,51,41,41,45,45,40,46,37,61,21,80,80,80,48,74,38,62,52,25,25,18,0],"gold":144,"neow_bonus":"THREE_ENEMY_KILL","is_prod":false,"is_daily":false,"chose_seed":false,"campfire_upgraded":1,"win_rate":0.0,"timestamp":1560508544,"path_taken":["M","$","M","M","M","R","?","M","T","M","?","E","M","M","R","BOSS","M","$","M","?","M","R","M","M","T","M","?"],"build_version":"2019-01-23","purchased_purges":0,"victory":false,"max_hp_per_floor":[80,80,80,80,80,80,80,80,80,80,80,80,80,80,80,80,80,80,80,80,80,80,80,80,80,80,80,80],"card_choices":[{"not_picked":["Twin Strike","True Grit"],"picked":"Heavy Blade","floor":1.0},{"not_picked":["Thunderclap","Juggernaut"],"picked":"Shrug It Off","floor":3.0},{"not_picked":["Heavy Blade","Thunderclap"],"picked":"Cleave","floor":4.0},{"not_picked":["Heavy Blade","Fire Breathing"],"picked":"Demon Form","floor":5.0},{"not_picked":["Clothesline","Thunderclap"],"picked":"Flex","floor":7.0},{"not_picked":["Clothesline","Iron Wave"],"picked":"Shrug It Off","floor":8.0},{"not_picked":["Corruption","Headbutt"],"picked":"Entrench","floor":10.0},{"not_picked":["Feed","Headbutt"],"picked":"Rampage","floor":12.0},{"not_picked":["Headbutt","Blood for Blood"],"picked":"Battle Trance","floor":13.0},{"not_picked":["Iron Wave","Hemokinesis"],"picked":"Flex","floor":14.0},{"not_picked":["Demon Form","Dark Embrace"],"picked":"Reaper","floor":16.0},{"not_picked":["Reckless Charge","Warcry"],"picked":"Thunderclap","floor":18},{"not_picked":["True Grit","Headbutt"],"picked":"Disarm","floor":20},{"not_picked":["Uppercut","Headbutt"],"picked":"Anger+1","floor":22},{"not_picked":["Pommel Strike","Thunderclap"],"picked":"Perfected Strike+1","floor":24},{"not_picked":["Shrug It Off","Sword Boomerang"],"picked":"Pommel Strike+1","floor":25},{"not_picked":["Juggernaut","Pommel Strike"],"picked":"Corruption","floor":27}],"player_experience":5567,"relics_obtained":[{"floor":7.0,"key":"Bottled Flame"},{"floor":9.0,"key":"Lantern"},{"floor":12.0,"key":"Potion Belt"},{"floor":26,"key":"Bag of Marbles"}],"event_choices":[{"damage_healed":0.0,"max_hp_gain":0.0,"max_hp_loss":0.0,"gold_gain":0.0,"event_name":"Dead Adventurer","player_choice":"Searched \u00271\u0027 times","floor":7.0,"gold_loss":0.0,"damage_taken":0.0},{"damage_healed":0.0,"max_hp_gain":0.0,"max_hp_loss":0.0,"gold_gain":0.0,"cards_transformed":["Strike_R"],"event_name":"Transmorgrifier","player_choice":"Transformed","floor":11.0,"gold_loss":0.0,"damage_taken":0.0,"cards_obtained":["Fire Breathing"]},{"damage_healed":26,"gold_gain":0,"player_choice":"Heal","damage_taken":0,"max_hp_gain":0,"max_hp_loss":0,"event_name":"The Library","floor":21,"gold_loss":0},{"damage_healed":0,"gold_gain":0,"player_choice":"Fight","damage_taken":0,"max_hp_gain":0,"max_hp_loss":0,"event_name":"Colosseum","floor":28,"gold_loss":0}],"is_beta":false,"boss_relics":[{"not_picked":["Runic Dome","Cursed Key"],"picked":"Black Blood"}],"items_purged_floors":[],"is_endless":false,"potions_floor_spawned":[3,5,7,8,14,18,22],"killed_by":"Colosseum Slavers","ascension_level":0}