{"gold_per_floor":[110,285,285,135,148,148,176,199,199,199,209,244,319,337,337,432,432,448,467,467,479,24,55,55,68,114,23,42,53,68,84,84,183,183,203,215,232,232,232,232],"floor_reached":40,"playtime":2417,"items_purged":[],"score":445,"play_id":"2f4ca7c4-5b73-46c6-955b-0613a6ef788b","local_time":"20190123160507","is_ascension_mode":false,"campfire_choices":[{"data":"Armaments","floor":6,"key":"SMITH"},{"floor":10,"key":"DIG"},{"floor":15,"key":"DIG"},{"floor":24,"key":"REST"},{"floor":32,"key":"REST"}],"neow_cost":"NONE","seed_source_timestamp":1567360787846659,"circlet_count":0,"master_deck":["Strike_R","Strike_R","Strike_R","Strike_R","Strike_R","Defend_R","Defend_R","Defend_R","Defend_R","Bash","Sword Boomerang","Armaments+1","Uppercut","Infernal Blade","Headbutt","Spot Weakness","Thunderclap","Berserk","Uppercut+1","Armaments+1","Reckless Charge","Wild Strike","Feel No Pain","Bandage Up","Shrug It Off+1","Anger","Power Through","Cleave","Immolate","Sword Boomerang","Perfected Strike","Searing Blow"],"relics":["Burning Blood","NeowsBlessing","Bag of Preparation","Pantograph","Odd Mushroom","Shovel","Boot","Self Forming Clay","Blood Vial","Busted Crown","Toolbox","Bottled Lightning","Centennial Puzzle","Dream Catcher","Fusion Hammer"],"potions_floor_usage":[12,14,16,16,25,29,30,33,37,40],"damage_taken":[{"damage":0,"enemies":"2 Louse","floor":1,"turns":1},{"damage":0,"enemies":"Jaw Worm","floor":5,"turns":1},{"damage":0,"enemies":"3 Sentries","floor":7,"turns":1},{"damage":29,"enemies":"The Mushroom Lair","floor":8,"turns":6},{"damage":5,"enemies":"Small Slimes","floor":11,"turns":2},{"damage":26,"enemies":"Lagavulin","floor":12,"turns":5},{"damage":6,"enemies":"3 Louse","floor":14,"turns":3},{"damage":25,"enemies":"The Guardian","floor":16,"turns":9},{"damage":11,"enemies":"3 Byrds","floor":18,"turns":4},{"damage":19,"enemies":"2 Thieves","floor":19,"turns":4},{"damage":24,"enemies":"Snake Plant","floor":21,"turns":4},{"damage":43,"enemies":"Slavers","floor":23,"turns":5},{"damage":10,"enemies":"Cultist and Chosen","floor":25,"turns":6},{"damage":4,"enemies":"Snecko","floor":28,"turns":4},{"damage":16,"enemies":"Centurion and Healer","floor":29,"turns":4},{"damage":3,"enemies":"Snake Plant","floor":30,"turns":4},{"damage":11,"enemies":"Shelled Parasite and Fungi","floor":31,"turns":3},{"damage":43,"enemies":"Champ","floor":33,"turns":9},{"damage":5,"enemies":"Orb Walker","floor":35,"turns":3},{"damage":18,"enemies":"3 Darklings","floor":36,"turns":3},{"damage":47,"enemies":"Writhing Mass","floor":37,"turns":7},{"damage":81,"enemies":"Giant Head","floor":40,"turns":8}],"seed_played":"-7580468328706127788","potions_obtained":[{"floor":8,"key":"SteroidPotion"},{"floor":11,"key":"Poison Potion"},{"floor":12,"key":"Block Potion"},{"floor":14,"key":"Energy Potion"},{"floor":23,"key":"PowerPotion"},{"floor":25,"key":"PowerPotion"},{"floor":29,"key":"Block Potion"},{"floor":31,"key":"AttackPotion"},{"floor":36,"key":"GamblersBrew"},{"floor":37,"key":"Dexterity Potion"}],"is_trial":false,"path_per_floor":["?","?","$","?","?","M","?","M","M","?","?"],"character_chosen":"IRONCLAD","items_purchased":["Bag of Preparation","Toolbox","Bottled Lightning","Bandage Up"],"campfire_rested":2,"item_purchase_floors":[4,22,22,27],"current_hp_per_floor":[80,80,73,73,79,79,80,57,57,57,58,38,27,27,27,35,80,75,64,64,48,48,13,37,35,35,35,45,37,46,43,67,49,80,80,68,33,33,70,0],"gold":232,"neow_bonus":"THREE_ENEMY_KILL","is_prod":false,"is_daily":false,"chose_seed":false,"campfire_upgraded":1,"win_rate":0,"timestamp":1548277507,"path_taken":["M","?","?","?","M","R","E","?","T","R","M","E","?","?","R","BOSS","M","M","?","M","$","E","R","M","T","$","?","M","M","M","R","BOSS","M","?","M","?","?","E"],"build_version":"2019-01-23","purchased_purges":0,"victory":false,"max_hp_per_floor":[80,80,80,80,80,80,80,80,80,80,80,80,80,80,80,80,80,80,80,80,80,80,80,80,80,80,80,80,80,80,80,80,80,80,80,80,80,80,70,70],"card_choices":[{"not_picked":["Perfected Strike","Wild Strike"],"picked":"Sword Boomerang","floor":1},{"not_picked":["Heavy Blade","True Grit"],"picked":"Armaments","floor":5},{"not_picked":["Corruption","Perfected Strike"],"picked":"Uppercut","floor":7},{"not_picked":["Intimidate","Entrench"],"picked":"Infernal Blade","floor":8},{"not_picked":["Bloodletting","Iron Wave"],"picked":"Headbutt","floor":11},{"not_picked":["Clothesline","Evolve"],"picked":"Spot Weakness","floor":12},{"not_picked":["Cleave","Perfected Strike"],"picked":"Thunderclap","floor":14},{"not_picked":["Juggernaut","Limit Break"],"picked":"Berserk","floor":16},{"not_picked":["Second Wind+1"],"picked":"SKIP","floor":18},{"not_picked":[],"picked":"Uppercut+1","floor":19},{"not_picked":[],"picked":"Reckless Charge","floor":21},{"not_picked":[],"picked":"Wild Strike","floor":23},{"not_picked":[],"picked":"Feel No Pain","floor":25},{"not_picked":[],"picked":"Heavy Blade","floor":28},{"not_picked":[],"picked":"Shrug It Off+1","floor":29},{"not_picked":[],"picked":"Anger","floor":30},{"not_picked":[],"picked":"Power Through","floor":31},{"not_picked":[],"picked":"Cleave","floor":32},{"not_picked":[],"picked":"Immolate","floor":33},{"not_picked":[],"picked":"Sword Boomerang","floor":35},{"not_picked":[],"picked":"Perfected Strike","floor":36},{"not_picked":[],"picked":"Searing Blow","floor":37}],"player_experience":333297,"relics_obtained":[{"floor":7,"key":"Pantograph"},{"floor":8,"key":"Odd Mushroom"},{"floor":9,"key":"Shovel"},{"floor":10,"key":"Boot"},{"floor":12,"key":"Self Forming Clay"},{"floor":15,"key":"Blood Vial"},{"floor":23,"key":"Centennial Puzzle"},{"floor":26,"key":"Dream Catcher"}],"event_choices":[{"damage_healed":0,"gold_gain":175,"player_choice":"AGREE","damage_taken":0,"max_hp_gain":0,"max_hp_loss":0,"event_name":"Liars Game","floor":2,"gold_loss":0,"cards_obtained":["Doubt"]},{"cards_removed":["Doubt"],"damage_healed":0,"gold_gain":0,"player_choice":"Card Removal","damage_taken":7,"max_hp_gain":0,"max_hp_loss":0,"event_name":"Golden Wing","floor":3,"gold_loss":0},{"damage_healed":0,"gold_gain":0,"player_choice":"Fought Mushrooms","damage_taken":0,"max_hp_gain":0,"max_hp_loss":0,"event_name":"Mushrooms","floor":8,"gold_loss":0},{"damage_healed":0,"gold_gain":75,"player_choice":"Gather Gold","damage_taken":11,"max_hp_gain":0,"max_hp_loss":0,"event_name":"World of Goop","floor":13,"gold_loss":0},{"damage_healed":0,"gold_gain":0,"player_choice":"Copied","damage_taken":0,"max_hp_gain":0,"max_hp_loss":0,"event_name":"Duplicator","floor":20,"gold_loss":0,"cards_obtained":["Armaments"]},{"cards_removed":["Heavy Blade"],"damage_healed":0,"gold_gain":0,"player_choice":"Removed Attack","damage_taken":0,"max_hp_gain":0,"max_hp_loss":0,"event_name":"Falling","floor":38,"gold_loss":0},{"damage_healed":70,"gold_gain":0,"player_choice":"Heal","damage_taken":0,"max_hp_gain":0,"max_hp_loss":10,"event_name":"The Moai Head","floor":39,"gold_loss":0}],"is_beta":false,"boss_relics":[{"not_picked":["Ectoplasm","Cursed Key"],"picked":"Busted Crown"},{"not_picked":["Coffee Dripper","Snecko Eye"],"picked":"Fusion Hammer"}],"items_purged_floors":[],"is_endless":false,"potions_floor_spawned":[8,11,12,14,23,25,29,31,36,37],"killed_by":"Giant Head","ascension_level":0}