{"gold_per_floor":[119,119,138,63,28,28,42,58,58,58,77,91,91,117,117,195,195,213,233,283,0,11,11,11,11,11,11,45,60,71,89,89,89],"floor_reached":33,"playtime":2581,"items_purged":["Strike_G","Strike_G"],"score":511,"play_id":"5410d0ea-a574-4ca7-b75b-cb100ef2eb43","local_time":"20190621094241","is_ascension_mode":true,"campfire_choices":[{"data":"Riddle With Holes","floor":6,"key":"SMITH"},{"data":"Backflip","floor":10,"key":"SMITH"},{"data":"Riddle With Holes","floor":15,"key":"SMITH"},{"floor":23,"key":"REST"},{"floor":25,"key":"REST"},{"floor":32,"key":"REST"}],"neow_cost":"NONE","seed_source_timestamp":746478167175676,"circlet_count":0,"master_deck":["AscendersBane","Defend_G","Defend_G","Defend_G+1","Defend_G","Defend_G","Strike_G","Strike_G+1","Strike_G+1","Survivor","Neutralize+1","Deadly Poison","Riddle With Holes+1","Backflip+1","Riddle With Holes+1","Footwork","Choke","A Thousand Cuts","Mayhem","Necronomicurse","Cloak And Dagger","Predator+1","Backflip"],"relics":["Snecko Eye","Whetstone","Bottled Lightning","Philosopher\u0027s Stone","Necronomicon","The Courier","MutagenicStrength","Smiling Mask"],"potions_floor_usage":[7,12,14,16,28,30,30,31],"damage_taken":[{"damage":7,"enemies":"2 Louse","floor":1,"turns":4},{"damage":6,"enemies":"Small Slimes","floor":3,"turns":4},{"damage":0,"enemies":"Jaw Worm","floor":7,"turns":3},{"damage":1,"enemies":"Large Slime","floor":8,"turns":5},{"damage":0,"enemies":"2 Fungi Beasts","floor":11,"turns":3},{"damage":1,"enemies":"Blue Slaver","floor":12,"turns":3},{"damage":10,"enemies":"Gremlin Nob","floor":14,"turns":4},{"damage":19,"enemies":"The Guardian","floor":16,"turns":8},{"damage":11,"enemies":"Shell Parasite","floor":18,"turns":4},{"damage":7,"enemies":"2 Thieves","floor":19,"turns":3},{"damage":20,"enemies":"Shelled Parasite and Fungi","floor":22,"turns":5},{"damage":18,"enemies":"Book of Stabbing","floor":28,"turns":4},{"damage":15,"enemies":"Cultist and Chosen","floor":29,"turns":4},{"damage":0,"enemies":"Centurion and Healer","floor":30,"turns":3},{"damage":12,"enemies":"Snake Plant","floor":31,"turns":5},{"damage":28,"enemies":"Champ","floor":33,"turns":3}],"seed_played":"-4980544755764376228","potions_obtained":[{"floor":3,"key":"Block Potion"},{"floor":7,"key":"Fruit Juice"},{"floor":11,"key":"Fire Potion"},{"floor":14,"key":"Strength Potion"},{"floor":19,"key":"PowerPotion"},{"floor":22,"key":"Fire Potion"},{"floor":28,"key":"Block Potion"},{"floor":30,"key":"Weak Potion"}],"is_trial":false,"path_per_floor":["M","?","M","$","?","R","M","M","T","R","M","M","?","E","R","B",null,"M","M","?","$","M","R","?","R","T","?","E","M","M","M","R","B"],"character_chosen":"THE_SILENT","items_purchased":["Mayhem"],"campfire_rested":3,"item_purchase_floors":[21],"current_hp_per_floor":[52,32,26,26,42,42,47,46,46,46,46,45,68,58,58,39,63,52,45,45,45,25,46,25,46,46,46,28,13,13,1,22,0],"gold":89,"neow_bonus":"BOSS_RELIC","is_prod":false,"is_daily":false,"chose_seed":false,"campfire_upgraded":3,"win_rate":0,"timestamp":1561081361,"path_taken":["M","?","M","$","?","R","M","M","T","R","M","M","?","E","R","BOSS","M","M","?","$","M","R","?","R","T","?","E","M","M","M","R","BOSS"],"build_version":"2019-01-23","purchased_purges":2,"victory":false,"max_hp_per_floor":[66,66,66,66,66,66,71,71,71,71,71,71,71,71,71,71,71,71,71,71,71,71,71,71,71,71,71,71,71,71,71,71,71],"card_choices":[{"not_picked":["Poisoned Stab","Heel Hook"],"picked":"Deadly Poison","floor":1},{"not_picked":["Backstab","Backflip"],"picked":"Riddle With Holes","floor":3},{"not_picked":["Catalyst","All Out Attack","Finisher"],"picked":"SKIP","floor":7},{"not_picked":["Bane","Die Die Die"],"picked":"Backflip","floor":8},{"not_picked":["Calculated Gamble","Underhanded Strike"],"picked":"Riddle With Holes","floor":11},{"not_picked":["Slice","Acrobatics"],"picked":"Footwork","floor":12},{"not_picked":["Unload","Backflip"],"picked":"Choke","floor":14},{"not_picked":["Grand Finale","After Image"],"picked":"A Thousand Cuts","floor":16},{"not_picked":["Setup","Dodge and Roll","Blade Dance"],"picked":"SKIP","floor":18},{"not_picked":["Concentrate","PiercingWail","Dagger Throw"],"picked":"SKIP","floor":19},{"not_picked":["Dagger Spray","Deflect","Slice"],"picked":"SKIP","floor":22},{"not_picked":["Calculated Gamble","Infinite Blades"],"picked":"Cloak And Dagger","floor":28},{"not_picked":["Dagger Throw","Cloak And Dagger"],"picked":"Predator+1","floor":29},{"not_picked":["Dagger Throw","Caltrops"],"picked":"Backflip","floor":30},{"not_picked":["Acrobatics","Noxious Fumes","Bane"],"picked":"SKIP","floor":31}],"player_experience":929026,"relics_obtained":[{"floor":9,"key":"Whetstone"},{"floor":14,"key":"Bottled Lightning"},{"floor":24,"key":"Necronomicon"},{"floor":26,"key":"The Courier"},{"floor":28,"key":"Smiling Mask"}],"event_choices":[{"damage_healed":0,"gold_gain":0,"player_choice":"Entered Light","damage_taken":20,"max_hp_gain":0,"max_hp_loss":0,"event_name":"Shining Light","floor":2,"gold_loss":0,"cards_upgraded":["Defend_G","Strike_G"]},{"damage_healed":16,"gold_gain":0,"player_choice":"Healed","damage_taken":0,"max_hp_gain":0,"max_hp_loss":0,"event_name":"The Cleric","floor":5,"gold_loss":35},{"damage_healed":23,"gold_gain":0,"player_choice":"Banana","damage_taken":0,"max_hp_gain":0,"max_hp_loss":0,"event_name":"Big Fish","floor":13,"gold_loss":0},{"damage_healed":0,"gold_gain":50,"player_choice":"Stole From Cult","damage_taken":0,"max_hp_gain":0,"max_hp_loss":0,"event_name":"Nest","floor":20,"gold_loss":0},{"damage_healed":0,"gold_gain":0,"player_choice":"Obtained Book","damage_taken":21,"max_hp_gain":0,"max_hp_loss":0,"event_name":"Cursed Tome","floor":24,"gold_loss":0},{"damage_healed":0,"gold_gain":0,"player_choice":"Inject Mutagens","damage_taken":0,"relics_obtained":["MutagenicStrength"],"max_hp_gain":0,"max_hp_loss":0,"event_name":"Drug Dealer","floor":27,"gold_loss":0}],"is_beta":false,"boss_relics":[{"not_picked":["Runic Pyramid","Tiny House"],"picked":"Philosopher\u0027s Stone"}],"items_purged_floors":[4,21],"is_endless":false,"potions_floor_spawned":[3,7,11,14,19,22,28,30],"killed_by":"Champ","ascension_level":18}