{"gold_per_floor":[116,136,136,147,25,25,57,77,103,178,190,190,190,209,209,306,306,322,322,237,255,271,271],"floor_reached":23,"playtime":1439,"items_purged":[],"score":193,"play_id":"870e766b-6dcc-4e92-bf24-2553b9747112","local_time":"20190116013633","is_ascension_mode":false,"campfire_choices":[{"data":"Terror","floor":6,"key":"SMITH"},{"floor":12,"key":"REST"},{"floor":15,"key":"REST"}],"neow_cost":"NONE","seed_source_timestamp":596619334913280,"circlet_count":0,"master_deck":["Defend_G","Defend_G+1","Defend_G","Defend_G","Defend_G","Strike_G+1","Strike_G","Strike_G","Strike_G","Strike_G","Survivor","Neutralize","Quick Slash+1","Cloak And Dagger+1","Terror+1","Backstab","Quick Slash","Dagger Spray","Underhanded Strike","Quick Slash","Storm of Steel","Outmaneuver+1","Predator","Blade Dance"],"relics":["Ring of the Snake","Potion Belt","Bag of Marbles","White Beast Statue","Centennial Puzzle"],"potions_floor_usage":[16,22,22,22,23,23,23],"damage_taken":[{"damage":1,"enemies":"Cultist","floor":1,"turns":4},{"damage":0,"enemies":"2 Louse","floor":2,"turns":3},{"damage":0,"enemies":"Small Slimes","floor":4,"turns":3},{"damage":25,"enemies":"3 Sentries","floor":7,"turns":9},{"damage":0,"enemies":"3 Louse","floor":8,"turns":2},{"damage":2,"enemies":"Looter","floor":11,"turns":2},{"damage":0,"enemies":"Exordium Thugs","floor":14,"turns":2},{"damage":25,"enemies":"Hexaghost","floor":16,"turns":9},{"damage":7,"enemies":"2 Thieves","floor":18,"turns":3},{"damage":5,"enemies":"3 Byrds","floor":21,"turns":4},{"damage":0,"enemies":"Centurion and Healer","floor":22,"turns":3},{"damage":61,"enemies":"Gremlin Leader","floor":23,"turns":9}],"seed_played":"9164566316669539501","potions_obtained":[{"floor":7,"key":"Swift Potion"},{"floor":8,"key":"Explosive Potion"},{"floor":11,"key":"Dexterity Potion"},{"floor":16,"key":"Block Potion"},{"floor":18,"key":"Dexterity Potion"},{"floor":21,"key":"Poison Potion"},{"floor":22,"key":"Explosive Potion"}],"is_trial":false,"path_per_floor":["M","M","?","M","$","R","E","M","T","?","M","R","?","M","R","B",null,"M","?","?","M","M","E"],"character_chosen":"THE_SILENT","items_purchased":["Backstab","Swift Potion"],"campfire_rested":2,"item_purchase_floors":[5,5],"current_hp_per_floor":[69,69,69,69,69,69,44,44,44,33,31,52,38,38,59,34,70,63,63,63,58,58,0],"gold":271,"neow_bonus":"UPGRADE_CARD","is_prod":false,"is_daily":false,"chose_seed":false,"campfire_upgraded":1,"win_rate":0.0,"timestamp":1547620593,"path_taken":["M","M","?","M","$","R","E","M","T","?","M","R","?","M","R","BOSS","M","?","?","M","M","E"],"build_version":"2019-01-10","purchased_purges":0,"victory":false,"max_hp_per_floor":[70,70,70,70,70,70,70,70,70,70,70,70,70,70,70,70,70,70,70,70,70,70,70],"card_choices":[{"not_picked":["Dodge and Roll","Skewer"],"picked":"Quick Slash","floor":1},{"not_picked":["PiercingWail","Caltrops"],"picked":"Cloak And Dagger","floor":2},{"not_picked":["Deflect","Outmaneuver"],"picked":"Terror","floor":4},{"not_picked":["PiercingWail","All Out Attack"],"picked":"Quick Slash","floor":7},{"not_picked":["Slice","Leg Sweep"],"picked":"Dagger Spray","floor":8},{"not_picked":["Catalyst","Caltrops"],"picked":"Underhanded Strike","floor":11},{"not_picked":["Slice","Well Laid Plans"],"picked":"Quick Slash","floor":14},{"not_picked":["Phantasmal Killer","Malaise"],"picked":"Storm of Steel","floor":16},{"not_picked":["Eviscerate","Dodge and Roll"],"picked":"Outmaneuver+1","floor":18},{"not_picked":["Reflex+1","Poisoned Stab"],"picked":"Predator","floor":21},{"not_picked":["Crippling Poison","Blur"],"picked":"Blade Dance","floor":22}],"player_experience":31729,"relics_obtained":[{"floor":7,"key":"Potion Belt"},{"floor":9,"key":"Bag of Marbles"}],"event_choices":[{"damage_healed":0,"gold_gain":0,"player_choice":"Grow","damage_taken":0,"max_hp_gain":0,"max_hp_loss":0,"event_name":"Living Wall","floor":3,"gold_loss":0,"cards_upgraded":["Cloak And Dagger"]},{"damage_healed":0,"gold_gain":75,"player_choice":"Gather Gold","damage_taken":11,"max_hp_gain":0,"max_hp_loss":0,"event_name":"World of Goop","floor":10,"gold_loss":0},{"damage_healed":0,"gold_gain":0,"player_choice":"Entered Light","damage_taken":14,"max_hp_gain":0,"max_hp_loss":0,"event_name":"Shining Light","floor":13,"gold_loss":0,"cards_upgraded":["Quick Slash","Defend_G"]},{"damage_healed":0,"gold_gain":0,"player_choice":"Ignored","damage_taken":0,"max_hp_gain":0,"max_hp_loss":0,"event_name":"Vampires","floor":19,"gold_loss":0},{"damage_healed":0,"gold_gain":0,"player_choice":"Obtained Relic","damage_taken":0,"relics_obtained":["Centennial Puzzle"],"max_hp_gain":0,"max_hp_loss":0,"event_name":"Addict","floor":20,"gold_loss":85}],"is_beta":false,"boss_relics":[{"not_picked":["Snecko Eye","Lizard Tail"],"picked":"White Beast Statue"}],"items_purged_floors":[],"is_endless":false,"potions_floor_spawned":[7,8,11,16,18,21,22],"killed_by":"Gremlin Leader","ascension_level":0}