{"gold_per_floor":[115,130,54,54,68,68,68,68,68,81,97,97,131,151,151,254,284,298,313,0,46,58,70,111,135,147,193,205,132,69,69,69,166,166,177,190,190,207,4,4,14,14,14,14,41,54,2,2,2,2],"floor_reached":50,"playtime":2718,"items_purged":["Writhe","Injury"],"score":688,"play_id":"c31288ff-db3e-4567-a0be-9bfed872b95e","local_time":"20181102001008","is_ascension_mode":true,"campfire_choices":[{"data":"Immolate","floor":6,"key":"SMITH"},{"data":"Juggernaut","floor":8,"key":"SMITH"},{"data":"Body Slam","floor":12,"key":"SMITH"},{"data":"Power Through","floor":15,"key":"SMITH"},{"data":"Feed","floor":23,"key":"SMITH"},{"data":"Armaments","floor":28,"key":"SMITH"},{"data":"Shrug It Off","floor":32,"key":"SMITH"},{"data":"Metallicize","floor":40,"key":"SMITH"},{"floor":42,"key":"REST"},{"floor":49,"key":"REST"}],"neow_cost":"NONE","seed_source_timestamp":3730524420398,"circlet_count":0,"master_deck":["Strike_R","Strike_R","Strike_R","Strike_R","Strike_R","Defend_R","Defend_R","Defend_R","Defend_R","Bash","Juggernaut+1","Cleave","Body Slam+1","Immolate+1","Power Through+1","Body Slam+1","Iron Wave","Ghostly Armor","Feed+1","Clumsy","Shrug It Off","Shrug It Off+1","Armaments+1","Berserk+1","Warcry+1","Metallicize","Shrug It Off","Metallicize+1","Parasite","Writhe"],"relics":["Burning Blood","Self Forming Clay","StoneCalendar","Calling Bell","Tiny Chest","Meat on the Bone","Charon\u0027s Ashes","MawBank","Bag of Preparation","Bottled Flame","Boot","Pear","White Beast Statue","Shuriken","Darkstone Periapt","Orichalcum"],"potions_floor_usage":[18,24,31,33,33,38,46,50],"damage_taken":[{"damage":1,"enemies":"2 Louse","floor":1,"turns":2},{"damage":2,"enemies":"Jaw Worm","floor":2,"turns":3},{"damage":4,"enemies":"Small Slimes","floor":5,"turns":3},{"damage":9,"enemies":"Red Slaver","floor":10,"turns":2},{"damage":1,"enemies":"2 Fungi Beasts","floor":11,"turns":3},{"damage":16,"enemies":"Gremlin Nob","floor":13,"turns":4},{"damage":3,"enemies":"Blue Slaver","floor":14,"turns":2},{"damage":37,"enemies":"The Guardian","floor":16,"turns":7},{"damage":22,"enemies":"2 Thieves","floor":18,"turns":3},{"damage":22,"enemies":"Spheric Guardian","floor":19,"turns":4},{"damage":21,"enemies":"Gremlin Leader","floor":24,"turns":7},{"damage":4,"enemies":"3 Cultists","floor":25,"turns":5},{"damage":25,"enemies":"Slavers","floor":27,"turns":4},{"damage":0,"enemies":"Centurion and Healer","floor":31,"turns":1},{"damage":65,"enemies":"Collector","floor":33,"turns":10},{"damage":7,"enemies":"Orb Walker","floor":35,"turns":4},{"damage":22,"enemies":"3 Shapes","floor":36,"turns":3},{"damage":25,"enemies":"3 Darklings","floor":38,"turns":3},{"damage":57,"enemies":"Writhing Mass","floor":41,"turns":6},{"damage":19,"enemies":"Nemesis","floor":45,"turns":7},{"damage":40,"enemies":"Maw","floor":46,"turns":7},{"damage":107,"enemies":"Awakened One","floor":50,"turns":13}],"seed_played":"-2234591958696838610","potions_obtained":[{"floor":2,"key":"Block Potion"},{"floor":14,"key":"EssenceOfSteel"},{"floor":16,"key":"GamblersBrew"},{"floor":25,"key":"Poison Potion"},{"floor":27,"key":"SmokeBomb"},{"floor":35,"key":"SpeedPotion"},{"floor":36,"key":"Explosive Potion"},{"floor":38,"key":"GamblersBrew"},{"floor":41,"key":"GamblersBrew"},{"floor":45,"key":"AttackPotion"},{"floor":46,"key":"SpeedPotion"}],"is_trial":false,"path_per_floor":["M","M","$","?","M","R","?","R","T","M","M","R","E","M","R","B",null,"M","M","?","T","$","R","E","M","T","E","R","?","$","M","R","B",null,"M","M","?","M","$","R","M","R","T","?","E","M","$","?","R","B"],"character_chosen":"IRONCLAD","items_purchased":["Immolate","Shrug It Off","Metallicize","SteroidPotion"],"campfire_rested":2,"item_purchase_floors":[3,39,39,47],"current_hp_per_floor":[80,80,80,80,80,80,80,80,80,77,80,80,70,73,73,42,71,58,54,54,54,54,54,51,57,57,54,54,64,64,70,70,23,82,81,65,65,58,58,58,19,49,49,80,67,45,45,45,77,0],"gold":2,"neow_bonus":"ONE_RANDOM_RARE_CARD","is_prod":false,"is_daily":false,"chose_seed":false,"campfire_upgraded":8,"win_rate":0,"timestamp":1541128208,"path_taken":["M","M","$","?","M","R","?","R","T","M","M","R","E","M","R","BOSS","M","M","?","?","?","R","E","M","T","E","R","?","$","M","R","BOSS","M","M","?","M","$","R","?","R","T","?","E","M","$","?","R","BOSS"],"build_version":"2018-11-01","purchased_purges":2,"victory":false,"max_hp_per_floor":[80,80,80,80,80,80,80,80,80,80,80,80,80,80,80,80,80,83,83,83,83,83,83,83,87,87,91,91,101,101,101,101,101,101,101,101,101,101,101,101,101,101,101,107,107,107,107,107,107,111],"card_choices":[{"not_picked":["Wild Strike","Armaments"],"picked":"Cleave","floor":1},{"not_picked":["Sword Boomerang","Perfected Strike"],"picked":"Body Slam","floor":2},{"not_picked":["Perfected Strike","Blood for Blood"],"picked":"Power Through","floor":5},{"not_picked":["Wild Strike","Combust"],"picked":"Body Slam","floor":10},{"not_picked":["Anger","Rage"],"picked":"Iron Wave","floor":11},{"not_picked":["Anger","Fiend Fire","Dual Wield"],"picked":"SKIP","floor":13},{"not_picked":["Whirlwind","Combust"],"picked":"Ghostly Armor","floor":14},{"not_picked":["Fiend Fire","Brutality"],"picked":"Feed","floor":16},{"not_picked":["Dual Wield","Spot Weakness"],"picked":"Shrug It Off","floor":18},{"not_picked":["Fire Breathing+1","Havoc"],"picked":"Shrug It Off","floor":19},{"not_picked":["Dark Embrace","Headbutt","Havoc"],"picked":"SKIP","floor":24},{"not_picked":["Clash","Wild Strike","Sword Boomerang"],"picked":"SKIP","floor":25},{"not_picked":["Perfected Strike","Intimidate+1"],"picked":"Armaments","floor":27},{"not_picked":["Offering","Barricade"],"picked":"Berserk","floor":33},{"not_picked":["Twin Strike","Wild Strike+1","Inflame+1"],"picked":"SKIP","floor":35},{"not_picked":["Heavy Blade+1","Searing Blow+1"],"picked":"Warcry+1","floor":36},{"not_picked":["Thunderclap","Twin Strike"],"picked":"Metallicize","floor":38},{"not_picked":["Spot Weakness","Shockwave","Burning Pact+1"],"picked":"SKIP","floor":41},{"not_picked":["Cleave","Carnage","Pommel Strike"],"picked":"SKIP","floor":45},{"not_picked":["Carnage+1","Entrench","Spot Weakness+1"],"picked":"SKIP","floor":46}],"player_experience":235527,"relics_obtained":[{"floor":9,"key":"Self Forming Clay"},{"floor":13,"key":"StoneCalendar"},{"floor":17,"key":"Tiny Chest"},{"floor":17,"key":"Meat on the Bone"},{"floor":17,"key":"Charon\u0027s Ashes"},{"floor":21,"key":"MawBank"},{"floor":24,"key":"Bag of Preparation"},{"floor":26,"key":"Bottled Flame"},{"floor":27,"key":"Boot"},{"floor":43,"key":"Darkstone Periapt"},{"floor":45,"key":"Orichalcum"}],"event_choices":[{"damage_healed":0,"gold_gain":0,"player_choice":"Ignored","damage_taken":0,"max_hp_gain":0,"max_hp_loss":0,"event_name":"Liars Game","floor":4,"gold_loss":0},{"damage_healed":0,"gold_gain":0,"player_choice":"Grow","damage_taken":0,"max_hp_gain":0,"max_hp_loss":0,"event_name":"Living Wall","floor":7,"gold_loss":0,"cards_upgraded":["Body Slam"]},{"damage_healed":0,"gold_gain":0,"player_choice":"Paid Fearfully","damage_taken":0,"max_hp_gain":0,"max_hp_loss":0,"event_name":"Masked Bandits","floor":20,"gold_loss":313},{"damage_healed":0,"gold_gain":0,"player_choice":"Obtained Relic","damage_taken":0,"relics_obtained":["Pear"],"max_hp_gain":0,"max_hp_loss":0,"event_name":"Addict","floor":29,"gold_loss":85},{"damage_healed":0,"gold_gain":0,"player_choice":"Gave Potion","damage_taken":0,"relics_obtained":["Shuriken"],"max_hp_gain":0,"max_hp_loss":0,"event_name":"WeMeetAgain","floor":37,"gold_loss":0},{"damage_healed":25,"gold_gain":0,"player_choice":"Writhe","damage_taken":0,"max_hp_gain":0,"max_hp_loss":0,"event_name":"Winding Halls","floor":44,"gold_loss":0,"cards_obtained":["Writhe"]},{"damage_healed":0,"gold_gain":0,"player_choice":"Forge","damage_taken":0,"max_hp_gain":0,"max_hp_loss":0,"event_name":"Accursed Blacksmith","floor":48,"gold_loss":0,"cards_upgraded":["Berserk"]}],"is_beta":false,"boss_relics":[{"not_picked":["Runic Pyramid","Tiny House"],"picked":"Calling Bell"},{"not_picked":["Eternal Feather","Black Blood"],"picked":"White Beast Statue"}],"items_purged_floors":[30,39],"is_endless":false,"potions_floor_spawned":[2,14,16,25,27,31,35,36,38,41,45,46],"killed_by":"Awakened One","ascension_level":5}