{"gold_per_floor":[113,113,128,142,166,205,205,205],"floor_reached":8,"playtime":664,"items_purged":[],"score":58,"play_id":"a910dabf-bc97-4d40-84dc-ba6253f53af9","local_time":"20190616133618","is_ascension_mode":false,"campfire_choices":[],"neow_cost":"NONE","seed_source_timestamp":4701787714100,"circlet_count":0,"master_deck":["Strike_R","Strike_R","Strike_R","Strike_R","Strike_R","Defend_R","Defend_R","Defend_R","Defend_R","Bash","Intimidate","Injury","Rampage","Power Through","Blood for Blood","Shrug It Off"],"relics":["Burning Blood","Red Skull","Golden Idol","Gremlin Horn"],"potions_floor_usage":[6,8],"damage_taken":[{"damage":2,"enemies":"Small Slimes","floor":1,"turns":4},{"damage":3,"enemies":"Jaw Worm","floor":3,"turns":4},{"damage":3,"enemies":"Cultist","floor":4,"turns":5},{"damage":10,"enemies":"Looter","floor":5,"turns":3},{"damage":26,"enemies":"Lagavulin","floor":6,"turns":8},{"damage":58,"enemies":"Gremlin Nob","floor":8,"turns":5}],"seed_played":"-5815989183468029681","potions_obtained":[{"floor":1,"key":"SpeedPotion"},{"floor":4,"key":"Swift Potion"},{"floor":7,"key":"SteroidPotion"},{"floor":7,"key":"LiquidBronze"}],"is_trial":false,"path_per_floor":["M","?","M","M","M","E","?","E"],"character_chosen":"IRONCLAD","items_purchased":[],"campfire_rested":0,"item_purchase_floors":[],"current_hp_per_floor":[80,80,80,80,76,56,56,0],"gold":205,"neow_bonus":"RANDOM_COMMON_RELIC","is_prod":false,"is_daily":false,"chose_seed":false,"campfire_upgraded":0,"win_rate":0.0,"timestamp":1560656178,"path_taken":["M","?","M","M","M","E","?","E"],"build_version":"2019-01-23","purchased_purges":0,"victory":false,"max_hp_per_floor":[80,80,80,80,80,80,80,80],"card_choices":[{"not_picked":["Rupture","Whirlwind"],"picked":"Intimidate","floor":1},{"not_picked":["Heavy Blade","Warcry"],"picked":"Rampage","floor":3},{"not_picked":["Fire Breathing","Reckless Charge"],"picked":"Power Through","floor":4},{"not_picked":["Warcry","Spot Weakness"],"picked":"Blood for Blood","floor":5},{"not_picked":["Immolate","Anger"],"picked":"Shrug It Off","floor":6}],"player_experience":42887,"relics_obtained":[{"floor":6,"key":"Gremlin Horn"}],"event_choices":[{"damage_healed":0,"gold_gain":0,"player_choice":"Take Wound","damage_taken":0,"relics_obtained":["Golden Idol"],"max_hp_gain":0,"max_hp_loss":0,"event_name":"Golden Idol","floor":2,"gold_loss":0,"cards_obtained":["Injury"]},{"damage_healed":0,"gold_gain":0,"player_choice":"Got Potions","damage_taken":0,"max_hp_gain":0,"max_hp_loss":0,"event_name":"Lab","floor":7,"gold_loss":0}],"is_beta":false,"boss_relics":[],"items_purged_floors":[],"is_endless":false,"potions_floor_spawned":[1,4],"killed_by":"Gremlin Nob","ascension_level":0}