{"gold_per_floor":[112,112,125,135,151,179,179,205,251,251,276,276,300,68,68,196,196,210,246,246,246,246,246,426,446,524,449,449,488,488,508,508,508],"floor_reached":33,"playtime":3328,"items_purged":[],"score":397,"play_id":"6be1d70b-0f5a-41b5-8fd6-10d22a909d6d","local_time":"20190614202314","is_ascension_mode":true,"campfire_choices":[{"floor":7.0,"key":"REST"},{"floor":10.0,"key":"REST"},{"floor":15.0,"key":"REST"},{"floor":23.0,"key":"REST"},{"floor":28.0,"key":"REST"},{"floor":32.0,"key":"REST"}],"neow_cost":"NONE","seed_source_timestamp":0,"circlet_count":0,"master_deck":["Defend_G","Defend_G","Defend_G","Defend_G","Defend_G","Strike_G","Strike_G","Strike_G","Strike_G","Strike_G","Survivor","Neutralize+1","Concentrate","Heel Hook","Backflip","Poisoned Stab","Setup","Skewer","Setup+1","Injury","Doppelganger+1","Metamorphosis+1","Leg Sweep+1","Night Terror+1","Bouncing Flask+1","Dagger Throw","Necronomicurse","Outmaneuver+1","Injury","Corpse Explosion+1","Noxious Fumes+1"],"special_seed":0,"relics":["Ring of the Snake","Juzu Bracelet","Toxic Egg 2","Regal Pillow","Bag of Marbles","Golden Idol","Cursed Key","Red Mask","The Courier","Necronomicon","Letter Opener","Omamori"],"potions_floor_usage":[33,33],"damage_taken":[{"damage":0.0,"enemies":"2 Louse","floor":1.0,"turns":2.0},{"damage":0.0,"enemies":"Cultist","floor":3.0,"turns":5.0},{"damage":4.0,"enemies":"Small Slimes","floor":4.0,"turns":3.0},{"damage":0.0,"enemies":"2 Fungi Beasts","floor":5.0,"turns":4.0},{"damage":32.0,"enemies":"3 Sentries","floor":6.0,"turns":11.0},{"damage":32.0,"enemies":"Gremlin Nob","floor":8.0,"turns":5.0},{"damage":33.0,"enemies":"Lagavulin","floor":11.0,"turns":10.0},{"damage":10.0,"enemies":"Red Slaver","floor":13.0,"turns":4.0},{"damage":0.0,"enemies":"Slime Boss","floor":16.0,"turns":8.0},{"damage":9.0,"enemies":"Chosen","floor":18.0,"turns":4.0},{"damage":20.0,"enemies":"Masked Bandits","floor":19.0,"turns":6.0},{"damage":0.0,"enemies":"Spheric Guardian","floor":25.0,"turns":3.0},{"damage":14.0,"enemies":"Book of Stabbing","floor":29.0,"turns":4.0},{"damage":7.0,"enemies":"Chosen and Byrds","floor":31.0,"turns":5.0},{"damage":86,"enemies":"Champ","floor":33,"turns":10}],"seed_played":"-7494929453584154180","potions_obtained":[{"floor":1.0,"key":"EssenceOfSteel"},{"floor":2.0,"key":"Dexterity Potion"},{"floor":2.0,"key":"SteroidPotion"},{"floor":2.0,"key":"FearPotion"},{"floor":8.0,"key":"Fire Potion"},{"floor":11.0,"key":"SkillPotion"},{"floor":16.0,"key":"GhostInAJar"},{"floor":29.0,"key":"SkillPotion"}],"is_trial":false,"path_per_floor":["M","?","M","M","M","E","R","E","T","R","E","?","M","$","R","B",null,"M","?","?","?","?","R","?","M","T","?","R","E","?","M","R","B"],"character_chosen":"THE_SILENT","items_purchased":["Metamorphosis+1","Leg Sweep+1"],"campfire_rested":6,"item_purchase_floors":[14,14],"current_hp_per_floor":[70,70,70,66,66,34,55,23,23,59,26,26,16,16,52,52,70,61,41,41,25,25,61,40,40,40,40,70,56,56,49,70,0],"gold":508,"neow_bonus":"UPGRADE_CARD","is_prod":false,"is_daily":false,"chose_seed":false,"campfire_upgraded":0,"win_rate":0,"timestamp":1560568994,"path_taken":["M","?","M","M","?","E","R","E","T","R","E","?","M","$","R","BOSS","M","?","?","?","?","R","?","M","T","?","R","E","?","M","R","BOSS"],"build_version":"2019-01-23","purchased_purges":0,"victory":false,"max_hp_per_floor":[70,70,70,70,70,70,70,70,70,70,70,70,70,70,70,70,70,70,70,70,70,70,70,70,70,70,70,70,70,70,70,70,70],"card_choices":[{"not_picked":["Poisoned Stab","Slice"],"picked":"Concentrate","floor":1.0},{"not_picked":["Backstab","Prepared"],"picked":"Heel Hook","floor":3.0},{"not_picked":["Dodge and Roll","Eviscerate"],"picked":"Backflip","floor":4.0},{"not_picked":["Concentrate","Infinite Blades"],"picked":"Poisoned Stab","floor":5.0},{"not_picked":["Blade Dance","Prepared"],"picked":"Setup","floor":6.0},{"not_picked":["Flechettes","Finisher"],"picked":"Skewer","floor":8.0},{"not_picked":["Cloak And Dagger+1","Sucker Punch"],"picked":"Setup+1","floor":11.0},{"not_picked":["Bane","Backflip+1"],"picked":"Doppelganger+1","floor":13.0},{"not_picked":["Unload","Doppelganger+1"],"picked":"Night Terror+1","floor":16.0},{"not_picked":["Outmaneuver+1","Deadly Poison+1"],"picked":"Bouncing Flask+1","floor":18.0},{"not_picked":["Underhanded Strike","Poisoned Stab"],"picked":"Dagger Throw","floor":19.0},{"not_picked":["Reflex+1","Acrobatics+1"],"picked":"Outmaneuver+1","floor":25.0},{"not_picked":["Bane","Outmaneuver+1"],"picked":"Corpse Explosion+1","floor":29.0},{"not_picked":["Blur+1","Underhanded Strike"],"picked":"Noxious Fumes+1","floor":31.0}],"player_experience":252935,"relics_obtained":[{"floor":6.0,"key":"Juzu Bracelet"},{"floor":8.0,"key":"Toxic Egg 2"},{"floor":9.0,"key":"Regal Pillow"},{"floor":11.0,"key":"Bag of Marbles"},{"floor":19.0,"key":"Red Mask"},{"floor":21.0,"key":"Necronomicon"},{"floor":26.0,"key":"Letter Opener"},{"floor":29.0,"key":"Omamori"}],"event_choices":[{"damage_healed":0.0,"max_hp_gain":0.0,"max_hp_loss":0.0,"gold_gain":0.0,"event_name":"Lab","player_choice":"Got Potions","floor":2.0,"gold_loss":0.0,"damage_taken":0.0},{"damage_healed":0.0,"max_hp_gain":0.0,"max_hp_loss":0.0,"gold_gain":0.0,"event_name":"Golden Idol","player_choice":"Take Wound","floor":12.0,"gold_loss":0.0,"damage_taken":0.0,"relics_obtained":["Golden Idol"],"cards_obtained":["Injury"]},{"damage_healed":0.0,"max_hp_gain":0.0,"max_hp_loss":0.0,"gold_gain":0.0,"event_name":"Masked Bandits","player_choice":"Fought Bandits","floor":19.0,"gold_loss":0.0,"damage_taken":0.0},{"damage_healed":0.0,"max_hp_gain":0.0,"max_hp_loss":0.0,"gold_gain":0.0,"event_name":"The Mausoleum","player_choice":"Opened","floor":20.0,"gold_loss":0.0,"damage_taken":0.0,"relics_obtained":["The Courier"],"cards_obtained":["Writhe"]},{"damage_healed":0.0,"max_hp_gain":0.0,"max_hp_loss":0.0,"gold_gain":0.0,"event_name":"Cursed Tome","player_choice":"Obtained Book","floor":21.0,"gold_loss":0.0,"damage_taken":16.0},{"damage_healed":0.0,"max_hp_gain":0.0,"max_hp_loss":0.0,"gold_gain":0.0,"event_name":"Vampires","player_choice":"Ignored","floor":22.0,"gold_loss":0.0,"damage_taken":0.0},{"damage_healed":0.0,"max_hp_gain":0.0,"max_hp_loss":0.0,"gold_gain":180.0,"event_name":"Knowing Skull","player_choice":"GOLD GOLD ","floor":24.0,"potions_obtained":[],"gold_loss":0.0,"damage_taken":21.0,"cards_obtained":[]},{"cards_removed":["Writhe"],"damage_healed":0.0,"max_hp_gain":0.0,"max_hp_loss":0.0,"gold_gain":0.0,"event_name":"Beggar","player_choice":"Gave Gold","floor":27.0,"gold_loss":75.0,"damage_taken":0.0},{"damage_healed":0.0,"max_hp_gain":0.0,"max_hp_loss":0.0,"gold_gain":0.0,"event_name":"Ghosts","player_choice":"Ignored","floor":30.0,"gold_loss":0.0,"damage_taken":0.0}],"is_beta":false,"boss_relics":[{"not_picked":["Tiny House","WristBlade"],"picked":"Cursed Key"}],"items_purged_floors":[],"is_endless":false,"potions_floor_spawned":[1,8,11,13,16,29],"killed_by":"Champ","ascension_level":4}