{"gold_per_floor":[216,233,253,265,280,280,185,185,185,185,185,12,12,26,26,127,127,141,41,56,155,173,173,208,208,208,221,240,240],"floor_reached":29,"playtime":1696,"items_purged":["Strike_B","Fusion+1"],"score":296,"play_id":"8c7d56f2-ebe8-4fc4-accc-1fba018433cd","local_time":"20181102023955","is_ascension_mode":true,"campfire_choices":[{"data":"Dualcast","floor":6,"key":"SMITH"},{"data":"Fusion","floor":8,"key":"SMITH"},{"data":"Hologram","floor":10,"key":"SMITH"},{"floor":15,"key":"REST"},{"floor":23,"key":"REST"},{"floor":25,"key":"REST"}],"neow_cost":"NONE","seed_source_timestamp":13740112853485,"circlet_count":0,"master_deck":["Strike_B","Strike_B","Strike_B","Defend_B","Defend_B","Defend_B","Defend_B","Zap+1","Dualcast+1","Scrape","Gash","Electrodynamics","Hologram+1","Gash","Scrape","Auto Shields+1","Go for the Eyes","Streamline","Buffer","Steam","Steam+1","Gash","Parasite"],"relics":["Cracked Core","Symbiotic Virus","Peace Pipe","Cursed Key","Torii","War Paint"],"potions_floor_usage":[24],"damage_taken":[{"damage":1,"enemies":"Cultist","floor":1,"turns":3},{"damage":2,"enemies":"Small Slimes","floor":2,"turns":5},{"damage":2,"enemies":"Jaw Worm","floor":3,"turns":3},{"damage":12,"enemies":"Looter","floor":4,"turns":3},{"damage":16,"enemies":"Blue Slaver","floor":5,"turns":3},{"damage":0,"enemies":"Red Slaver","floor":14,"turns":3},{"damage":48,"enemies":"The Guardian","floor":16,"turns":9},{"damage":6,"enemies":"Spheric Guardian","floor":18,"turns":3},{"damage":7,"enemies":"3 Byrds","floor":20,"turns":3},{"damage":26,"enemies":"Centurion and Healer","floor":22,"turns":6},{"damage":28,"enemies":"Slavers","floor":24,"turns":4},{"damage":25,"enemies":"Shelled Parasite and Fungi","floor":27,"turns":3},{"damage":0,"enemies":"Cultist and Chosen","floor":28,"turns":5},{"damage":17,"enemies":"Snake Plant","floor":29,"turns":2}],"seed_played":"-275482391788015284","potions_obtained":[{"floor":2,"key":"Energy Potion"},{"floor":16,"key":"Strength Potion"},{"floor":20,"key":"PowerPotion"},{"floor":28,"key":"LiquidBronze"}],"is_trial":false,"path_per_floor":["M","M","M","M","M","R","$","R","T","R","?","$","T","M","R","B",null,"M","$","M","?","M","R","E","R","T","M","M","M"],"character_chosen":"DEFECT","items_purchased":["Gash","Scrape","Auto Shields","Go for the Eyes"],"campfire_rested":3,"item_purchase_floors":[7,7,12,12],"current_hp_per_floor":[74,72,70,58,42,42,42,42,42,42,35,35,35,35,57,9,59,53,53,46,46,20,42,14,36,36,11,11,0],"gold":240,"neow_bonus":"HUNDRED_GOLD","is_prod":false,"is_daily":false,"chose_seed":false,"campfire_upgraded":3,"win_rate":0,"timestamp":1541137195,"path_taken":["M","M","M","?","M","R","$","R","T","R","?","$","?","?","R","BOSS","M","$","M","?","M","R","E","R","T","M","M","M"],"build_version":"2018-11-01","purchased_purges":2,"victory":false,"max_hp_per_floor":[75,75,75,75,75,75,75,75,75,75,75,75,75,75,75,75,75,75,75,75,75,75,75,75,75,75,75,75,75],"card_choices":[{"not_picked":["Turbo","Coolheaded"],"picked":"Scrape","floor":1},{"not_picked":["Sweeping Beam","Ball Lightning"],"picked":"Gash","floor":2},{"not_picked":["Capacitor","Leap"],"picked":"Fusion","floor":3},{"not_picked":["Barrage","Cold Snap"],"picked":"Electrodynamics","floor":4},{"not_picked":["Auto Shields","Leap"],"picked":"Hologram","floor":5},{"not_picked":["Sweeping Beam","Compile Driver"],"picked":"Streamline","floor":14},{"not_picked":["Thunder Strike","Core Surge"],"picked":"Buffer","floor":16},{"not_picked":["Blizzard","Go for the Eyes"],"picked":"Steam","floor":18},{"not_picked":["Sweeping Beam+1","Leap"],"picked":"Steam+1","floor":20},{"not_picked":["Leap+1","Coolheaded","Reinforced Body+1"],"picked":"SKIP","floor":22},{"not_picked":["Conserve Battery+1","Steam Power"],"picked":"Gash","floor":24},{"not_picked":["Cold Snap","Aggregate","Ball Lightning"],"picked":"SKIP","floor":27},{"not_picked":["Sweeping Beam","Genetic Algorithm","Undo"],"picked":"SKIP","floor":28}],"player_experience":241130,"relics_obtained":[{"floor":9,"key":"Symbiotic Virus"},{"floor":13,"key":"Peace Pipe"},{"floor":24,"key":"Torii"},{"floor":26,"key":"War Paint"}],"event_choices":[{"damage_healed":0,"gold_gain":0,"player_choice":"Damaged","damage_taken":7,"max_hp_gain":0,"max_hp_loss":0,"event_name":"Wheel of Change","floor":11,"gold_loss":0},{"damage_healed":0,"gold_gain":99,"player_choice":"Stole From Cult","damage_taken":0,"max_hp_gain":0,"max_hp_loss":0,"event_name":"Nest","floor":21,"gold_loss":0}],"is_beta":false,"boss_relics":[{"not_picked":["Velvet Choker","Pandora\u0027s Box"],"picked":"Cursed Key"}],"items_purged_floors":[12,19],"is_endless":false,"potions_floor_spawned":[2,16,20,28],"killed_by":"Snake Plant","ascension_level":5}