{"gold_per_floor":[109,109,124,101,101,135,135,165,165,177,177,177,208,225,225,325,325,339,339,62,74,93,127,138,138],"floor_reached":25,"playtime":867,"items_purged":[],"score":289,"play_id":"2e9e077d-9911-43d7-8730-c81b40f9398a","local_time":"20180927000222","is_ascension_mode":true,"campfire_choices":[{"floor":7,"key":"REST"},{"floor":12,"key":"REST"},{"floor":15,"key":"REST"}],"neow_cost":"PERCENT_DAMAGE","seed_source_timestamp":1073299098418094,"circlet_count":0,"master_deck":["Strike_B","Strike_B","Strike_B","Strike_B","Defend_B","Defend_B","Defend_B","Defend_B","Zap","Dualcast","Buffer","Go for the Eyes","Barrage","Streamline","Ball Lightning","BootSequence","BootSequence+1","Genetic Algorithm+1","Multi-Cast+1","Static Discharge+1","RitualDagger","Turbo+1","Mind Blast","Chaos+1","Sweeping Beam","Auto Shields+1","White Noise+1"],"relics":["Cracked Core","Bottled Flame","Vajra","Art of War","StoneCalendar","Toxic Egg 2","Fusion Hammer","Pen Nib","PreservedInsect"],"potions_floor_usage":[8,10,10,10,13,13,21,23],"damage_taken":[{"damage":2,"enemies":"2 Louse","floor":1,"turns":3},{"damage":0,"enemies":"Cultist","floor":3,"turns":4},{"damage":47,"enemies":"Gremlin Nob","floor":6,"turns":6},{"damage":15,"enemies":"Lagavulin","floor":8,"turns":7},{"damage":0,"enemies":"Jaw Worm","floor":10,"turns":3},{"damage":10,"enemies":"Gremlin Nob","floor":13,"turns":4},{"damage":6,"enemies":"Gremlin Gang","floor":14,"turns":4},{"damage":41,"enemies":"Slime Boss","floor":16,"turns":8},{"damage":9,"enemies":"Chosen","floor":18,"turns":5},{"damage":0,"enemies":"Shell Parasite","floor":21,"turns":3},{"damage":14,"enemies":"Snake Plant","floor":22,"turns":4},{"damage":16,"enemies":"Book of Stabbing","floor":23,"turns":4},{"damage":6,"enemies":"3 Cultists","floor":24,"turns":7},{"damage":34,"enemies":"Chosen and Byrds","floor":25,"turns":5}],"seed_played":"-6854523124535814031","potions_obtained":[{"floor":3,"key":"LiquidBronze"},{"floor":6,"key":"Swift Potion"},{"floor":8,"key":"EntropicBrew"},{"floor":16,"key":"Energy Potion"},{"floor":22,"key":"FocusPotion"},{"floor":23,"key":"Dexterity Potion"}],"is_trial":false,"path_per_floor":["M","?","M","$","?","E","R","E","T","M","?","R","E","M","R","B",null,"M","?","$","M","M","E","M"],"character_chosen":"DEFECT","items_purchased":["Barrage","Pen Nib","Turbo+1","Mind Blast"],"campfire_rested":3,"item_purchase_floors":[4,20,20,20],"current_hp_per_floor":[52,52,52,52,57,10,32,17,17,17,14,36,26,20,42,1,75,66,60,60,60,46,30,24,0],"gold":138,"neow_bonus":"THREE_RARE_CARDS","is_prod":false,"is_daily":false,"chose_seed":false,"campfire_upgraded":0,"win_rate":0,"timestamp":1538020942,"path_taken":["M","?","?","?","?","E","R","E","T","?","?","R","E","M","R","BOSS","M","?","?","M","M","E","M","M"],"build_version":"2018-09-20","purchased_purges":0,"victory":false,"max_hp_per_floor":[75,75,75,75,75,75,75,75,75,75,75,75,75,75,75,75,75,75,75,75,75,75,75,75,75],"card_choices":[{"not_picked":["Meteor Strike","Biased Cognition"],"picked":"Buffer","floor":0},{"not_picked":["Redo","Beam Cell"],"picked":"Go for the Eyes","floor":1},{"not_picked":["Darkness","Turbo"],"picked":"Steam","floor":3},{"not_picked":["Barrage","Cold Snap"],"picked":"Streamline","floor":6},{"not_picked":["Rebound","Echo Form"],"picked":"Ball Lightning","floor":8},{"not_picked":["Barrage","Beam Cell"],"picked":"BootSequence","floor":10},{"not_picked":["Coolheaded","Redo"],"picked":"BootSequence","floor":13},{"not_picked":["Chill+1","Ball Lightning"],"picked":"Genetic Algorithm+1","floor":14},{"not_picked":["Hyperbeam","Meteor Strike"],"picked":"Multi-Cast+1","floor":16},{"not_picked":["Steam+1","Barrage"],"picked":"Static Discharge+1","floor":18},{"not_picked":["Genetic Algorithm+1","Coolheaded+1"],"picked":"Chaos+1","floor":21},{"not_picked":["Undo+1","Gash"],"picked":"Sweeping Beam","floor":22},{"not_picked":["Melter","Compile Driver"],"picked":"Auto Shields+1","floor":23},{"not_picked":["Streamline","Storm"],"picked":"White Noise+1","floor":24}],"player_experience":199250,"relics_obtained":[{"floor":6,"key":"Bottled Flame"},{"floor":8,"key":"Vajra"},{"floor":9,"key":"Art of War"},{"floor":13,"key":"Toxic Egg 2"},{"floor":23,"key":"PreservedInsect"}],"event_choices":[{"event_name":"Purifier","player_choice":"Skipped","floor":2,"damage_taken":0},{"event_name":"Bonfire Elementals","player_choice":"COMMON","floor":5,"damage_taken":0},{"event_name":"Scrap Ooze","player_choice":"success","floor":11,"damage_taken":3},{"event_name":"Nest","player_choice":"Joined the Cult","floor":19,"damage_taken":0}],"is_beta":false,"boss_relics":[{"not_picked":["Calling Bell","Nuclear Battery"],"picked":"Fusion Hammer"}],"items_purged_floors":[],"is_endless":false,"potions_floor_spawned":[3,6,8,16,22,23],"killed_by":"Chosen and Byrds","ascension_level":4}