{"gold_per_floor":[109,109,22,22,42,75,100,120,120,120,120,144,177,191,191,284,284,309,259,274,48,5,5,26,26,26,26,40,63,63,63,63,63],"floor_reached":33,"playtime":978,"items_purged":["Strike_R"],"score":564,"play_id":"3074ea26-c5cb-48db-84e7-854896d895cd","local_time":"20190125021232","is_ascension_mode":true,"campfire_choices":[{"data":"Fiend Fire","floor":10,"key":"SMITH"},{"data":"Flex","floor":15,"key":"SMITH"},{"data":"Corruption","floor":23,"key":"SMITH"},{"data":"Armaments","floor":25,"key":"SMITH"},{"data":"Shockwave","floor":27,"key":"SMITH"},{"data":"Uppercut","floor":30,"key":"SMITH"},{"data":"J.A.X.","floor":32,"key":"SMITH"}],"neow_cost":"NONE","seed_source_timestamp":27902173552008,"circlet_count":0,"master_deck":["AscendersBane","Strike_R","Strike_R","Strike_R","Defend_R","Defend_R","Defend_R","Defend_R","Bash","Flame Barrier","Fiend Fire+1","True Grit","Fiend Fire+1","Anger","Sword Boomerang","Flex+1","Ghostly Armor+1","Uppercut+1","Reaper","Armaments+1","Corruption+1","Shrug It Off","Dark Shackles","Shockwave+1","Shrug It Off","Shame","Inflame+1","J.A.X.+1"],"relics":["Burning Blood","NeowsBlessing","Golden Idol","Dream Catcher","Bronze Scales","Sundial","Cursed Key","Matryoshka"],"potions_floor_usage":[16,16,33],"damage_taken":[{"damage":0,"enemies":"Small Slimes","floor":1,"turns":1},{"damage":0,"enemies":"Cultist","floor":5,"turns":1},{"damage":0,"enemies":"Gremlin Nob","floor":6,"turns":1},{"damage":0,"enemies":"2 Louse","floor":7,"turns":3},{"damage":0,"enemies":"2 Fungi Beasts","floor":8,"turns":2},{"damage":14,"enemies":"Exordium Thugs","floor":12,"turns":4},{"damage":30,"enemies":"3 Sentries","floor":13,"turns":7},{"damage":1,"enemies":"Exordium Wildlife","floor":14,"turns":2},{"damage":33,"enemies":"The Guardian","floor":16,"turns":7},{"damage":17,"enemies":"Spheric Guardian","floor":18,"turns":4},{"damage":12,"enemies":"Chosen","floor":20,"turns":3},{"damage":1,"enemies":"Snecko","floor":24,"turns":5},{"damage":1,"enemies":"Snake Plant","floor":28,"turns":4},{"damage":1,"enemies":"Centurion and Healer","floor":29,"turns":5},{"damage":64,"enemies":"Automaton","floor":33,"turns":6}],"seed_played":"8409471421278727719","potions_obtained":[{"floor":7,"key":"Dexterity Potion"},{"floor":8,"key":"PowerPotion"},{"floor":13,"key":"PowerPotion"},{"floor":20,"key":"Fire Potion"},{"floor":24,"key":"PowerPotion"}],"is_trial":false,"path_per_floor":["M","?","$","?","M","E","M","M","T","R","?","M","E","M","R","B",null,"M","?","M","$","$","R","M","R","T","R","M","M","R","?","R","B"],"character_chosen":"IRONCLAD","items_purchased":["Fiend Fire","Shrug It Off","Dark Shackles","Shockwave"],"campfire_rested":0,"item_purchase_floors":[3,21,21,22],"current_hp_per_floor":[74,74,74,68,68,68,68,68,68,68,68,60,36,41,41,14,55,44,44,38,38,38,38,49,49,49,49,54,59,59,59,59,0],"gold":63,"neow_bonus":"THREE_ENEMY_KILL","is_prod":false,"is_daily":false,"chose_seed":false,"campfire_upgraded":7,"win_rate":0,"timestamp":1548393152,"path_taken":["M","?","?","?","M","E","M","M","T","R","?","M","E","M","R","BOSS","M","?","M","?","$","R","M","R","T","R","?","M","R","?","R","BOSS"],"build_version":"2019-01-23","purchased_purges":1,"victory":false,"max_hp_per_floor":[75,75,75,68,68,68,68,68,68,68,68,68,68,68,68,68,68,68,68,68,68,68,68,68,68,68,68,68,68,68,68,68,68],"card_choices":[{"not_picked":["Heavy Blade","Entrench"],"picked":"Flame Barrier","floor":1},{"not_picked":["Entrench","Perfected Strike"],"picked":"True Grit","floor":5},{"not_picked":["Searing Blow","Seeing Red"],"picked":"Fiend Fire","floor":6},{"not_picked":["Fire Breathing","Rupture"],"picked":"Anger","floor":7},{"not_picked":["Feel No Pain","True Grit"],"picked":"Sword Boomerang","floor":8},{"not_picked":["Body Slam","Impervious"],"picked":"Flex","floor":12},{"not_picked":["Rage","Clash"],"picked":"Ghostly Armor","floor":13},{"not_picked":["Blood for Blood","Shrug It Off"],"picked":"Uppercut","floor":14},{"not_picked":["Offering","Limit Break"],"picked":"Reaper","floor":16},{"not_picked":["Fire Breathing","Sword Boomerang"],"picked":"Armaments","floor":18},{"not_picked":["Whirlwind","Warcry"],"picked":"Corruption","floor":20},{"not_picked":["Clothesline","Anger"],"picked":"Shrug It Off","floor":24},{"not_picked":["Limit Break","Reckless Charge"],"picked":"Inflame+1","floor":28},{"not_picked":["Headbutt","Reckless Charge+1","Wild Strike"],"picked":"SKIP","floor":29}],"player_experience":773921,"relics_obtained":[{"floor":6,"key":"Dream Catcher"},{"floor":9,"key":"Bronze Scales"},{"floor":13,"key":"Sundial"},{"floor":26,"key":"Matryoshka"}],"event_choices":[{"cards_removed":["Strike_R"],"damage_healed":0,"gold_gain":0,"player_choice":"Purged","damage_taken":0,"max_hp_gain":0,"max_hp_loss":0,"event_name":"Purifier","floor":2,"gold_loss":0},{"damage_healed":0,"gold_gain":0,"player_choice":"Lose Max HP","damage_taken":0,"relics_obtained":["Golden Idol"],"max_hp_gain":0,"max_hp_loss":7,"event_name":"Golden Idol","floor":4,"gold_loss":0},{"damage_healed":0,"gold_gain":0,"player_choice":"Ignored","damage_taken":0,"max_hp_gain":0,"max_hp_loss":0,"event_name":"Liars Game","floor":11,"gold_loss":0},{"damage_healed":0,"gold_gain":0,"player_choice":"Upgraded Two","damage_taken":0,"max_hp_gain":0,"max_hp_loss":0,"event_name":"Designer","floor":19,"gold_loss":50,"cards_upgraded":["Ghostly Armor","Fiend Fire"]},{"damage_healed":0,"gold_gain":0,"player_choice":"Obtain J.A.X.","damage_taken":0,"max_hp_gain":0,"max_hp_loss":0,"event_name":"Drug Dealer","floor":31,"gold_loss":0,"cards_obtained":["J.A.X."]}],"is_beta":false,"boss_relics":[{"not_picked":["Black Star","Philosopher\u0027s Stone"],"picked":"Cursed Key"}],"items_purged_floors":[21],"is_endless":false,"potions_floor_spawned":[7,8,13,14,20,24],"killed_by":"Automaton","ascension_level":20}