{"gold_per_floor":[118,134,145,164,180,180,180,180,204,216,43,72,72,82,82,156,156,172,182,97,0,14,14,26,37,63,8,23,23,23,38,38,38],"floor_reached":33,"playtime":1786,"items_purged":[],"score":542,"play_id":"54a126de-9c8d-4e72-8aa3-7c860cb480ca","local_time":"20181227161120","is_ascension_mode":true,"campfire_choices":[{"data":"Dagger Spray","floor":6,"key":"SMITH"},{"data":"Cloak And Dagger","floor":8,"key":"SMITH"},{"data":"Noxious Fumes","floor":15,"key":"SMITH"},{"floor":23,"key":"REST"},{"floor":30,"key":"REST"},{"floor":32,"key":"REST"}],"neow_cost":"NONE","seed_source_timestamp":2850342207127,"circlet_count":0,"master_deck":["AscendersBane","Defend_G","Defend_G","Defend_G","Defend_G","Defend_G","Strike_G","Strike_G+1","Strike_G","Strike_G","Strike_G","Survivor","Neutralize","Night Terror+1","Backstab+1","Dagger Spray+1","Dash","Backflip+1","Cloak And Dagger+1","Noxious Fumes+1","PiercingWail","Corpse Explosion","Catalyst","Backflip+1","Bouncing Flask","Deflect"],"relics":["Ring of the Snake","Happy Flower","Snake Skull","Whetstone","Philosopher\u0027s Stone","War Paint","Bronze Scales"],"potions_floor_usage":[12,16,22,25,33,33],"damage_taken":[{"damage":14,"enemies":"Cultist","floor":1,"turns":6},{"damage":0,"enemies":"2 Louse","floor":2,"turns":2},{"damage":0,"enemies":"Small Slimes","floor":3,"turns":4},{"damage":5,"enemies":"Blue Slaver","floor":4,"turns":4},{"damage":0,"enemies":"2 Fungi Beasts","floor":5,"turns":4},{"damage":0,"enemies":"Large Slime","floor":10,"turns":5},{"damage":4,"enemies":"Lagavulin","floor":12,"turns":7},{"damage":2,"enemies":"Exordium Thugs","floor":14,"turns":4},{"damage":5,"enemies":"Slime Boss","floor":16,"turns":9},{"damage":21,"enemies":"Chosen","floor":18,"turns":6},{"damage":12,"enemies":"Shell Parasite","floor":19,"turns":5},{"damage":9,"enemies":"3 Cultists","floor":22,"turns":4},{"damage":10,"enemies":"Centurion and Healer","floor":24,"turns":5},{"damage":0,"enemies":"Snake Plant","floor":25,"turns":4},{"damage":5,"enemies":"Chosen and Byrds","floor":28,"turns":5},{"damage":29,"enemies":"Sentry and Sphere","floor":31,"turns":7},{"damage":44,"enemies":"Champ","floor":33,"turns":9}],"seed_played":"-7440591734710024491","potions_obtained":[{"floor":2,"key":"PowerPotion"},{"floor":4,"key":"Swift Potion"},{"floor":14,"key":"Energy Potion"},{"floor":22,"key":"GhostInAJar"},{"floor":24,"key":"Dexterity Potion"}],"is_trial":false,"path_per_floor":["M","M","M","M","M","R","?","R","T","M","$","E","?","M","R","B",null,"M","M","?","?","M","R","M","M","T","$","M","?","R","M","R","B"],"character_chosen":"THE_SILENT","items_purchased":["Snake Skull","PowerPotion"],"campfire_rested":3,"item_purchase_floors":[11,27],"current_hp_per_floor":[45,45,45,40,40,40,40,40,40,40,40,36,41,39,39,34,62,41,29,29,29,20,41,31,31,31,31,26,26,47,18,39,0],"gold":38,"neow_bonus":"ONE_RANDOM_RARE_CARD","is_prod":false,"is_daily":false,"chose_seed":false,"campfire_upgraded":3,"win_rate":0,"timestamp":1545937880,"path_taken":["M","?","M","M","M","R","?","R","T","M","$","E","?","M","R","BOSS","M","M","?","?","M","R","M","M","T","$","M","?","R","M","R","BOSS"],"build_version":"2018-12-20","purchased_purges":0,"victory":false,"max_hp_per_floor":[66,66,66,66,66,66,66,66,66,66,66,66,71,71,71,71,71,71,71,71,71,71,71,71,71,71,71,71,71,71,71,71,71],"card_choices":[{"not_picked":["Acrobatics","Outmaneuver"],"picked":"Backstab","floor":1},{"not_picked":["After Image","Sucker Punch"],"picked":"Dagger Spray","floor":2},{"not_picked":["PiercingWail","Bane"],"picked":"Dash","floor":3},{"not_picked":["Dagger Throw","Bane"],"picked":"Backflip","floor":4},{"not_picked":["PiercingWail","Heel Hook"],"picked":"Cloak And Dagger","floor":5},{"not_picked":["Expertise","Outmaneuver"],"picked":"Noxious Fumes","floor":10},{"not_picked":["Caltrops","Expertise","Terror"],"picked":"SKIP","floor":12},{"not_picked":["Heel Hook","Infinite Blades"],"picked":"PiercingWail","floor":14},{"not_picked":["Wraith Form v2","Phantasmal Killer"],"picked":"Corpse Explosion","floor":16},{"not_picked":["Poisoned Stab","Tactician","Terror"],"picked":"SKIP","floor":18},{"not_picked":["Infinite Blades+1","Bane"],"picked":"Catalyst","floor":19},{"not_picked":["PiercingWail+1","Sucker Punch"],"picked":"Backflip+1","floor":22},{"not_picked":["Quick Slash","Blade Dance","Underhanded Strike"],"picked":"SKIP","floor":24},{"not_picked":["Dagger Spray","Slice+1"],"picked":"Bouncing Flask","floor":25},{"not_picked":["Acrobatics","Blade Dance"],"picked":"Deflect","floor":28},{"not_picked":["Acrobatics","Caltrops","Setup"],"picked":"SKIP","floor":31}],"player_experience":650189,"relics_obtained":[{"floor":9,"key":"Happy Flower"},{"floor":12,"key":"Whetstone"},{"floor":26,"key":"Bronze Scales"}],"event_choices":[{"damage_healed":0,"gold_gain":0,"player_choice":"Fled","damage_taken":0,"max_hp_gain":0,"max_hp_loss":0,"event_name":"Scrap Ooze","floor":7,"gold_loss":0},{"damage_healed":0,"gold_gain":0,"player_choice":"Donut","damage_taken":0,"max_hp_gain":5,"max_hp_loss":0,"event_name":"Big Fish","floor":13,"gold_loss":0},{"damage_healed":0,"gold_gain":0,"player_choice":"Obtained Relic","damage_taken":0,"relics_obtained":["War Paint"],"max_hp_gain":0,"max_hp_loss":0,"event_name":"Addict","floor":20,"gold_loss":85},{"damage_healed":0,"gold_gain":0,"player_choice":"Paid Fearfully","damage_taken":0,"max_hp_gain":0,"max_hp_loss":0,"event_name":"Masked Bandits","floor":21,"gold_loss":97},{"damage_healed":0,"gold_gain":0,"player_choice":"Ignored","damage_taken":0,"max_hp_gain":0,"max_hp_loss":0,"event_name":"Cursed Tome","floor":29,"gold_loss":0}],"is_beta":false,"boss_relics":[{"not_picked":["Fusion Hammer","Orrery"],"picked":"Philosopher\u0027s Stone"}],"items_purged_floors":[],"is_endless":false,"potions_floor_spawned":[2,4,5,14,22,24,28],"killed_by":"Champ","ascension_level":19}