{"gold_per_floor":[116,116,116,136,156,156,173,173,252,252],"floor_reached":10,"playtime":496,"items_purged":[],"score":107,"play_id":"ff85ed45-02d7-452c-8489-7b621a83997e","local_time":"20190620121535","is_ascension_mode":true,"campfire_choices":[{"data":"Caltrops","floor":6,"key":"SMITH"}],"neow_cost":"NONE","seed_source_timestamp":671334824760251,"circlet_count":0,"master_deck":["AscendersBane","Defend_G","Defend_G","Defend_G","Defend_G","Defend_G","Strike_G","Strike_G+1","Strike_G+1","Strike_G","Survivor","Neutralize+1","Masterful Stab","Calculated Gamble","Caltrops+1","Crippling Poison"],"relics":["Ring of the Snake","Matryoshka","Bronze Scales","Paper Crane"],"potions_floor_usage":[10],"damage_taken":[{"damage":2,"enemies":"Small Slimes","floor":1,"turns":6},{"damage":0,"enemies":"Jaw Worm","floor":4,"turns":3},{"damage":0,"enemies":"Cultist","floor":5,"turns":3},{"damage":30,"enemies":"Exordium Wildlife","floor":7,"turns":5},{"damage":11,"enemies":"3 Sentries","floor":10,"turns":4}],"seed_played":"4351666224313817133","potions_obtained":[{"floor":1,"key":"LiquidBronze"},{"floor":5,"key":"Ancient Potion"}],"is_trial":false,"path_per_floor":["M","?","T","M","M","R","M","?","T","E"],"character_chosen":"THE_SILENT","items_purchased":[],"campfire_rested":0,"item_purchase_floors":[],"current_hp_per_floor":[57,37,37,37,37,37,7,7,7,0],"gold":252,"neow_bonus":"UPGRADE_CARD","is_prod":false,"is_daily":false,"chose_seed":false,"campfire_upgraded":1,"win_rate":0,"timestamp":1561004135,"path_taken":["M","?","?","M","M","R","M","?","T","E"],"build_version":"2019-01-23","purchased_purges":0,"victory":false,"max_hp_per_floor":[66,66,66,66,66,66,66,66,66,66],"card_choices":[{"not_picked":["Blade Dance","Outmaneuver"],"picked":"Masterful Stab","floor":1},{"not_picked":["Dagger Spray","Tactician"],"picked":"Calculated Gamble","floor":4},{"not_picked":["PiercingWail","Blade Dance"],"picked":"Caltrops","floor":5},{"not_picked":["Concentrate","PiercingWail"],"picked":"Crippling Poison","floor":7}],"player_experience":919921,"relics_obtained":[{"floor":3,"key":"Matryoshka"},{"floor":9,"key":"Bronze Scales"},{"floor":9,"key":"Paper Crane"}],"event_choices":[{"damage_healed":0,"gold_gain":0,"player_choice":"Entered Light","damage_taken":20,"max_hp_gain":0,"max_hp_loss":0,"event_name":"Shining Light","floor":2,"gold_loss":0,"cards_upgraded":["Strike_G","Strike_G"]},{"cards_removed":["Strike_G"],"damage_healed":0,"gold_gain":0,"player_choice":"Forget","damage_taken":0,"max_hp_gain":0,"max_hp_loss":0,"event_name":"Living Wall","floor":8,"gold_loss":0}],"is_beta":false,"boss_relics":[],"items_purged_floors":[],"is_endless":false,"potions_floor_spawned":[1,5],"killed_by":"3 Sentries","ascension_level":17}