{"gold_per_floor":[113,127,127,143,143,199,209,209,281,100,125,99,99,132,132,234,234,248,248,248,258,258,258,278,278,278,310,16,33,33,33,33,33],"floor_reached":33,"playtime":1361,"items_purged":[],"score":309,"play_id":"9640cedf-a775-4f34-8b50-c0f0ff575a0d","local_time":"20180918214429","is_ascension_mode":true,"campfire_choices":[{"floor":13,"key":"REST"},{"floor":15,"key":"REST"},{"floor":23,"key":"REST"},{"floor":32,"key":"REST"}],"neow_cost":"NONE","seed_source_timestamp":373336876678714,"circlet_count":0,"master_deck":["Strike_B+1","Strike_B+1","Strike_B+1","Strike_B+1","Defend_B+1","Defend_B+1","Defend_B+1","Zap","Dualcast","Conserve Battery","Storm","Tempest","Barrage","Buffer","Chaos","Parasite","Melter","Leap","Streamline","Gash","Core Surge","Sweeping Beam+1","Writhe","White Noise","Hello World+1","Gash+1","Glacier+1","Hello World"],"relics":["Cracked Core","Juzu Bracelet","Pocketwatch","Question Card","Lantern","Blood Vial","Bird Faced Urn","Fusion Hammer","Omamori","Nloth\u0027s Gift","Boot","PreservedInsect","Dead Branch","Bottled Lightning","GremlinMask"],"potions_floor_usage":[6,11,11,21,27,27,33],"damage_taken":[{"damage":9,"enemies":"Jaw Worm","floor":1,"turns":3},{"damage":0,"enemies":"Cultist","floor":2,"turns":4},{"damage":2,"enemies":"Small Slimes","floor":4,"turns":3},{"damage":19,"enemies":"Lagavulin","floor":6,"turns":8},{"damage":15,"enemies":"3 Louse","floor":7,"turns":3},{"damage":9,"enemies":"Gremlin Nob","floor":11,"turns":3},{"damage":18,"enemies":"Lagavulin","floor":14,"turns":7},{"damage":59,"enemies":"The Guardian","floor":16,"turns":10},{"damage":12,"enemies":"Chosen","floor":18,"turns":4},{"damage":23,"enemies":"3 Byrds","floor":21,"turns":6},{"damage":41,"enemies":"3 Cultists","floor":24,"turns":5},{"damage":60,"enemies":"Book of Stabbing","floor":27,"turns":6},{"damage":21,"enemies":"Cultist and Chosen","floor":29,"turns":5},{"damage":47,"enemies":"Automaton","floor":33,"turns":10}],"seed_played":"4367989893995958300","potions_obtained":[{"floor":4,"key":"GamblersBrew"},{"floor":6,"key":"FearPotion"},{"floor":7,"key":"SkillPotion"},{"floor":16,"key":"Regen Potion"},{"floor":18,"key":"Swift Potion"},{"floor":24,"key":"Regen Potion"},{"floor":29,"key":"Explosive Potion"}],"is_trial":false,"path_per_floor":["M","M","?","M","?","E","M","?","T","$","E","$","R","E","R","B",null,"M","?","?","M","?","R","M","?","T","E","$","M","T","?","R"],"character_chosen":"DEFECT","items_purchased":["Lantern","Melter","Streamline","Dead Branch"],"campfire_rested":4,"item_purchase_floors":[10,10,12,28],"current_hp_per_floor":[66,66,66,64,52,33,18,36,36,36,27,27,49,33,55,2,75,67,67,67,50,50,72,38,38,38,18,18,7,7,7,29,0],"gold":33,"neow_bonus":"RANDOM_COMMON_RELIC","is_prod":false,"is_daily":false,"chose_seed":false,"campfire_upgraded":0,"win_rate":0,"timestamp":1537321469,"path_taken":["M","M","?","M","?","E","M","?","T","$","E","$","R","E","R","BOSS","M","?","?","M","?","R","M","?","T","E","$","M","?","?","R","BOSS"],"build_version":"2018-09-06","purchased_purges":0,"victory":false,"max_hp_per_floor":[75,75,75,75,75,75,75,75,75,75,75,75,75,75,75,75,75,75,75,75,75,75,75,75,75,75,75,75,75,75,75,75,75],"card_choices":[{"not_picked":["Cold Snap","Rebound"],"picked":"Conserve Battery","floor":1},{"not_picked":["Fusion","Sunder"],"picked":"Storm","floor":2},{"not_picked":["Steam","Rip and Tear"],"picked":"Barrage","floor":4},{"not_picked":["Heatsinks","Beam Cell"],"picked":"Buffer","floor":6},{"not_picked":["Fusion","Storm"],"picked":"Chaos","floor":7},{"not_picked":["Skim","Aggregate","Steam Power"],"picked":"Leap","floor":11},{"not_picked":["Stack","Recycle","Beam Cell"],"picked":"Gash","floor":14},{"not_picked":["Multi-Cast","Fission","Hyperbeam"],"picked":"Core Surge","floor":16},{"not_picked":["Turbo","Reprogram","Consume"],"picked":"Sweeping Beam+1","floor":18},{"not_picked":["Rebound","FTL+1","White Noise"],"picked":"Hello World+1","floor":21},{"not_picked":["Sweeping Beam","Hologram","Skim+1"],"picked":"Gash+1","floor":24},{"not_picked":["Darkness","Steam","Gash"],"picked":"Glacier+1","floor":27},{"not_picked":["Turbo","Genetic Algorithm","All For One"],"picked":"Hello World","floor":29}],"player_experience":143776,"relics_obtained":[{"floor":6,"key":"Tiny Chest"},{"floor":9,"key":"Question Card"},{"floor":11,"key":"Blood Vial"},{"floor":14,"key":"Bird Faced Urn"},{"floor":26,"key":"Boot"},{"floor":27,"key":"PreservedInsect"},{"floor":30,"key":"Bottled Lightning"}],"event_choices":[{"event_name":"Transmorgrifier","player_choice":"Transform","floor":3,"damage_taken":0},{"event_name":"Scrap Ooze","player_choice":"success","floor":5,"damage_taken":12},{"event_name":"Mushrooms","player_choice":"Healed and dodged fight","floor":8,"damage_taken":0},{"event_name":"The Mausoleum","player_choice":"Yes","floor":19,"damage_taken":0},{"event_name":"The Library","player_choice":"Read","floor":20,"damage_taken":0},{"event_name":"N\u0027loth","player_choice":"Traded a Tiny Chest","floor":22,"damage_taken":0},{"event_name":"Back to Basics","player_choice":"Simplicity","floor":25,"damage_taken":0},{"event_name":"FaceTrader","player_choice":"Trade","floor":31,"damage_taken":0}],"is_beta":false,"boss_relics":[{"not_picked":["Cursed Key","Calling Bell"],"picked":"Fusion Hammer"}],"items_purged_floors":[],"is_endless":false,"potions_floor_spawned":[4,6,7,16,18,24,29],"killed_by":"Automaton","ascension_level":2}