{"gold_per_floor":[115,65,65,81,156,156,156,186,186,111,111,23,51,67,67,170,170,184,201,201,61,78,78,93,93,119,119,119,137,37,37,37,139,139,154,254,254,254],"floor_reached":38,"playtime":1299,"items_purged":["Defend_B","Strike_B"],"score":609,"play_id":"a9f6cb1b-33d3-49b3-aac6-dbef0435fabd","local_time":"20181123001412","is_ascension_mode":true,"campfire_choices":[{"data":"Beam Cell","floor":6,"key":"SMITH"},{"data":"Dualcast","floor":11,"key":"SMITH"},{"data":"Go for the Eyes","floor":15,"key":"SMITH"},{"floor":23,"key":"REST"},{"data":"Hyperbeam","floor":25,"key":"SMITH"},{"data":"Buffer","floor":27,"key":"SMITH"},{"floor":32,"key":"REST"}],"neow_cost":"NONE","seed_source_timestamp":22869733635844,"circlet_count":0,"master_deck":["AscendersBane","Strike_B","Strike_B","Defend_B","Defend_B","Defend_B","Dualcast+1","Beam Cell+1","Sweeping Beam","Melter","Conserve Battery","Go for the Eyes+1","Buffer+1","Streamline+1","Self Repair","Steam+1","Hologram","Conserve Battery+1","Rebound+1","Hyperbeam+1","Double Energy+1","Self Repair","Hyperbeam","Echo Form"],"relics":["Cracked Core","NeowsBlessing","Gremlin Horn","Matryoshka","Torii","Orrery","Dream Catcher","Blood Vial","Black Star","Unceasing Top"],"potions_floor_usage":[16,18,33,38],"damage_taken":[{"damage":0,"enemies":"Jaw Worm","floor":1,"turns":1},{"damage":0,"enemies":"2 Louse","floor":4,"turns":1},{"damage":0,"enemies":"Gremlin Nob","floor":13,"turns":1},{"damage":0,"enemies":"Cultist","floor":14,"turns":2},{"damage":59,"enemies":"Slime Boss","floor":16,"turns":13},{"damage":10,"enemies":"3 Byrds","floor":18,"turns":4},{"damage":19,"enemies":"Spheric Guardian","floor":19,"turns":5},{"damage":34,"enemies":"Shelled Parasite and Fungi","floor":22,"turns":5},{"damage":7,"enemies":"3 Cultists","floor":24,"turns":4},{"damage":26,"enemies":"Snecko","floor":29,"turns":7},{"damage":11,"enemies":"Collector","floor":33,"turns":8},{"damage":9,"enemies":"3 Shapes","floor":35,"turns":5},{"damage":48,"enemies":"Mind Bloom Boss Battle","floor":36,"turns":7},{"damage":53,"enemies":"3 Darklings","floor":38,"turns":3}],"seed_played":"-3274300458423455107","potions_obtained":[{"floor":4,"key":"Explosive Potion"},{"floor":18,"key":"AttackPotion"},{"floor":29,"key":"Swift Potion"},{"floor":33,"key":"Regen Potion"}],"is_trial":false,"path_per_floor":["M","?","?","M","?","R","T","?","T","$","R","$","E","M","R","B",null,"M","M","?","$","M","R","M","R","T","R","?","M","$","?","R","B",null,"M","?","?","M"],"character_chosen":"DEFECT","items_purchased":["Melter","Block Potion","Hyperbeam"],"campfire_rested":2,"item_purchase_floors":[12,12,21],"current_hp_per_floor":[68,68,73,73,62,62,62,62,62,62,62,62,62,62,62,3,61,58,46,46,46,19,43,43,43,43,43,43,19,19,19,43,48,72,72,47,47,0],"gold":254,"neow_bonus":"THREE_ENEMY_KILL","is_prod":false,"is_daily":false,"chose_seed":false,"campfire_upgraded":5,"win_rate":0,"timestamp":1542942852,"path_taken":["M","?","?","M","?","R","?","?","T","$","R","$","E","M","R","BOSS","M","M","?","$","M","R","?","R","T","R","?","?","$","?","R","BOSS","M","?","?","M"],"build_version":"2018-11-15","purchased_purges":2,"victory":false,"max_hp_per_floor":[75,75,80,80,80,80,80,80,80,80,80,80,80,80,80,80,80,80,80,80,80,80,80,80,80,80,80,80,80,80,80,80,80,80,80,80,80,80],"card_choices":[{"not_picked":["Cold Snap","Storm"],"picked":"Beam Cell","floor":1},{"not_picked":["Loop","Rip and Tear"],"picked":"Sweeping Beam","floor":4},{"not_picked":["Barrage","Beam Cell"],"picked":"Conserve Battery","floor":13},{"not_picked":["Ball Lightning","BootSequence"],"picked":"Go for the Eyes","floor":14},{"not_picked":["Seek","Machine Learning"],"picked":"Buffer","floor":16},{"not_picked":["Heatsinks","Reinforced Body"],"picked":"Streamline","floor":17},{"not_picked":["Recycle","Force Field"],"picked":"Self Repair","floor":17},{"not_picked":["White Noise","Capacitor"],"picked":"Steam","floor":17},{"not_picked":["Loop","Doom and Gloom"],"picked":"Hologram","floor":17},{"not_picked":["Barrage","Leap"],"picked":"Conserve Battery+1","floor":18},{"not_picked":["Compile Driver+1","Aggregate"],"picked":"Rebound+1","floor":19},{"not_picked":["Conserve Battery","Defragment"],"picked":"Double Energy+1","floor":22},{"not_picked":["Compile Driver","Rebound"],"picked":"Self Repair","floor":24},{"not_picked":["Conserve Battery","Barrage","Loop"],"picked":"SKIP","floor":29},{"not_picked":["Coolheaded+1","Static Discharge"],"picked":"Hyperbeam","floor":32},{"not_picked":["All For One","Multi-Cast"],"picked":"Echo Form","floor":33},{"not_picked":["Static Discharge+1","Defragment+1","Beam Cell+1"],"picked":"SKIP","floor":35}],"player_experience":400763,"relics_obtained":[{"floor":7,"key":"Gremlin Horn"},{"floor":9,"key":"Matryoshka"},{"floor":13,"key":"Torii"},{"floor":26,"key":"Dream Catcher"},{"floor":26,"key":"Blood Vial"},{"floor":36,"key":"Unceasing Top"}],"event_choices":[{"cards_removed":["Strike_B"],"damage_healed":0,"gold_gain":0,"player_choice":"Card Removal","damage_taken":0,"max_hp_gain":0,"max_hp_loss":0,"event_name":"The Cleric","floor":2,"gold_loss":50},{"damage_healed":0,"gold_gain":0,"player_choice":"Donut","damage_taken":0,"max_hp_gain":5,"max_hp_loss":0,"event_name":"Big Fish","floor":3,"gold_loss":0},{"damage_healed":0,"gold_gain":75,"player_choice":"Gather Gold","damage_taken":11,"max_hp_gain":0,"max_hp_loss":0,"event_name":"World of Goop","floor":5,"gold_loss":0},{"damage_healed":0,"gold_gain":30,"player_choice":"Searched \u00271\u0027 times","damage_taken":0,"max_hp_gain":0,"max_hp_loss":0,"event_name":"Dead Adventurer","floor":8,"gold_loss":0},{"cards_removed":["Zap"],"damage_healed":0,"gold_gain":0,"player_choice":"Offered Basic","damage_taken":0,"max_hp_gain":0,"max_hp_loss":0,"event_name":"Bonfire Elementals","floor":20,"gold_loss":0},{"damage_healed":0,"gold_gain":0,"player_choice":"Upgraded","damage_taken":0,"max_hp_gain":0,"max_hp_loss":0,"event_name":"Upgrade Shrine","floor":28,"gold_loss":0,"cards_upgraded":["Streamline"]},{"damage_healed":0,"gold_gain":0,"player_choice":"Forge","damage_taken":0,"max_hp_gain":0,"max_hp_loss":0,"event_name":"Accursed Blacksmith","floor":31,"gold_loss":0,"cards_upgraded":["Steam"]},{"damage_healed":0,"gold_gain":0,"player_choice":"Fight","damage_taken":0,"max_hp_gain":0,"max_hp_loss":0,"event_name":"MindBloom","floor":36,"gold_loss":0},{"damage_healed":0,"gold_gain":0,"player_choice":"Memory 1","damage_taken":0,"max_hp_gain":0,"max_hp_loss":0,"event_name":"SensoryStone","floor":37,"gold_loss":0}],"is_beta":false,"boss_relics":[{"not_picked":["Nuclear Battery","Runic Pyramid"],"picked":"Orrery"},{"not_picked":["White Beast Statue","Calling Bell"],"picked":"Black Star"}],"items_purged_floors":[10,30],"is_endless":false,"potions_floor_spawned":[4,14,18,29,33],"killed_by":"3 Darklings","ascension_level":11}