{"gold_per_floor":[113,126,138,148,73,73,93,93,93,93,93,93,93,112,112,188,188,202,202,221,221,20,20,38,49,73,73,73,73,73,89,89,89],"floor_reached":33,"playtime":1477,"items_purged":["Regret"],"score":427,"play_id":"c7730d43-531a-4360-97dd-e1f5834fbc29","local_time":"20181215212500","is_ascension_mode":true,"campfire_choices":[{"data":"Spot Weakness","floor":6,"key":"SMITH"},{"data":"Bash","floor":8,"key":"SMITH"},{"data":"Pummel","floor":10,"key":"SMITH"},{"data":"Iron Wave","floor":12,"key":"SMITH"},{"data":"Battle Trance","floor":15,"key":"SMITH"},{"floor":23,"key":"REST"},{"floor":28,"key":"REST"},{"data":"Heavy Blade","floor":29,"key":"SMITH"},{"floor":32,"key":"REST"}],"neow_cost":"CURSE","seed_source_timestamp":9180494245395,"circlet_count":0,"master_deck":["AscendersBane","Strike_R","Strike_R","Strike_R","Strike_R","Strike_R","Defend_R","Defend_R","Defend_R","Defend_R","Bash+1","Headbutt","Iron Wave+1","Ghostly Armor","Spot Weakness+1","Pummel+1","Battle Trance+1","Immolate","Flame Barrier","Heavy Blade+1","Spot Weakness+1","Evolve","Impervious","Clothesline","Decay"],"relics":["Burning Blood","WingedGreaves","Potion Belt","Mark of Pain","Orichalcum"],"potions_floor_usage":[33],"damage_taken":[{"damage":11,"enemies":"Cultist","floor":1,"turns":4},{"damage":2,"enemies":"2 Louse","floor":2,"turns":2},{"damage":5,"enemies":"Jaw Worm","floor":3,"turns":3},{"damage":9,"enemies":"Large Slime","floor":4,"turns":6},{"damage":1,"enemies":"2 Fungi Beasts","floor":7,"turns":3},{"damage":2,"enemies":"Red Slaver","floor":14,"turns":2},{"damage":48,"enemies":"The Guardian","floor":16,"turns":12},{"damage":21,"enemies":"Chosen","floor":18,"turns":5},{"damage":37,"enemies":"Colosseum Slavers","floor":19,"turns":4},{"damage":16,"enemies":"Spheric Guardian","floor":20,"turns":4},{"damage":16,"enemies":"3 Cultists","floor":24,"turns":4},{"damage":18,"enemies":"Snake Plant","floor":25,"turns":4},{"damage":20,"enemies":"Shelled Parasite and Fungi","floor":31,"turns":4},{"damage":54,"enemies":"Collector","floor":33,"turns":5}],"seed_played":"384285611927112532","potions_obtained":[{"floor":16,"key":"Ancient Potion"},{"floor":25,"key":"Dexterity Potion"},{"floor":31,"key":"Explosive Potion"}],"is_trial":false,"path_per_floor":["M","M","M","M","$","R","M","R","T","R","?","R","?","M","R","B",null,"M","?","M","?","$","R","M","M","T","?","R","R","?","M","R","B"],"character_chosen":"IRONCLAD","items_purchased":["Evolve","Impervious"],"campfire_rested":3,"item_purchase_floors":[22,22],"current_hp_per_floor":[63,67,68,65,65,65,70,70,70,70,75,75,75,79,79,37,69,54,23,13,13,13,37,27,15,15,15,39,39,39,25,49,0],"gold":89,"neow_bonus":"ONE_RARE_RELIC","is_prod":false,"is_daily":false,"chose_seed":false,"campfire_upgraded":6,"win_rate":0,"timestamp":1544919900,"path_taken":["M","M","M","?","$","R","M","R","T","R","?","R","?","M","R","BOSS","M","?","M","?","$","R","?","M","T","?","R","R","?","M","R","BOSS"],"build_version":"2018-12-13","purchased_purges":1,"victory":false,"max_hp_per_floor":[75,75,75,75,75,75,75,75,75,75,80,80,80,80,80,80,80,80,80,80,80,80,80,80,80,80,80,80,80,80,80,80,80],"card_choices":[{"not_picked":["Warcry","Shockwave"],"picked":"Headbutt","floor":1},{"not_picked":["Thunderclap","Pommel Strike"],"picked":"Iron Wave","floor":2},{"not_picked":["Havoc","Cleave"],"picked":"Ghostly Armor","floor":3},{"not_picked":["Dual Wield","Sword Boomerang"],"picked":"Spot Weakness","floor":4},{"not_picked":["Rage","Flex"],"picked":"Pummel","floor":7},{"not_picked":["Combust","Pommel Strike"],"picked":"Battle Trance","floor":14},{"not_picked":["Offering","Juggernaut"],"picked":"Immolate","floor":16},{"not_picked":["Infernal Blade","Perfected Strike"],"picked":"Flame Barrier","floor":18},{"not_picked":["Sword Boomerang","Second Wind"],"picked":"Heavy Blade","floor":20},{"not_picked":["Armaments","Thunderclap+1"],"picked":"Clothesline","floor":24},{"not_picked":["Twin Strike","Corruption","Pommel Strike"],"picked":"SKIP","floor":25},{"not_picked":["Bloodletting","Anger","Wild Strike"],"picked":"SKIP","floor":31}],"player_experience":550338,"relics_obtained":[{"floor":9,"key":"Potion Belt"},{"floor":26,"key":"Orichalcum"}],"event_choices":[{"damage_healed":0,"gold_gain":0,"player_choice":"Donut","damage_taken":0,"max_hp_gain":5,"max_hp_loss":0,"event_name":"Big Fish","floor":11,"gold_loss":0},{"damage_healed":0,"gold_gain":0,"player_choice":"Ignored","damage_taken":0,"max_hp_gain":0,"max_hp_loss":0,"event_name":"Liars Game","floor":13,"gold_loss":0},{"damage_healed":0,"gold_gain":0,"player_choice":"Fight","damage_taken":0,"max_hp_gain":0,"max_hp_loss":0,"event_name":"Colosseum","floor":19,"gold_loss":0},{"damage_healed":0,"gold_gain":0,"player_choice":"Fled From Nobs","damage_taken":0,"max_hp_gain":0,"max_hp_loss":0,"event_name":"Colosseum","floor":19,"gold_loss":0},{"damage_healed":0,"gold_gain":0,"player_choice":"Copied","damage_taken":0,"max_hp_gain":0,"max_hp_loss":0,"event_name":"Duplicator","floor":21,"gold_loss":0,"cards_obtained":["Spot Weakness"]},{"damage_healed":0,"gold_gain":0,"player_choice":"Smashed Altar","damage_taken":0,"max_hp_gain":0,"max_hp_loss":0,"event_name":"Forgotten Altar","floor":27,"gold_loss":0,"cards_obtained":["Decay"]},{"damage_healed":0,"gold_gain":0,"player_choice":"Ignored","damage_taken":0,"max_hp_gain":0,"max_hp_loss":0,"event_name":"The Mausoleum","floor":30,"gold_loss":0}],"is_beta":false,"boss_relics":[{"not_picked":["White Beast Statue","Black Blood"],"picked":"Mark of Pain"}],"items_purged_floors":[5],"is_endless":false,"potions_floor_spawned":[16,25,31],"killed_by":"Collector","ascension_level":16}