{"gold_per_floor":[112,112,132,132,132,132,173,173,173,19,19,34,48,89,89,220,220,243,243,37,53,53,67,67,67,67,100,119,153,181,191,191,295,345,361,37,54,54,68,95,95,146,146,146,246,274,274,286,286,286],"floor_reached":51,"playtime":5390,"items_purged":["Strike_R","Strike_R"],"score":751,"play_id":"643d75ca-4027-4013-8426-a2b1202c069f","local_time":"20181213221221","is_ascension_mode":false,"campfire_choices":[{"data":"Bash","floor":6,"key":"SMITH"},{"data":"Inflame","floor":8,"key":"SMITH"},{"data":"Heavy Blade","floor":15,"key":"SMITH"},{"data":"Spot Weakness","floor":24,"key":"SMITH"},{"data":"Battle Trance","floor":32,"key":"SMITH"},{"data":"Pummel","floor":41,"key":"SMITH"},{"data":"Strike_R","floor":44,"key":"PURGE"},{"data":"Strike_R","floor":47,"key":"PURGE"},{"data":"Defend_R","floor":49,"key":"PURGE"}],"neow_cost":"NONE","seed_source_timestamp":1399710406823,"circlet_count":0,"master_deck":["Defend_R","Defend_R","Bash+1","Headbutt","Reaper","Dropkick","Inflame+1","Flex","Warcry","Flex","Heavy Blade+1","Uppercut+1","Impervious","Twin Strike","Battle Trance+1","Spot Weakness+1","Discovery","Pummel+1","Sword Boomerang+1","Power Through+1","Disarm","Pommel Strike","Limit Break+1","Disarm+1","Pummel+1","Clothesline","Dual Wield+1","Sword Boomerang+1","Seeing Red+1"],"relics":["Burning Blood","NeowsBlessing","Bloody Idol","Thread and Needle","Gremlin Horn","Sundial","Ornamental Fan","Runic Cube","Anchor","Question Card","Ginger","Red Mask","Red Skull","Tiny House","PreservedInsect","Potion Belt","Peace Pipe","Meat on the Bone","Ice Cream","Pantograph"],"potions_floor_usage":[27,30,33,37,39,50],"damage_taken":[{"damage":0,"enemies":"Jaw Worm","floor":1,"turns":1},{"damage":0,"enemies":"2 Louse","floor":3,"turns":1},{"damage":0,"enemies":"Gremlin Nob","floor":7,"turns":2},{"damage":3,"enemies":"Small Slimes","floor":12,"turns":3},{"damage":6,"enemies":"Looter","floor":13,"turns":3},{"damage":19,"enemies":"Lagavulin","floor":14,"turns":5},{"damage":30,"enemies":"Hexaghost","floor":16,"turns":6},{"damage":18,"enemies":"Spheric Guardian","floor":18,"turns":4},{"damage":1,"enemies":"Chosen","floor":21,"turns":5},{"damage":36,"enemies":"Sentry and Sphere","floor":23,"turns":7},{"damage":9,"enemies":"Book of Stabbing","floor":27,"turns":5},{"damage":18,"enemies":"Snecko","floor":28,"turns":4},{"damage":0,"enemies":"Masked Bandits","floor":29,"turns":3},{"damage":16,"enemies":"Gremlin Leader","floor":30,"turns":4},{"damage":10,"enemies":"3 Cultists","floor":31,"turns":5},{"damage":12,"enemies":"Champ","floor":33,"turns":6},{"damage":30,"enemies":"3 Shapes","floor":35,"turns":3},{"damage":47,"enemies":"3 Darklings","floor":37,"turns":6},{"damage":10,"enemies":"Transient","floor":39,"turns":5},{"damage":32,"enemies":"Nemesis","floor":40,"turns":5},{"damage":39,"enemies":"2 Orb Walkers","floor":42,"turns":4},{"damage":8,"enemies":"Mind Bloom Boss Battle","floor":45,"turns":6},{"damage":27,"enemies":"Reptomancer","floor":46,"turns":4},{"damage":27,"enemies":"Spire Growth","floor":48,"turns":4},{"damage":29,"enemies":"Donu and Deca","floor":50,"turns":4}],"seed_played":"5161801528950707338","potions_obtained":[{"floor":12,"key":"PowerPotion"},{"floor":13,"key":"Energy Potion"},{"floor":16,"key":"Regen Potion"},{"floor":23,"key":"SkillPotion"},{"floor":28,"key":"GamblersBrew"},{"floor":30,"key":"SneckoOil"},{"floor":31,"key":"Explosive Potion"},{"floor":34,"key":"FearPotion"},{"floor":42,"key":"SteroidPotion"},{"floor":45,"key":"Regen Potion"}],"is_trial":false,"path_per_floor":["M","?","M","?","?","R","E","R","T","$","?","M","M","E","R","B",null,"M","?","$","M","T","M","R","?","T","E","M","?","E","M","R","B",null,"M","$","M","?","M","E","R","?","T","R","?","E","R","M","R","B",null],"character_chosen":"IRONCLAD","items_purchased":["Flex","Warcry","Battle Trance","Spot Weakness","Discovery","Pummel","PreservedInsect"],"campfire_rested":0,"item_purchase_floors":[10,10,20,20,20,36,36],"current_hp_per_floor":[80,80,80,60,48,48,54,54,54,54,54,64,71,67,67,43,80,75,75,75,80,80,55,55,55,55,73,66,77,72,80,80,79,85,77,77,75,75,76,55,55,47,47,47,62,85,85,85,85,62],"gold":286,"neow_bonus":"THREE_ENEMY_KILL","is_prod":false,"is_daily":false,"chose_seed":false,"campfire_upgraded":6,"win_rate":0.0,"timestamp":1544767941,"path_taken":["M","?","M","?","?","R","E","R","T","$","?","M","M","E","R","BOSS","M","?","$","M","?","M","R","?","T","E","M","?","E","M","R","BOSS","M","$","M","?","?","E","R","?","T","R","?","E","R","M","R","BOSS"],"build_version":"2018-12-13","purchased_purges":2,"victory":true,"max_hp_per_floor":[80,80,80,80,80,80,80,80,80,80,80,80,80,80,80,80,80,80,80,80,80,80,80,80,80,80,80,80,80,80,80,80,80,85,85,85,85,85,85,85,85,85,85,85,85,85,85,85,85,85],"card_choices":[{"not_picked":["Clothesline","Twin Strike"],"picked":"Headbutt","floor":1},{"not_picked":["Entrench","Clash"],"picked":"Dropkick","floor":3},{"not_picked":["Impervious","Shrug It Off"],"picked":"Inflame","floor":7},{"not_picked":["Corruption","Cleave"],"picked":"Flex","floor":12},{"not_picked":["Anger","Entrench"],"picked":"Heavy Blade","floor":13},{"not_picked":["Flex","Armaments"],"picked":"Uppercut","floor":14},{"not_picked":["Dark Embrace","Brutality"],"picked":"Impervious","floor":16},{"not_picked":["Sword Boomerang","True Grit"],"picked":"Twin Strike","floor":18},{"not_picked":["Perfected Strike","Twin Strike","Sword Boomerang"],"picked":"SKIP","floor":21},{"not_picked":["Barricade","Anger"],"picked":"Pummel+1","floor":23},{"not_picked":["Metallicize","Clothesline+1","Burning Pact"],"picked":"Sword Boomerang+1","floor":27},{"not_picked":["Shrug It Off","Headbutt","Pummel"],"picked":"Power Through+1","floor":28},{"not_picked":["Dual Wield","Fire Breathing","Corruption"],"picked":"Disarm","floor":30},{"not_picked":["Burning Pact","Dual Wield","Bludgeon"],"picked":"Pommel Strike","floor":31},{"not_picked":["Fiend Fire","Feed","Juggernaut"],"picked":"Limit Break","floor":33},{"not_picked":["Warcry","Cleave+1","Twin Strike+1"],"picked":"Disarm+1","floor":34},{"not_picked":["Blood for Blood","Rage+1","Battle Trance","Headbutt+1"],"picked":"SKIP","floor":35},{"not_picked":["Clash","Blood for Blood+1","Hemokinesis"],"picked":"Clothesline","floor":37},{"not_picked":["Headbutt","Armaments","Clothesline+1","Pommel Strike"],"picked":"SKIP","floor":39},{"not_picked":["Headbutt","Armaments","Clothesline+1","Pommel Strike"],"picked":"SKIP","floor":39},{"not_picked":["Headbutt","Armaments","Clothesline+1","Pommel Strike"],"picked":"SKIP","floor":39},{"not_picked":["Feel No Pain+1","Cleave","Headbutt","Clash"],"picked":"SKIP","floor":40},{"not_picked":["Hemokinesis","Rupture+1","Clash"],"picked":"Dual Wield+1","floor":42},{"not_picked":["Perfected Strike","Pommel Strike","True Grit+1"],"picked":"Sword Boomerang+1","floor":46},{"not_picked":["Power Through+1","Perfected Strike+1","Inflame"],"picked":"Seeing Red+1","floor":48}],"player_experience":24961,"relics_obtained":[{"floor":7,"key":"Gremlin Horn"},{"floor":9,"key":"Sundial"},{"floor":14,"key":"Ornamental Fan"},{"floor":22,"key":"Anchor"},{"floor":26,"key":"Question Card"},{"floor":27,"key":"Ginger"},{"floor":29,"key":"Red Mask"},{"floor":30,"key":"Red Skull"},{"floor":40,"key":"Potion Belt"},{"floor":42,"key":"Peace Pipe"},{"floor":43,"key":"Meat on the Bone"},{"floor":45,"key":"Ice Cream"},{"floor":46,"key":"Pantograph"}],"event_choices":[{"damage_healed":0,"gold_gain":0,"cards_transformed":["Defend_R"],"player_choice":"Change","damage_taken":0,"max_hp_gain":0,"max_hp_loss":0,"event_name":"Living Wall","floor":2,"gold_loss":0,"cards_obtained":["Reaper"]},{"damage_healed":0,"gold_gain":0,"player_choice":"Take Damage","damage_taken":20,"relics_obtained":["Golden Idol"],"max_hp_gain":0,"max_hp_loss":0,"event_name":"Golden Idol","floor":4,"gold_loss":0},{"damage_healed":0,"gold_gain":0,"player_choice":"Success","damage_taken":12,"relics_obtained":["Thread and Needle"],"max_hp_gain":0,"max_hp_loss":0,"event_name":"Scrap Ooze","floor":5,"gold_loss":0},{"damage_healed":0,"gold_gain":0,"player_choice":"Ignored","damage_taken":0,"max_hp_gain":0,"max_hp_loss":0,"event_name":"Liars Game","floor":11,"gold_loss":0},{"damage_healed":0,"gold_gain":0,"player_choice":"Gave Idol","damage_taken":0,"relics_obtained":["Bloody Idol"],"max_hp_gain":0,"max_hp_loss":0,"event_name":"Forgotten Altar","floor":19,"relics_lost":["Golden Idol"],"gold_loss":0},{"cards_removed":["Strike_R"],"damage_healed":0,"gold_gain":0,"player_choice":"Elegance","damage_taken":0,"max_hp_gain":0,"max_hp_loss":0,"event_name":"Back to Basics","floor":25,"gold_loss":0},{"damage_healed":0,"gold_gain":0,"player_choice":"Fought Bandits","damage_taken":0,"max_hp_gain":0,"max_hp_loss":0,"event_name":"Masked Bandits","floor":29,"gold_loss":0},{"damage_healed":0,"gold_gain":0,"player_choice":"Upgraded","damage_taken":0,"max_hp_gain":0,"max_hp_loss":0,"event_name":"Upgrade Shrine","floor":38,"gold_loss":0,"cards_upgraded":["Limit Break"]},{"damage_healed":0,"gold_gain":0,"player_choice":"Fight","damage_taken":0,"max_hp_gain":0,"max_hp_loss":0,"event_name":"Mysterious Sphere","floor":42,"gold_loss":0},{"damage_healed":0,"gold_gain":0,"player_choice":"Fight","damage_taken":0,"max_hp_gain":0,"max_hp_loss":0,"event_name":"MindBloom","floor":45,"gold_loss":0}],"is_beta":false,"boss_relics":[{"not_picked":["Runic Dome","Runic Pyramid"],"picked":"Runic Cube"},{"not_picked":["Lizard Tail","Philosopher\u0027s Stone"],"picked":"Tiny House"}],"items_purged_floors":[10,36],"is_endless":false,"potions_floor_spawned":[12,13,16,23,28,30,31,35,42,45],"ascension_level":0}