{"gold_per_floor":[119,119,119,132,149,174,187,187,238,338,364,364,378,4,4,107,107,120,120,83,83,94,94,94,123,175,175,210,210,220,231,231,231],"floor_reached":33,"playtime":1030,"items_purged":["Strike_R"],"score":465,"play_id":"c24d97fc-4110-43da-92a5-49f579635325","local_time":"20190616230642","is_ascension_mode":true,"campfire_choices":[{"floor":8,"key":"REST"},{"floor":12,"key":"REST"},{"data":"Limit Break","floor":15,"key":"SMITH"},{"floor":23,"key":"REST"},{"floor":27,"key":"REST"},{"floor":29,"key":"REST"},{"floor":32,"key":"REST"}],"neow_cost":"NONE","seed_source_timestamp":415726702734711,"circlet_count":0,"master_deck":["AscendersBane","Strike_R","Strike_R+1","Strike_R+1","Strike_R","Defend_R","Defend_R","Defend_R","Defend_R","Bash+1","Cleave+1","Shrug It Off+1","Limit Break+1","Flame Barrier+1","Inflame","Uppercut","Shrug It Off","Offering","Inflame","Bludgeon","Inflame","Corruption","Sentinel+1","Metallicize+1","Inflame"],"relics":["Burning Blood","Bottled Flame","Whetstone","Pen Nib","Bronze Scales","Philosopher\u0027s Stone","Peace Pipe","Regal Pillow","War Paint"],"potions_floor_usage":[7,11,16,25,31,33],"damage_taken":[{"damage":0,"enemies":"2 Louse","floor":1,"turns":2},{"damage":5,"enemies":"Jaw Worm","floor":4,"turns":7},{"damage":6,"enemies":"Cultist","floor":5,"turns":3},{"damage":58,"enemies":"Lagavulin","floor":6,"turns":8},{"damage":0,"enemies":"3 Louse","floor":7,"turns":3},{"damage":16,"enemies":"Gremlin Nob","floor":11,"turns":4},{"damage":3,"enemies":"Exordium Thugs","floor":13,"turns":4},{"damage":40,"enemies":"Hexaghost","floor":16,"turns":6},{"damage":19,"enemies":"Shell Parasite","floor":18,"turns":3},{"damage":33,"enemies":"Spheric Guardian","floor":22,"turns":4},{"damage":31,"enemies":"Gremlin Leader","floor":25,"turns":5},{"damage":33,"enemies":"Book of Stabbing","floor":28,"turns":5},{"damage":27,"enemies":"Centurion and Healer","floor":30,"turns":5},{"damage":10,"enemies":"Chosen and Byrds","floor":31,"turns":5},{"damage":94,"enemies":"Champ","floor":33,"turns":10}],"seed_played":"1603500271028782341","potions_obtained":[{"floor":4,"key":"Dexterity Potion"},{"floor":6,"key":"LiquidBronze"},{"floor":7,"key":"SkillPotion"},{"floor":11,"key":"BloodPotion"},{"floor":18,"key":"LiquidBronze"},{"floor":28,"key":"Strength Potion"}],"is_trial":false,"path_per_floor":["M","?","?","M","M","E","M","R","T","?","E","R","M","$","R","B",null,"M","?","$","?","M","R","?","E","T","R","E","R","M","M","R","B"],"character_chosen":"IRONCLAD","items_purchased":["Offering","Inflame","Bronze Scales","Corruption"],"campfire_rested":6,"item_purchase_floors":[14,14,14,20],"current_hp_per_floor":[78,62,62,63,63,11,17,41,41,41,31,55,58,58,58,32,68,55,55,55,55,28,52,44,19,19,58,31,70,49,45,80,0],"gold":231,"neow_bonus":"THREE_CARDS","is_prod":false,"is_daily":false,"chose_seed":false,"campfire_upgraded":1,"win_rate":0,"timestamp":1560740802,"path_taken":["M","?","?","M","?","E","M","R","T","?","E","R","M","$","R","BOSS","M","?","$","?","?","R","?","E","T","R","E","R","M","M","R","BOSS"],"build_version":"2019-01-23","purchased_purges":1,"victory":false,"max_hp_per_floor":[80,80,80,80,80,80,80,80,80,80,80,80,80,80,80,80,80,80,80,80,80,80,80,80,80,80,80,80,80,80,80,80,80],"card_choices":[{"not_picked":["Anger","Sentinel"],"picked":"Cleave","floor":0},{"not_picked":["Sentinel","Disarm"],"picked":"Shrug It Off","floor":1},{"not_picked":["Flex","Body Slam","Ghostly Armor"],"picked":"SKIP","floor":4},{"not_picked":["True Grit","Havoc"],"picked":"Flame Barrier","floor":5},{"not_picked":["Rupture","Carnage"],"picked":"Inflame","floor":6},{"not_picked":["Seeing Red","True Grit"],"picked":"Uppercut","floor":7},{"not_picked":["Ghostly Armor","Warcry"],"picked":"Shrug It Off","floor":11},{"not_picked":["Havoc","Sever Soul","Power Through"],"picked":"SKIP","floor":13},{"not_picked":["Offering","Exhume"],"picked":"Bludgeon","floor":16},{"not_picked":["Dropkick","Shrug It Off"],"picked":"Inflame","floor":18},{"not_picked":["Corruption","Evolve"],"picked":"Sentinel+1","floor":22},{"not_picked":["Pommel Strike","Body Slam"],"picked":"Metallicize+1","floor":25},{"not_picked":["Warcry","True Grit","Hemokinesis"],"picked":"SKIP","floor":28},{"not_picked":["Bloodletting","Flex+1","Anger+1"],"picked":"SKIP","floor":30},{"not_picked":["Thunderclap","Burning Pact+1"],"picked":"Inflame","floor":31}],"player_experience":819027,"relics_obtained":[{"floor":6,"key":"Bottled Flame"},{"floor":9,"key":"Whetstone"},{"floor":11,"key":"Pen Nib"},{"floor":25,"key":"Peace Pipe"},{"floor":26,"key":"Regal Pillow"},{"floor":28,"key":"War Paint"}],"event_choices":[{"damage_healed":0,"gold_gain":0,"player_choice":"Entered Light","damage_taken":16,"max_hp_gain":0,"max_hp_loss":0,"event_name":"Shining Light","floor":2,"gold_loss":0,"cards_upgraded":["Bash","Strike_R"]},{"damage_healed":0,"gold_gain":0,"player_choice":"1 cards matched","damage_taken":0,"max_hp_gain":0,"max_hp_loss":0,"event_name":"Match and Keep!","floor":3,"gold_loss":0,"cards_obtained":["Limit Break"]},{"damage_healed":0,"gold_gain":100,"player_choice":"Pray","damage_taken":0,"max_hp_gain":0,"max_hp_loss":0,"event_name":"Golden Shrine","floor":10,"gold_loss":0},{"damage_healed":0,"gold_gain":0,"player_choice":"Ignored","damage_taken":0,"max_hp_gain":0,"max_hp_loss":0,"event_name":"Vampires","floor":19,"gold_loss":0},{"damage_healed":0,"gold_gain":0,"player_choice":"Bought 0 Potions","damage_taken":0,"max_hp_gain":0,"max_hp_loss":0,"event_name":"The Woman in Blue","floor":21,"gold_loss":0},{"damage_healed":0,"gold_gain":0,"player_choice":"","damage_taken":8,"max_hp_gain":0,"max_hp_loss":0,"event_name":"Knowing Skull","floor":24,"potions_obtained":[],"gold_loss":0,"cards_obtained":[]}],"is_beta":false,"boss_relics":[{"not_picked":["Black Blood","Snecko Eye"],"picked":"Philosopher\u0027s Stone"}],"items_purged_floors":[14],"is_endless":false,"potions_floor_spawned":[4,6,7,11,18,28],"killed_by":"Champ","ascension_level":10}