{"gold_per_floor":[115,130,24,43,62,62,73,73,73,38,38,48,48,58,58,132,132,148,148,198,213,213,213,226,245,314,314,257,276,7,7,7,81,81,91,91,106,106],"floor_reached":38,"playtime":1909,"items_purged":["Strike_B"],"score":736,"play_id":"594f1814-c532-4777-85e9-689f96546c5b","local_time":"20190106152708","is_ascension_mode":true,"campfire_choices":[{"data":"Beam Cell","floor":6,"key":"SMITH"},{"data":"Defragment","floor":8,"key":"SMITH"},{"data":"Loop","floor":13,"key":"SMITH"},{"floor":15,"key":"REST"},{"floor":23,"key":"REST"},{"floor":27,"key":"REST"},{"data":"Defragment","floor":32,"key":"SMITH"}],"neow_cost":"NONE","seed_source_timestamp":2598900649146,"circlet_count":0,"master_deck":["AscendersBane","Strike_B","Defend_B","Defend_B","Defend_B","Zap","Dualcast","Echo Form","Beam Cell+1","Ball Lightning","Bandage Up","Barrage","Loop+1","Defragment+1","Streamline","Hologram","Cold Snap","Biased Cognition","Static Discharge","Reboot","Leap","Cold Snap","Defragment+1","Bandage Up","Seek","Defragment+1"],"relics":["Cracked Core","Bottled Tornado","Busted Crown","Symbiotic Virus","Cursed Key"],"potions_floor_usage":[7,16,18,25],"damage_taken":[{"damage":2,"enemies":"Cultist","floor":1,"turns":4},{"damage":1,"enemies":"2 Louse","floor":2,"turns":3},{"damage":4,"enemies":"Small Slimes","floor":4,"turns":3},{"damage":20,"enemies":"3 Louse","floor":5,"turns":4},{"damage":26,"enemies":"Large Slime","floor":7,"turns":5},{"damage":28,"enemies":"2 Fungi Beasts","floor":12,"turns":4},{"damage":9,"enemies":"Red Slaver","floor":14,"turns":3},{"damage":22,"enemies":"The Guardian","floor":16,"turns":13},{"damage":13,"enemies":"3 Byrds","floor":18,"turns":3},{"damage":46,"enemies":"2 Thieves","floor":21,"turns":5},{"damage":24,"enemies":"Chosen and Byrds","floor":24,"turns":4},{"damage":8,"enemies":"3 Cultists","floor":25,"turns":4},{"damage":21,"enemies":"Cultist and Chosen","floor":29,"turns":4},{"damage":28,"enemies":"Automaton","floor":33,"turns":13},{"damage":10,"enemies":"Orb Walker","floor":35,"turns":4},{"damage":44,"enemies":"3 Darklings","floor":37,"turns":6},{"damage":54,"enemies":"Spire Growth","floor":38,"turns":3}],"seed_played":"-7603765886817412850","potions_obtained":[{"floor":7,"key":"Fruit Juice"},{"floor":12,"key":"Dexterity Potion"},{"floor":14,"key":"LiquidBronze"},{"floor":24,"key":"PowerPotion"},{"floor":25,"key":"SpeedPotion"},{"floor":29,"key":"Poison Potion"}],"is_trial":false,"path_per_floor":["M","M","$","M","M","R","M","R","T","?","?","M","R","M","R","B",null,"M","?","?","M","?","R","M","M","T","R","$","M","$","?","R","B",null,"M","?","M","M"],"character_chosen":"DEFECT","items_purchased":["Bandage Up","Leap","Defragment","Bandage Up"],"campfire_rested":3,"item_purchase_floors":[3,28,30,30],"current_hp_per_floor":[62,61,61,61,45,45,28,28,28,47,47,23,23,14,36,18,62,53,53,53,11,11,33,13,5,5,27,27,14,14,76,76,60,72,74,74,40,0],"gold":106,"neow_bonus":"ONE_RANDOM_RARE_CARD","is_prod":false,"is_daily":false,"chose_seed":false,"campfire_upgraded":4,"win_rate":0,"timestamp":1546799228,"path_taken":["M","M","?","?","M","R","M","R","T","?","?","M","R","?","R","BOSS","M","?","?","M","?","R","M","?","T","R","$","M","$","?","R","BOSS","M","?","M","M"],"build_version":"2019-01-03v4","purchased_purges":1,"victory":false,"max_hp_per_floor":[71,71,71,71,71,71,76,76,76,76,76,76,76,76,76,76,76,76,76,76,76,76,76,76,76,76,76,76,76,76,76,76,76,76,76,76,76,76],"card_choices":[{"not_picked":["Redo","White Noise"],"picked":"Beam Cell","floor":1},{"not_picked":["Compile Driver","Beam Cell"],"picked":"Ball Lightning","floor":2},{"not_picked":["Storm","Darkness"],"picked":"Barrage","floor":4},{"not_picked":["Gash","Beam Cell"],"picked":"Loop","floor":5},{"not_picked":["Steam Power","Force Field"],"picked":"Defragment","floor":7},{"not_picked":["Beam Cell","Streamline"],"picked":"Hologram","floor":12},{"not_picked":["Gash","Melter"],"picked":"Cold Snap","floor":14},{"not_picked":["Meteor Strike","Thunder Strike"],"picked":"Biased Cognition","floor":16},{"not_picked":["Rebound"],"picked":"SKIP","floor":18},{"not_picked":["Compile Driver"],"picked":"SKIP","floor":21},{"not_picked":["Hello World"],"picked":"SKIP","floor":24},{"not_picked":["Skim"],"picked":"SKIP","floor":25},{"not_picked":[],"picked":"Cold Snap","floor":29},{"not_picked":[],"picked":"Seek","floor":33},{"not_picked":["Genetic Algorithm"],"picked":"SKIP","floor":35},{"not_picked":[],"picked":"Defragment+1","floor":37}],"player_experience":733707,"relics_obtained":[{"floor":9,"key":"Bottled Tornado"},{"floor":26,"key":"Symbiotic Virus"}],"event_choices":[{"damage_healed":19,"gold_gain":0,"player_choice":"Healed","damage_taken":0,"max_hp_gain":0,"max_hp_loss":0,"event_name":"The Cleric","floor":10,"gold_loss":35},{"damage_healed":0,"gold_gain":0,"player_choice":"1 cards matched","damage_taken":0,"max_hp_gain":0,"max_hp_loss":0,"event_name":"Match and Keep!","floor":11,"gold_loss":0,"cards_obtained":["Streamline"]},{"damage_healed":0,"gold_gain":0,"cards_transformed":["Strike_B","Strike_B"],"player_choice":"Became Test Subject","damage_taken":0,"max_hp_gain":0,"max_hp_loss":0,"event_name":"Drug Dealer","floor":19,"gold_loss":0,"cards_obtained":["Static Discharge","Reboot"]},{"damage_healed":0,"gold_gain":50,"player_choice":"Stole From Cult","damage_taken":0,"max_hp_gain":0,"max_hp_loss":0,"event_name":"Nest","floor":20,"gold_loss":0},{"damage_healed":0,"gold_gain":0,"player_choice":"Ignored","damage_taken":0,"max_hp_gain":0,"max_hp_loss":0,"event_name":"N\u0027loth","floor":22,"gold_loss":0},{"damage_healed":62,"gold_gain":0,"player_choice":"Full Heal","damage_taken":0,"max_hp_gain":0,"max_hp_loss":0,"event_name":"Wheel of Change","floor":31,"gold_loss":0},{"cards_removed":["Defend_B"],"damage_healed":0,"gold_gain":0,"player_choice":"Removed Skill","damage_taken":0,"max_hp_gain":0,"max_hp_loss":0,"event_name":"Falling","floor":36,"gold_loss":0}],"is_beta":false,"boss_relics":[{"not_picked":["White Beast Statue","Runic Pyramid"],"picked":"Busted Crown"},{"not_picked":["Empty Cage","Fusion Hammer"],"picked":"Cursed Key"}],"items_purged_floors":[30],"is_endless":false,"potions_floor_spawned":[7,12,14,24,25,29],"killed_by":"Spire Growth","ascension_level":20}