{"gold_per_floor":[114,189,204,204,269,299,314,314,339,389,492,511,511],"floor_reached":13,"playtime":410,"items_purged":[],"score":85,"play_id":"a7a416d3-ac30-4db2-89a6-430ea9cad4b0","local_time":"20181215181746","daily_mods":["Shiny","ControlledChaos","Elite Swarm"],"is_ascension_mode":false,"campfire_choices":[{"floor":8,"key":"REST"}],"neow_cost":"","seed_source_timestamp":0,"circlet_count":0,"master_deck":["Multi-Cast","Hyperbeam","Thunder Strike","Biased Cognition","Machine Learning","Electrodynamics","Buffer","Rainbow","Seek","Meteor Strike","Echo Form","All For One","Reboot","Amplify","Creative AI","Fission","Core Surge","Gash","Static Discharge","Sunder","Echo Form","Redo","Injury","White Noise"],"special_seed":17880,"relics":["Cracked Core","Frozen Eye","SsserpentHead","Shovel","Boot","Golden Idol"],"potions_floor_usage":[],"damage_taken":[{"damage":15,"enemies":"Jaw Worm","floor":1,"turns":4},{"damage":9,"enemies":"Cultist","floor":3,"turns":4},{"damage":3,"enemies":"2 Louse","floor":5,"turns":2},{"damage":28,"enemies":"Gremlin Nob","floor":6,"turns":4},{"damage":7,"enemies":"Blue Slaver","floor":7,"turns":3},{"damage":0,"enemies":"Exordium Wildlife","floor":12,"turns":3},{"damage":24,"enemies":"Exordium Thugs","floor":13,"turns":3}],"seed_played":"1573629743694540191","potions_obtained":[{"floor":1,"key":"FearPotion"},{"floor":5,"key":"LiquidBronze"},{"floor":6,"key":"Weak Potion"}],"is_trial":false,"path_per_floor":["M","?","M","?","M","E","M","R","T","?","?","M","M"],"character_chosen":"DEFECT","items_purchased":[],"campfire_rested":1,"item_purchase_floors":[],"current_hp_per_floor":[60,49,40,40,37,9,2,24,24,24,24,24,0],"gold":511,"neow_bonus":"","is_prod":false,"is_daily":true,"chose_seed":false,"campfire_upgraded":0,"win_rate":0,"timestamp":1544915866,"path_taken":["M","?","M","?","?","E","M","R","T","?","?","M","M"],"build_version":"2018-12-13","purchased_purges":0,"victory":false,"max_hp_per_floor":[75,75,75,75,75,75,75,75,75,75,75,75,75],"card_choices":[{"not_picked":["Reinforced Body","Darkness"],"picked":"Gash","floor":1},{"not_picked":["Stack","Reinforced Body"],"picked":"Static Discharge","floor":3},{"not_picked":["Stack","Steam"],"picked":"Sunder","floor":5},{"not_picked":["Multi-Cast","Thunder Strike"],"picked":"Echo Form","floor":6},{"not_picked":["Coolheaded","Reprogram"],"picked":"Redo","floor":7},{"not_picked":["Go for the Eyes","Force Field"],"picked":"White Noise","floor":12}],"player_experience":266121,"relics_obtained":[{"floor":6,"key":"Shovel"},{"floor":9,"key":"Boot"}],"event_choices":[{"damage_healed":0,"gold_gain":75,"player_choice":"Gather Gold","damage_taken":11,"max_hp_gain":0,"max_hp_loss":0,"event_name":"World of Goop","floor":2,"gold_loss":0},{"damage_healed":0,"gold_gain":0,"player_choice":"Trade","damage_taken":0,"relics_obtained":["SsserpentHead"],"max_hp_gain":0,"max_hp_loss":0,"event_name":"FaceTrader","floor":4,"gold_loss":0},{"damage_healed":0,"gold_gain":0,"player_choice":"Take Wound","damage_taken":0,"relics_obtained":["Golden Idol"],"max_hp_gain":0,"max_hp_loss":0,"event_name":"Golden Idol","floor":10,"gold_loss":0,"cards_obtained":["Injury"]},{"damage_healed":0,"gold_gain":53,"player_choice":"Gained Gold","damage_taken":0,"max_hp_gain":0,"max_hp_loss":0,"event_name":"Golden Wing","floor":11,"gold_loss":0}],"is_beta":false,"boss_relics":[],"items_purged_floors":[],"is_endless":false,"potions_floor_spawned":[1,5,6],"killed_by":"Exordium Thugs","ascension_level":0}