{"gold_per_floor":[110,124,136,151,226,226,238,238,261,292,304],"floor_reached":11,"playtime":266,"items_purged":[],"score":121,"play_id":"d7b50965-21e4-47cb-b00f-160edd3dfce7","local_time":"20181221042001","is_ascension_mode":true,"campfire_choices":[{"data":"Defragment","floor":6,"key":"SMITH"},{"floor":8,"key":"REST"}],"neow_cost":"NONE","seed_source_timestamp":40351006841302,"circlet_count":0,"master_deck":["AscendersBane","Strike_B","Strike_B","Strike_B","Strike_B","Defend_B","Defend_B","Defend_B","Defend_B","Zap","Dualcast","Defragment+1","Static Discharge","Compile Driver","Gash"],"relics":["Busted Crown","MawBank"],"potions_floor_usage":[10],"damage_taken":[{"damage":1,"enemies":"2 Louse","floor":1,"turns":2},{"damage":4,"enemies":"Small Slimes","floor":2,"turns":4},{"damage":2,"enemies":"Jaw Worm","floor":3,"turns":2},{"damage":14,"enemies":"3 Louse","floor":4,"turns":3},{"damage":7,"enemies":"Looter","floor":7,"turns":4},{"damage":37,"enemies":"Exordium Thugs","floor":10,"turns":4},{"damage":18,"enemies":"Red Slaver","floor":11,"turns":3}],"seed_played":"-4105342440258600244","potions_obtained":[{"floor":1,"key":"GamblersBrew"},{"floor":2,"key":"SkillPotion"}],"is_trial":false,"path_per_floor":["M","M","M","M","?","R","M","R","T","M","M"],"character_chosen":"DEFECT","items_purchased":[],"campfire_rested":1,"item_purchase_floors":[],"current_hp_per_floor":[63,59,57,43,32,32,25,46,46,9,0],"gold":304,"neow_bonus":"BOSS_RELIC","is_prod":false,"is_daily":false,"chose_seed":false,"campfire_upgraded":1,"win_rate":0,"timestamp":1545376801,"path_taken":["M","M","M","M","?","R","M","R","T","M","M"],"build_version":"2018-12-20","purchased_purges":0,"victory":false,"max_hp_per_floor":[71,71,71,71,71,71,71,71,71,71,71],"card_choices":[{"not_picked":[],"picked":"Defragment","floor":1},{"not_picked":["Hologram"],"picked":"SKIP","floor":2},{"not_picked":[],"picked":"Static Discharge","floor":3},{"not_picked":[],"picked":"Compile Driver","floor":4},{"not_picked":[],"picked":"Gash","floor":7},{"not_picked":["Static Discharge"],"picked":"SKIP","floor":10}],"player_experience":582127,"relics_obtained":[{"floor":9,"key":"MawBank"}],"event_choices":[{"damage_healed":0,"gold_gain":75,"player_choice":"Gather Gold","damage_taken":11,"max_hp_gain":0,"max_hp_loss":0,"event_name":"World of Goop","floor":5,"gold_loss":0}],"is_beta":false,"boss_relics":[],"items_purged_floors":[],"is_endless":false,"potions_floor_spawned":[1,2,4],"killed_by":"Red Slaver","ascension_level":16}