{"gold_per_floor":[118,118,141,141,157,157,173,203,227,253,223,223,223,223,223,296,296,312,312,329,220,232,232,250,284,310,310],"floor_reached":27,"playtime":1587,"items_purged":[],"score":361,"play_id":"aa40f58c-6338-4896-a5ab-0dcd9f7edefb","local_time":"20190507115610","is_ascension_mode":true,"campfire_choices":[{"data":"Leg Sweep","floor":6.0,"key":"SMITH"},{"floor":12.0,"key":"REST"},{"floor":15.0,"key":"REST"},{"floor":23,"key":"REST"}],"neow_cost":"NONE","seed_source_timestamp":0,"circlet_count":0,"master_deck":["AscendersBane","Defend_G","Defend_G+1","Defend_G","Defend_G+1","Strike_G","Strike_G","Survivor","Neutralize+1","Dagger Throw","Leg Sweep+1","Poisoned Stab","Well Laid Plans+1","Backflip","Venomology","Deflect+1","Slice+1","Acrobatics+1","Deadly Poison","Backflip+1","After Image","Leg Sweep","Finisher"],"special_seed":0,"relics":["Lizard Tail","The Courier","War Paint","Oddly Smooth Stone","Astrolabe","Nloth\u0027s Gift","Red Mask","Juzu Bracelet"],"potions_floor_usage":[20,22,25,27],"damage_taken":[{"damage":12.0,"enemies":"Jaw Worm","floor":1.0,"turns":8.0},{"damage":9.0,"enemies":"Small Slimes","floor":5.0,"turns":4.0},{"damage":7.0,"enemies":"Cultist","floor":7.0,"turns":7.0},{"damage":10.0,"enemies":"3 Sentries","floor":8.0,"turns":13.0},{"damage":14.0,"enemies":"Lagavulin","floor":10.0,"turns":9.0},{"damage":0.0,"enemies":"Looter","floor":11.0,"turns":4.0},{"damage":6.0,"enemies":"The Guardian","floor":16.0,"turns":17.0},{"damage":3,"enemies":"Chosen","floor":18,"turns":8},{"damage":24,"enemies":"3 Byrds","floor":20,"turns":5},{"damage":10,"enemies":"Centurion and Healer","floor":22,"turns":11},{"damage":20,"enemies":"Snake Plant","floor":24,"turns":6},{"damage":48,"enemies":"Masked Bandits","floor":25,"turns":11},{"damage":14,"enemies":"Gremlin Leader","floor":27,"turns":2}],"seed_played":"-8184831069568561243","potions_obtained":[{"floor":5.0,"key":"PowerPotion"},{"floor":10.0,"key":"Strength Potion"},{"floor":16.0,"key":"SkillPotion"},{"floor":18,"key":"FairyPotion"}],"is_trial":false,"path_per_floor":["M","?","T","?","M","R","M","E","T","E","M","R","?","$","R","B",null,"M","?","M","$","M","R","M","?","T","E"],"character_chosen":"THE_SILENT","items_purchased":["After Image"],"campfire_rested":3,"item_purchase_floors":[21],"current_hp_per_floor":[51,51,51,51,42,42,35,25,25,11,11,32,18,18,39,33,61,58,58,34,34,24,45,25,35,35,21],"gold":310,"neow_bonus":"BOSS_RELIC","is_prod":false,"is_daily":false,"chose_seed":false,"campfire_upgraded":1,"win_rate":0,"timestamp":1557244570,"path_taken":["M","?","?","?","M","R","?","E","T","E","M","R","?","$","R","BOSS","M","?","M","$","M","R","?","?","T","E"],"build_version":"2019-01-23","purchased_purges":0,"victory":false,"max_hp_per_floor":[70,70,70,70,70,70,70,70,70,70,70,70,70,70,70,70,70,70,70,70,70,70,70,70,70,70,70],"card_choices":[{"not_picked":["Slice","Sucker Punch"],"picked":"Dagger Throw","floor":1.0},{"not_picked":["Acrobatics","Infinite Blades"],"picked":"Leg Sweep","floor":5.0},{"not_picked":["Underhanded Strike","Dagger Throw"],"picked":"Poisoned Stab","floor":7.0},{"not_picked":["Blur","Leg Sweep"],"picked":"Well Laid Plans","floor":8.0},{"not_picked":["Accuracy","Concentrate","Prepared"],"picked":"SKIP","floor":10.0},{"not_picked":["Caltrops","Night Terror"],"picked":"Backflip","floor":11.0},{"not_picked":["Doppelganger","Envenom"],"picked":"Venomology","floor":16.0},{"not_picked":["Bane","Dagger Spray"],"picked":"Deadly Poison","floor":18},{"not_picked":["Blade Dance","Deadly Poison"],"picked":"Backflip+1","floor":20},{"not_picked":["Outmaneuver","Escape Plan","Poisoned Stab"],"picked":"SKIP","floor":22},{"not_picked":["Backflip","Reflex"],"picked":"Leg Sweep","floor":24},{"not_picked":["Deflect","Outmaneuver+1"],"picked":"Finisher","floor":25}],"player_experience":495420,"relics_obtained":[{"floor":3.0,"key":"Smiling Mask"},{"floor":8.0,"key":"The Courier"},{"floor":9.0,"key":"War Paint"},{"floor":10.0,"key":"Oddly Smooth Stone"},{"floor":25,"key":"Red Mask"},{"floor":26,"key":"Juzu Bracelet"}],"event_choices":[{"damage_healed":0.0,"max_hp_gain":0.0,"max_hp_loss":0.0,"gold_gain":0.0,"event_name":"Golden Wing","player_choice":"Ignored","floor":2.0,"gold_loss":0.0,"damage_taken":0.0},{"cards_removed":["Strike_G"],"damage_healed":0.0,"max_hp_gain":0.0,"max_hp_loss":0.0,"gold_gain":0.0,"event_name":"Purifier","player_choice":"Purged","floor":4.0,"gold_loss":0.0,"damage_taken":0.0},{"damage_healed":0.0,"max_hp_gain":0.0,"max_hp_loss":0.0,"gold_gain":0.0,"event_name":"Shining Light","player_choice":"Entered Light","floor":13.0,"gold_loss":0.0,"damage_taken":14.0,"cards_upgraded":["Well Laid Plans","Neutralize"]},{"damage_healed":0,"gold_gain":0,"player_choice":"Traded Relic","damage_taken":0,"relics_obtained":["Nloth\u0027s Gift"],"max_hp_gain":0,"max_hp_loss":0,"event_name":"N\u0027loth","floor":19,"relics_lost":["Smiling Mask"],"gold_loss":0},{"damage_healed":0,"gold_gain":0,"player_choice":"Fought Bandits","damage_taken":0,"max_hp_gain":0,"max_hp_loss":0,"event_name":"Masked Bandits","floor":25,"gold_loss":0}],"is_beta":false,"boss_relics":[{"not_picked":["Orrery","Velvet Choker"],"picked":"Astrolabe"}],"items_purged_floors":[],"is_endless":false,"potions_floor_spawned":[5,10,16,18,20],"killed_by":"Gremlin Leader","ascension_level":13}