{"gold_per_floor":[112,129,79,79,7,27,27,55,55,72,84,84,9,28,28,123,123,140,152,252,351,362,362,396,396,450,462,473,235,235,83,83,183,183,201,76,76,76,86,86,100,100,124,144,144,160,185,201,201,201],"floor_reached":51,"playtime":2022,"items_purged":["Strike_B","Strike_B","Defend_B"],"score":924,"play_id":"86f6be09-803d-4036-b8a0-21e3807eb4ca","local_time":"20181104222127","is_ascension_mode":true,"campfire_choices":[{"data":"Hyperbeam","floor":7,"key":"SMITH"},{"data":"Genetic Algorithm","floor":12,"key":"SMITH"},{"data":"Zap","floor":15,"key":"SMITH"},{"floor":23,"key":"REST"},{"data":"Auto Shields","floor":25,"key":"SMITH"},{"floor":32,"key":"REST"},{"data":"Hyperbeam","floor":40,"key":"SMITH"},{"data":"Hologram","floor":42,"key":"SMITH"},{"floor":49,"key":"REST"}],"neow_cost":"NONE","seed_source_timestamp":24767169857270,"circlet_count":0,"master_deck":["Strike_B","Strike_B","Defend_B","Defend_B","Zap+1","Dualcast+1","Genetic Algorithm+1","Beam Cell+1","Hyperbeam+1","Skim","Streamline","Machine Learning","Auto Shields+1","Skim","Self Repair+1","BootSequence","Hologram+1","Conserve Battery","Hyperbeam+1","Conserve Battery","Streamline"],"relics":["Cracked Core","NeowsBlessing","Sundial","Regal Pillow","Sozu","Du-Vu Doll","Letter Opener","Boot","Oddly Smooth Stone","Bottled Flame","Meat on the Bone","Lizard Tail","Bronze Scales","Pen Nib"],"potions_floor_usage":[20,24],"damage_taken":[{"damage":0,"enemies":"Jaw Worm","floor":1,"turns":1},{"damage":0,"enemies":"Cultist","floor":2,"turns":1},{"damage":0,"enemies":"Small Slimes","floor":6,"turns":1},{"damage":0,"enemies":"3 Sentries","floor":8,"turns":2},{"damage":2,"enemies":"2 Fungi Beasts","floor":10,"turns":2},{"damage":0,"enemies":"Large Slime","floor":11,"turns":3},{"damage":6,"enemies":"Exordium Thugs","floor":14,"turns":2},{"damage":31,"enemies":"The Guardian","floor":16,"turns":6},{"damage":6,"enemies":"Spheric Guardian","floor":18,"turns":3},{"damage":8,"enemies":"3 Byrds","floor":19,"turns":3},{"damage":0,"enemies":"Colosseum Slavers","floor":20,"turns":4},{"damage":31,"enemies":"Colosseum Nobs","floor":20,"turns":4},{"damage":0,"enemies":"Centurion and Healer","floor":22,"turns":3},{"damage":32,"enemies":"Book of Stabbing","floor":24,"turns":5},{"damage":0,"enemies":"3 Cultists","floor":27,"turns":2},{"damage":18,"enemies":"Snake Plant","floor":28,"turns":3},{"damage":44,"enemies":"Champ","floor":33,"turns":11},{"damage":0,"enemies":"3 Darklings","floor":35,"turns":2},{"damage":5,"enemies":"Orb Walker","floor":39,"turns":2},{"damage":0,"enemies":"4 Shapes","floor":41,"turns":2},{"damage":0,"enemies":"Jaw Worm Horde","floor":44,"turns":2},{"damage":0,"enemies":"Sphere and 2 Shapes","floor":46,"turns":2},{"damage":81,"enemies":"Giant Head","floor":47,"turns":9},{"damage":0,"enemies":"4 Shapes","floor":48,"turns":2},{"damage":74,"enemies":"Time Eater","floor":50,"turns":10}],"seed_played":"-7190333430459165465","potions_obtained":[{"floor":2,"key":"SpeedPotion"},{"floor":14,"key":"Dexterity Potion"},{"floor":16,"key":"Fire Potion"}],"is_trial":false,"path_per_floor":["M","M","?","?","$","M","R","E","T","M","M","R","$","M","R","B",null,"M","M","?","?","M","R","E","R","T","M","M","$","?","$","R","B",null,"M","$","?","$","M","R","M","R","T","M","$","M","E","M","R","B",null],"character_chosen":"DEFECT","items_purchased":["Hyperbeam","Bottled Flame","Conserve Battery"],"campfire_rested":3,"item_purchase_floors":[5,29,31],"current_hp_per_floor":[75,75,75,60,60,60,60,60,60,58,58,58,58,52,52,21,62,56,48,17,17,17,54,32,32,32,32,24,24,24,24,61,39,66,66,66,66,66,71,71,71,71,71,75,75,75,59,59,75,23],"gold":201,"neow_bonus":"THREE_ENEMY_KILL","is_prod":false,"is_daily":false,"chose_seed":false,"campfire_upgraded":6,"win_rate":0,"timestamp":1541380887,"path_taken":["M","M","?","?","?","M","R","E","T","M","?","R","$","M","R","BOSS","M","M","?","?","M","R","E","R","T","M","M","$","?","$","R","BOSS","M","$","?","$","M","R","?","R","T","M","$","M","E","M","R","BOSS"],"build_version":"2018-11-01","purchased_purges":3,"victory":true,"max_hp_per_floor":[75,75,75,75,75,75,75,75,75,75,75,75,75,75,75,75,75,75,75,75,75,75,75,75,75,75,75,75,75,75,75,75,75,75,75,75,75,75,75,75,75,75,75,75,75,75,75,75,75,75],"card_choices":[{"not_picked":["Go for the Eyes","Barrage"],"picked":"Genetic Algorithm","floor":1},{"not_picked":["Sweeping Beam","Cold Snap"],"picked":"Beam Cell","floor":2},{"not_picked":["Scrape","Redo","Hello World"],"picked":"SKIP","floor":6},{"not_picked":["Beam Cell","Fusion"],"picked":"Skim","floor":8},{"not_picked":["Beam Cell","Glacier","Storm"],"picked":"SKIP","floor":10},{"not_picked":["Beam Cell","Glacier","Storm"],"picked":"SKIP","floor":10},{"not_picked":["Reinforced Body","Sweeping Beam"],"picked":"Streamline","floor":11},{"not_picked":["Tempest","Rebound","Creative AI"],"picked":"SKIP","floor":14},{"not_picked":["Creative AI","Thunder Strike"],"picked":"Machine Learning","floor":16},{"not_picked":["Ball Lightning+1","Defragment"],"picked":"Auto Shields","floor":18},{"not_picked":["Genetic Algorithm","Coolheaded"],"picked":"Skim","floor":19},{"not_picked":["Redo+1","Sunder"],"picked":"Self Repair+1","floor":22},{"not_picked":["Tempest","Cold Snap"],"picked":"BootSequence","floor":24},{"not_picked":["Barrage+1","Gash+1"],"picked":"Hologram","floor":27},{"not_picked":["Go for the Eyes+1","Sweeping Beam","Heatsinks"],"picked":"SKIP","floor":28},{"not_picked":["Meteor Strike","Amplify"],"picked":"Hyperbeam","floor":33},{"not_picked":["Cold Snap+1","Lockon"],"picked":"Conserve Battery","floor":35},{"not_picked":["Hello World+1","Compile Driver","Beam Cell"],"picked":"SKIP","floor":39},{"not_picked":["Static Discharge+1","Gash","Go for the Eyes+1"],"picked":"SKIP","floor":41},{"not_picked":["Loop","Tempest+1","Conserve Battery+1"],"picked":"SKIP","floor":44},{"not_picked":["Gash","Steam","Conserve Battery"],"picked":"SKIP","floor":46},{"not_picked":["Electrodynamics","Gash+1"],"picked":"Streamline","floor":47},{"not_picked":["Beam Cell+1","FTL","Redo+1"],"picked":"SKIP","floor":48}],"player_experience":281739,"relics_obtained":[{"floor":8,"key":"Sundial"},{"floor":9,"key":"Regal Pillow"},{"floor":20,"key":"Du-Vu Doll"},{"floor":20,"key":"Letter Opener"},{"floor":24,"key":"Boot"},{"floor":26,"key":"Oddly Smooth Stone"},{"floor":43,"key":"Bronze Scales"},{"floor":47,"key":"Pen Nib"}],"event_choices":[{"cards_removed":["Defend_B"],"damage_healed":0,"gold_gain":0,"player_choice":"Card Removal","damage_taken":0,"max_hp_gain":0,"max_hp_loss":0,"event_name":"The Cleric","floor":3,"gold_loss":50},{"damage_healed":0,"gold_gain":0,"player_choice":"Entered Light","damage_taken":15,"max_hp_gain":0,"max_hp_loss":0,"event_name":"Shining Light","floor":4,"gold_loss":0,"cards_upgraded":["Dualcast","Beam Cell"]},{"damage_healed":0,"gold_gain":0,"player_choice":"Fight","damage_taken":0,"max_hp_gain":0,"max_hp_loss":0,"event_name":"Colosseum","floor":20,"gold_loss":0},{"damage_healed":0,"gold_gain":0,"player_choice":"Fought Nobs","damage_taken":0,"max_hp_gain":0,"max_hp_loss":0,"event_name":"Colosseum","floor":20,"gold_loss":0},{"damage_healed":0,"gold_gain":99,"player_choice":"Stole From Cult","damage_taken":0,"max_hp_gain":0,"max_hp_loss":0,"event_name":"Nest","floor":21,"gold_loss":0},{"damage_healed":0,"gold_gain":0,"player_choice":"Gave Potion","damage_taken":0,"relics_obtained":["Meat on the Bone"],"max_hp_gain":0,"max_hp_loss":0,"event_name":"WeMeetAgain","floor":30,"gold_loss":0},{"damage_healed":0,"gold_gain":0,"player_choice":"Got Potions","damage_taken":0,"max_hp_gain":0,"max_hp_loss":0,"event_name":"Lab","floor":37,"gold_loss":0}],"is_beta":false,"boss_relics":[{"not_picked":["Coffee Dripper","Ectoplasm"],"picked":"Sozu"},{"not_picked":["Velvet Choker","FrozenCore"],"picked":"Lizard Tail"}],"items_purged_floors":[13,31,36],"is_endless":false,"potions_floor_spawned":[2,14,16,20,20,22,24,28,33,35,39,46],"ascension_level":5}