{"gold_per_floor":[119,136,149,161,173,202,202,202,202,217,249,266,266,295,295,398,398,411,411,411,421,185,185,195,195,195,195,195,205,230,530,530,635,635,647,647,659,759,759,759,784,784,784,784,804,804,830,840,840,840],"floor_reached":51,"playtime":4342,"items_purged":[],"score":939,"play_id":"b709b8d2-cd35-48d2-9071-a5aa1f0fd844","local_time":"20190622181109","is_ascension_mode":true,"campfire_choices":[{"data":"Noxious Fumes","floor":8,"key":"SMITH"},{"data":"Crippling Poison","floor":13,"key":"SMITH"},{"data":"Terror","floor":15,"key":"SMITH"},{"floor":23,"key":"REST"},{"floor":25,"key":"REST"},{"floor":27,"key":"REST"},{"data":"Crippling Poison","floor":32,"key":"SMITH"},{"floor":40,"key":"REST"},{"data":"Footwork","floor":42,"key":"SMITH"},{"data":"Ghostly","floor":46,"key":"SMITH"},{"data":"Ghostly","floor":49,"key":"SMITH"}],"neow_cost":"NONE","seed_source_timestamp":765816552230000,"circlet_count":0,"master_deck":["Survivor","Noxious Fumes+1","Crippling Poison+1","Crippling Poison+1","Dash","Footwork+1","Quick Slash","Terror+1","Wraith Form v2","Acrobatics","PiercingWail","Night Terror","Burst","Accuracy","Well Laid Plans","Tactician","Terror","Venomology","Bouncing Flask","Backstab","Outmaneuver","Deadly Poison","Backflip+1","Dodge and Roll+1","Footwork","Dagger Throw","Ghostly+1","Ghostly+1","Ghostly","Ghostly","Ghostly","Bane","Wraith Form v2","Night Terror","PiercingWail+1","Sadistic Nature","PiercingWail","Dodge and Roll+1","Setup+1","Malaise"],"relics":["Velvet Choker","Bottled Tornado","NlothsMask","Blood Vial","Pear","Pandora\u0027s Box","Nilry\u0027s Codex","OrangePellets","Gremlin Horn","Bottled Lightning","Old Coin","Lizard Tail","Calipers","Ice Cream","Paper Crane","Sundial"],"potions_floor_usage":[1,11,18,19,21,24,30,30,33,37,37,41,47,50,50,50,50,50,50,50],"damage_taken":[{"damage":0,"enemies":"Cultist","floor":1,"turns":5},{"damage":0,"enemies":"Small Slimes","floor":2,"turns":3},{"damage":0,"enemies":"2 Louse","floor":3,"turns":4},{"damage":2,"enemies":"Exordium Wildlife","floor":4,"turns":3},{"damage":3,"enemies":"Exordium Thugs","floor":5,"turns":4},{"damage":0,"enemies":"3 Sentries","floor":6,"turns":6},{"damage":3,"enemies":"Looter","floor":10,"turns":4},{"damage":2,"enemies":"Gremlin Nob","floor":11,"turns":4},{"damage":1,"enemies":"Blue Slaver","floor":12,"turns":3},{"damage":3,"enemies":"3 Sentries","floor":14,"turns":6},{"damage":17,"enemies":"Slime Boss","floor":16,"turns":10},{"damage":39,"enemies":"2 Thieves","floor":18,"turns":4},{"damage":24,"enemies":"Colosseum Slavers","floor":19,"turns":4},{"damage":6,"enemies":"3 Byrds","floor":21,"turns":4},{"damage":22,"enemies":"Snecko","floor":24,"turns":5},{"damage":1,"enemies":"Centurion and Healer","floor":29,"turns":7},{"damage":3,"enemies":"Slavers","floor":30,"turns":5},{"damage":10,"enemies":"Champ","floor":33,"turns":13},{"damage":4,"enemies":"Orb Walker","floor":35,"turns":5},{"damage":7,"enemies":"3 Darklings","floor":37,"turns":6},{"damage":6,"enemies":"Mind Bloom Boss Battle","floor":38,"turns":8},{"damage":5,"enemies":"Nemesis","floor":41,"turns":7},{"damage":7,"enemies":"Spire Growth","floor":45,"turns":8},{"damage":1,"enemies":"Giant Head","floor":47,"turns":10},{"damage":2,"enemies":"Jaw Worm Horde","floor":48,"turns":4},{"damage":13,"enemies":"Awakened One","floor":50,"turns":19}],"seed_played":"1367695295368415452","potions_obtained":[{"floor":1,"key":"Fruit Juice"},{"floor":2,"key":"Weak Potion"},{"floor":6,"key":"Block Potion"},{"floor":16,"key":"GamblersBrew"},{"floor":21,"key":"Block Potion"},{"floor":30,"key":"Dexterity Potion"},{"floor":45,"key":"GamblersBrew"}],"is_trial":false,"path_per_floor":["M","M","M","M","M","E","?","R","T","M","E","M","R","E","R","B",null,"M","?","?","M","$","R","M","R","T","R","?","M","E","T","R","B",null,"M","?","M","?","?","R","E","R","T","?","M","R","E","M","R","B",null],"character_chosen":"THE_SILENT","items_purchased":["OrangePellets","Footwork"],"campfire_rested":4,"item_purchase_floors":[22,22],"current_hp_per_floor":[75,75,75,73,70,70,70,70,70,67,65,66,66,75,75,60,85,46,24,8,4,4,29,9,34,34,59,42,41,39,39,39,31,42,38,38,33,29,29,41,37,37,37,37,32,32,33,33,33,22],"gold":840,"neow_bonus":"BOSS_RELIC","is_prod":false,"is_daily":false,"chose_seed":false,"campfire_upgraded":7,"win_rate":0,"timestamp":1561252269,"path_taken":["M","M","M","M","M","E","?","R","T","M","E","?","R","E","R","BOSS","M","?","?","?","?","R","M","R","T","R","?","M","E","?","R","BOSS","M","?","M","?","?","R","E","R","T","?","?","R","E","M","R","BOSS"],"build_version":"2019-01-23","purchased_purges":0,"victory":true,"max_hp_per_floor":[75,75,75,75,75,75,75,75,75,75,75,75,75,85,85,85,85,85,85,85,85,85,85,85,85,85,85,42,42,42,42,42,42,42,42,42,42,42,42,42,42,42,42,42,42,42,42,42,42,42],"card_choices":[{"not_picked":["Catalyst","Well Laid Plans"],"picked":"Noxious Fumes","floor":1},{"not_picked":["Deadly Poison","Tactician"],"picked":"Crippling Poison","floor":2},{"not_picked":["Outmaneuver","PiercingWail"],"picked":"Crippling Poison","floor":3},{"not_picked":["Flechettes","Backstab"],"picked":"Dash","floor":4},{"not_picked":["Acrobatics","Skewer"],"picked":"Footwork","floor":5},{"not_picked":["Blade Dance","Sucker Punch"],"picked":"Quick Slash","floor":6},{"not_picked":["Quick Slash","Deflect"],"picked":"Terror","floor":10},{"not_picked":["Deadly Poison","Cloak And Dagger"],"picked":"Wraith Form v2","floor":11},{"not_picked":["Slice","Blade Dance"],"picked":"Acrobatics","floor":12},{"not_picked":["Storm of Steel","Terror"],"picked":"PiercingWail","floor":14},{"not_picked":["Phantasmal Killer","Die Die Die"],"picked":"Night Terror","floor":16},{"not_picked":["Poisoned Stab","Dodge and Roll"],"picked":"Backflip+1","floor":18},{"not_picked":["Quick Slash+1","Flying Knee"],"picked":"Dodge and Roll+1","floor":21},{"not_picked":["Eviscerate","Blade Dance"],"picked":"Dagger Throw","floor":24},{"not_picked":["Prepared","Sucker Punch+1"],"picked":"Bane","floor":29},{"not_picked":["Grand Finale","Bouncing Flask"],"picked":"Wraith Form v2","floor":30},{"not_picked":["Doppelganger","Corpse Explosion"],"picked":"Night Terror","floor":33},{"not_picked":["Tactician+1","Cloak And Dagger","Infinite Blades+1"],"picked":"SKIP","floor":35},{"not_picked":["Acrobatics","Underhanded Strike+1"],"picked":"PiercingWail+1","floor":37},{"not_picked":["Flash of Steel","Madness"],"picked":"Sadistic Nature","floor":39},{"not_picked":["Predator","Quick Slash"],"picked":"PiercingWail","floor":41},{"not_picked":["Cloak And Dagger+1","Sucker Punch+1"],"picked":"Setup+1","floor":45},{"not_picked":["Blade Dance","Deadly Poison"],"picked":"Malaise","floor":47},{"not_picked":["Well Laid Plans","Slice","Dash+1"],"picked":"SKIP","floor":48}],"player_experience":294506,"relics_obtained":[{"floor":6,"key":"Bottled Tornado"},{"floor":11,"key":"Blood Vial"},{"floor":14,"key":"Pear"},{"floor":20,"key":"Nilry\u0027s Codex"},{"floor":26,"key":"Gremlin Horn"},{"floor":30,"key":"Bottled Lightning"},{"floor":31,"key":"Old Coin"},{"floor":38,"key":"Calipers"},{"floor":41,"key":"Ice Cream"},{"floor":43,"key":"Paper Crane"},{"floor":47,"key":"Sundial"}],"event_choices":[{"damage_healed":0,"gold_gain":0,"player_choice":"Trade","damage_taken":0,"relics_obtained":["NlothsMask"],"max_hp_gain":0,"max_hp_loss":0,"event_name":"FaceTrader","floor":7,"gold_loss":0},{"damage_healed":0,"gold_gain":0,"player_choice":"Fight","damage_taken":0,"max_hp_gain":0,"max_hp_loss":0,"event_name":"Colosseum","floor":19,"gold_loss":0},{"damage_healed":0,"gold_gain":0,"player_choice":"Fled From Nobs","damage_taken":0,"max_hp_gain":0,"max_hp_loss":0,"event_name":"Colosseum","floor":19,"gold_loss":0},{"damage_healed":0,"gold_gain":0,"player_choice":"Obtained Book","damage_taken":16,"max_hp_gain":0,"max_hp_loss":0,"event_name":"Cursed Tome","floor":20,"gold_loss":0},{"damage_healed":0,"gold_gain":0,"player_choice":"Became a Ghost","damage_taken":0,"max_hp_gain":0,"max_hp_loss":43,"event_name":"Ghosts","floor":28,"gold_loss":0,"cards_obtained":["Ghostly","Ghostly","Ghostly","Ghostly","Ghostly"]},{"cards_removed":["Neutralize"],"damage_healed":0,"gold_gain":0,"player_choice":"Removed Attack","damage_taken":0,"max_hp_gain":0,"max_hp_loss":0,"event_name":"Falling","floor":36,"gold_loss":0},{"damage_healed":0,"gold_gain":0,"player_choice":"Fight","damage_taken":0,"max_hp_gain":0,"max_hp_loss":0,"event_name":"MindBloom","floor":38,"gold_loss":0},{"damage_healed":0,"gold_gain":0,"player_choice":"Memory 1","damage_taken":0,"max_hp_gain":0,"max_hp_loss":0,"event_name":"SensoryStone","floor":39,"gold_loss":0},{"damage_healed":0,"gold_gain":0,"player_choice":"Copied","damage_taken":0,"max_hp_gain":0,"max_hp_loss":0,"event_name":"Duplicator","floor":44,"gold_loss":0,"cards_obtained":["Dodge and Roll"]}],"is_beta":false,"boss_relics":[{"not_picked":["Runic Dome","Black Star"],"picked":"Pandora\u0027s Box"},{"not_picked":["Philosopher\u0027s Stone","WristBlade"],"picked":"Lizard Tail"}],"items_purged_floors":[],"is_endless":false,"potions_floor_spawned":[1,2,6,16,19,21,29,30,33,38,45,48],"ascension_level":4}