{"gold_per_floor":[109,119,44,57,73,73,88,119,119,119,119,119,150,169,169,267,317,336,346,362,362,88,117,117,117],"floor_reached":25,"playtime":1221,"items_purged":["Defend_R","Writhe"],"score":256,"play_id":"97c79791-d979-41de-a054-19c8b1719e22","local_time":"20181215190258","is_ascension_mode":true,"campfire_choices":[{"data":"Thunderclap","floor":6,"key":"SMITH"},{"data":"Wild Strike","floor":10,"key":"SMITH"},{"floor":12,"key":"REST"},{"data":"Spot Weakness","floor":15,"key":"SMITH"},{"floor":24,"key":"REST"}],"neow_cost":"NONE","seed_source_timestamp":167032451800473,"circlet_count":0,"master_deck":["Strike_R","Strike_R+1","Strike_R+1","Strike_R+1","Defend_R","Defend_R","Defend_R","Bash","Spot Weakness+1","Shrug It Off","Thunderclap+1","Battle Trance","Wild Strike+1","Flex","Pummel","Pummel","Demon Form","Shockwave","Flex","Whirlwind","Headbutt","Sadistic Nature+1","Sword Boomerang"],"relics":["Burning Blood","Whetstone","Ornamental Fan","Bottled Lightning","Pantograph","Tiny House","Frozen Egg 2","Happy Flower"],"potions_floor_usage":[8,23,23],"damage_taken":[{"damage":1,"enemies":"Cultist","floor":1,"turns":3},{"damage":14,"enemies":"Small Slimes","floor":2,"turns":4},{"damage":7,"enemies":"Jaw Worm","floor":4,"turns":3},{"damage":19,"enemies":"3 Louse","floor":5,"turns":3},{"damage":1,"enemies":"Red Slaver","floor":7,"turns":4},{"damage":28,"enemies":"Lagavulin","floor":8,"turns":5},{"damage":6,"enemies":"Gremlin Nob","floor":13,"turns":3},{"damage":0,"enemies":"Looter","floor":14,"turns":1},{"damage":48,"enemies":"Slime Boss","floor":16,"turns":11},{"damage":17,"enemies":"Shell Parasite","floor":18,"turns":3},{"damage":7,"enemies":"Chosen","floor":19,"turns":3},{"damage":19,"enemies":"Shelled Parasite and Fungi","floor":20,"turns":4},{"damage":37,"enemies":"Book of Stabbing","floor":23,"turns":5},{"damage":56,"enemies":"Sentry and Sphere","floor":25,"turns":5}],"seed_played":"5888430958867737713","potions_obtained":[{"floor":2,"key":"AttackPotion"},{"floor":4,"key":"Swift Potion"},{"floor":5,"key":"Poison Potion"},{"floor":14,"key":"LiquidBronze"},{"floor":17,"key":"Weak Potion"}],"is_trial":false,"path_per_floor":["M","M","$","M","M","R","M","E","T","R","?","R","E","M","R","B",null,"M","M","M","?","$","E","R","M"],"character_chosen":"IRONCLAD","items_purchased":["Sadistic Nature+1"],"campfire_rested":2,"item_purchase_floors":[22],"current_hp_per_floor":[80,72,72,71,58,58,63,41,41,41,41,65,65,71,71,38,85,74,73,60,60,60,29,54,0],"gold":117,"neow_bonus":"RANDOM_COMMON_RELIC","is_prod":false,"is_daily":false,"chose_seed":false,"campfire_upgraded":3,"win_rate":0,"timestamp":1544929378,"path_taken":["M","M","$","M","M","R","M","E","T","R","?","R","E","M","R","BOSS","M","M","M","?","$","E","R","M"],"build_version":"2018-12-13","purchased_purges":2,"victory":false,"max_hp_per_floor":[80,80,80,80,80,80,80,80,80,80,80,80,80,80,80,80,85,85,85,85,85,85,85,85,85],"card_choices":[{"not_picked":["Body Slam","Headbutt"],"picked":"Spot Weakness","floor":1},{"not_picked":["Heavy Blade","Bludgeon"],"picked":"Shrug It Off","floor":2},{"not_picked":["Perfected Strike","Pommel Strike"],"picked":"Thunderclap","floor":4},{"not_picked":["Perfected Strike","Corruption"],"picked":"Battle Trance","floor":5},{"not_picked":["True Grit","Dual Wield"],"picked":"Wild Strike","floor":7},{"not_picked":["Burning Pact","Reaper"],"picked":"Flex","floor":8},{"not_picked":["Perfected Strike","Headbutt"],"picked":"Pummel","floor":13},{"not_picked":["Rupture","Whirlwind"],"picked":"Pummel","floor":14},{"not_picked":["Bludgeon","Double Tap"],"picked":"Demon Form","floor":16},{"not_picked":["Flex","Metallicize"],"picked":"Shockwave","floor":17},{"not_picked":["Iron Wave","Offering"],"picked":"Flex","floor":18},{"not_picked":["Armaments","Shrug It Off"],"picked":"Whirlwind","floor":19},{"not_picked":["Fire Breathing","Anger"],"picked":"Headbutt","floor":20},{"not_picked":["Clothesline","Thunderclap"],"picked":"Sword Boomerang","floor":23}],"player_experience":55231,"relics_obtained":[{"floor":8,"key":"Ornamental Fan"},{"floor":9,"key":"Bottled Lightning"},{"floor":13,"key":"Pantograph"},{"floor":23,"key":"Happy Flower"}],"event_choices":[{"cards_removed":["Strike_R"],"damage_healed":0,"gold_gain":0,"player_choice":"Offered Basic","damage_taken":0,"max_hp_gain":0,"max_hp_loss":0,"event_name":"Bonfire Elementals","floor":11,"gold_loss":0},{"damage_healed":0,"gold_gain":0,"player_choice":"Opened","damage_taken":0,"relics_obtained":["Frozen Egg 2"],"max_hp_gain":0,"max_hp_loss":0,"event_name":"The Mausoleum","floor":21,"gold_loss":0,"cards_obtained":["Writhe"]}],"is_beta":false,"boss_relics":[{"not_picked":["Runic Dome","Fusion Hammer"],"picked":"Tiny House"}],"items_purged_floors":[3,22],"is_endless":false,"potions_floor_spawned":[2,4,5,14,18,20],"killed_by":"Sentry and Sphere","ascension_level":2}