{"gold_per_floor":[112,126,126,126,136,136,161,161,191,210,210],"floor_reached":11,"playtime":359,"items_purged":[],"score":146,"play_id":"1eb97e99-7c91-4710-b0d9-3eee31759023","local_time":"20190403214652","is_ascension_mode":true,"campfire_choices":[{"data":"Catalyst","floor":6,"key":"SMITH"},{"floor":8,"key":"REST"}],"neow_cost":"NONE","seed_source_timestamp":37266635154548,"circlet_count":0,"master_deck":["AscendersBane","Defend_G","Defend_G","Defend_G","Defend_G","Defend_G","Strike_G","Strike_G","Strike_G","Strike_G","Strike_G","Survivor","Neutralize","Noxious Fumes+1","Catalyst+1","Deadly Poison","Dagger Spray","Crippling Poison","Burst"],"relics":["Orrery","Sundial","Tiny Chest"],"potions_floor_usage":[],"damage_taken":[{"damage":7,"enemies":"Jaw Worm","floor":1,"turns":4},{"damage":10,"enemies":"Small Slimes","floor":2,"turns":4},{"damage":2,"enemies":"Cultist","floor":5,"turns":5},{"damage":22,"enemies":"Lagavulin","floor":7,"turns":7},{"damage":3,"enemies":"3 Louse","floor":10,"turns":4},{"damage":35,"enemies":"Exordium Wildlife","floor":11,"turns":3}],"seed_played":"-8488744744875291992","potions_obtained":[{"floor":5,"key":"LiquidBronze"}],"is_trial":false,"path_per_floor":["M","M","?","?","M","R","E","R","T","M","M"],"character_chosen":"THE_SILENT","items_purchased":[],"campfire_rested":1,"item_purchase_floors":[],"current_hp_per_floor":[52,42,42,42,40,40,18,37,37,34,0],"gold":210,"neow_bonus":"BOSS_RELIC","is_prod":false,"is_daily":false,"chose_seed":false,"campfire_upgraded":1,"win_rate":0,"timestamp":1554338812,"path_taken":["M","M","?","?","M","R","E","R","T","M","M"],"build_version":"2019-01-23","purchased_purges":0,"victory":false,"max_hp_per_floor":[66,66,66,66,66,66,66,66,66,66,66],"card_choices":[{"not_picked":["Dagger Spray","Crippling Poison"],"picked":"Noxious Fumes","floor":0},{"not_picked":["Caltrops","Accuracy"],"picked":"Catalyst","floor":0},{"not_picked":["All Out Attack","Choke"],"picked":"Deadly Poison","floor":0},{"not_picked":["Eviscerate","Dagger Throw"],"picked":"Dagger Spray","floor":1},{"not_picked":["Sucker Punch","Flying Knee","Accuracy"],"picked":"SKIP","floor":2},{"not_picked":["Blade Dance","Deadly Poison"],"picked":"Crippling Poison","floor":5},{"not_picked":["Tactician","Reflex","Dagger Throw"],"picked":"SKIP","floor":7},{"not_picked":["Flying Knee","Dodge and Roll"],"picked":"Burst","floor":10}],"player_experience":1006179,"relics_obtained":[{"floor":7,"key":"Sundial"},{"floor":9,"key":"Tiny Chest"}],"event_choices":[{"damage_healed":0,"gold_gain":0,"player_choice":"Grow","damage_taken":0,"max_hp_gain":0,"max_hp_loss":0,"event_name":"Living Wall","floor":3,"gold_loss":0,"cards_upgraded":["Noxious Fumes"]},{"damage_healed":0,"gold_gain":0,"player_choice":"Ignored","damage_taken":0,"max_hp_gain":0,"max_hp_loss":0,"event_name":"Liars Game","floor":4,"gold_loss":0}],"is_beta":false,"boss_relics":[],"items_purged_floors":[],"is_endless":false,"potions_floor_spawned":[5],"killed_by":"Exordium Wildlife","ascension_level":20}