{"gold_per_floor":[113,124,49,64,64,64,89,89,140,172,144,144,177,177,177,276,276,293,393,413,102,102],"floor_reached":22,"playtime":1420,"items_purged":[],"score":320,"play_id":"9b6bbb36-c01e-4e47-aaa4-c1ffc565d5fb","local_time":"20190613224802","is_ascension_mode":true,"campfire_choices":[{"data":"Uppercut","floor":6,"key":"SMITH"},{"floor":8,"key":"REST"},{"floor":15,"key":"REST"}],"neow_cost":"NONE","seed_source_timestamp":7746292017400,"circlet_count":0,"master_deck":["AscendersBane","Strike_R","Strike_R","Strike_R+1","Strike_R","Strike_R","Defend_R","Defend_R","Defend_R","Defend_R+1","Bash","Seeing Red","Uppercut+1","Carnage","Dropkick","Carnage","Corruption+1","Flex","Demon Form","Headbutt","Power Through","Cleave","Feel No Pain","Apotheosis"],"relics":["Burning Blood","Bag of Marbles","Lantern","Orichalcum","Bronze Scales","Juzu Bracelet","Velvet Choker","Shovel","Gremlin Horn"],"potions_floor_usage":[10,13,13,19,22],"damage_taken":[{"damage":0,"enemies":"2 Louse","floor":1,"turns":2},{"damage":6,"enemies":"Jaw Worm","floor":2,"turns":4},{"damage":6,"enemies":"Small Slimes","floor":4,"turns":2},{"damage":52,"enemies":"3 Sentries","floor":7,"turns":11},{"damage":24,"enemies":"Lagavulin","floor":10,"turns":4},{"damage":17,"enemies":"3 Sentries","floor":13,"turns":4},{"damage":23,"enemies":"Hexaghost","floor":16,"turns":9},{"damage":13,"enemies":"Shell Parasite","floor":18,"turns":3},{"damage":15,"enemies":"Colosseum Slavers","floor":19,"turns":3},{"damage":50,"enemies":"Colosseum Nobs","floor":19,"turns":5},{"damage":0,"enemies":"Chosen","floor":20,"turns":4},{"damage":16,"enemies":"Centurion and Healer","floor":22,"turns":3}],"seed_played":"-26191375981981275","potions_obtained":[{"floor":1,"key":"Fire Potion"},{"floor":4,"key":"Poison Potion"},{"floor":10,"key":"Explosive Potion"},{"floor":18,"key":"PowerPotion"}],"is_trial":false,"path_per_floor":["M","M","$","M","?","R","E","R","T","E","?","?","E","?","R","B",null,"M","?","M","$","M"],"character_chosen":"IRONCLAD","items_purchased":["Carnage","Feel No Pain","Apotheosis","AttackPotion"],"campfire_rested":2,"item_purchase_floors":[3,21,21,21],"current_hp_per_floor":[78,78,78,78,83,83,37,62,62,44,44,44,33,16,41,24,70,63,10,16,16,0],"gold":102,"neow_bonus":"RANDOM_COMMON_RELIC","is_prod":false,"is_daily":false,"chose_seed":false,"campfire_upgraded":1,"win_rate":0,"timestamp":1560491282,"path_taken":["M","M","$","M","?","R","E","R","T","E","?","?","E","?","R","BOSS","M","?","M","$","M"],"build_version":"2019-01-23","purchased_purges":0,"victory":false,"max_hp_per_floor":[80,80,80,80,85,85,85,85,85,85,85,85,85,85,85,85,85,85,85,85,85,85],"card_choices":[{"not_picked":["True Grit","Shrug It Off"],"picked":"Seeing Red","floor":1},{"not_picked":["Clothesline","Warcry"],"picked":"Uppercut","floor":2},{"not_picked":["Shrug It Off","Warcry"],"picked":"Dropkick","floor":4},{"not_picked":["Pummel","Rupture"],"picked":"Carnage","floor":7},{"not_picked":["Dual Wield","Berserk"],"picked":"Corruption","floor":10},{"not_picked":["Carnage","Entrench"],"picked":"Flex","floor":13},{"not_picked":["Fiend Fire","Impervious"],"picked":"Demon Form","floor":16},{"not_picked":["Iron Wave","Warcry"],"picked":"Headbutt","floor":18},{"not_picked":["Armaments","Clothesline"],"picked":"Power Through","floor":19},{"not_picked":["Searing Blow","Perfected Strike"],"picked":"Cleave","floor":20}],"player_experience":247180,"relics_obtained":[{"floor":7,"key":"Lantern"},{"floor":9,"key":"Orichalcum"},{"floor":10,"key":"Bronze Scales"},{"floor":13,"key":"Juzu Bracelet"},{"floor":19,"key":"Shovel"},{"floor":19,"key":"Gremlin Horn"}],"event_choices":[{"damage_healed":0,"gold_gain":0,"player_choice":"Donut","damage_taken":0,"max_hp_gain":5,"max_hp_loss":0,"event_name":"Big Fish","floor":5,"gold_loss":0},{"damage_healed":0,"gold_gain":0,"player_choice":"Left Gold","damage_taken":0,"max_hp_gain":0,"max_hp_loss":0,"event_name":"World of Goop","floor":11,"gold_loss":28},{"damage_healed":0,"gold_gain":0,"player_choice":"Grow","damage_taken":0,"max_hp_gain":0,"max_hp_loss":0,"event_name":"Living Wall","floor":12,"gold_loss":0,"cards_upgraded":["Corruption"]},{"damage_healed":0,"gold_gain":0,"player_choice":"Entered Light","damage_taken":17,"max_hp_gain":0,"max_hp_loss":0,"event_name":"Shining Light","floor":14,"gold_loss":0,"cards_upgraded":["Defend_R","Strike_R"]},{"damage_healed":0,"gold_gain":0,"player_choice":"Fight","damage_taken":0,"max_hp_gain":0,"max_hp_loss":0,"event_name":"Colosseum","floor":19,"gold_loss":0},{"damage_healed":0,"gold_gain":0,"player_choice":"Fought Nobs","damage_taken":0,"max_hp_gain":0,"max_hp_loss":0,"event_name":"Colosseum","floor":19,"gold_loss":0}],"is_beta":false,"boss_relics":[{"not_picked":["Empty Cage","Eternal Feather"],"picked":"Velvet Choker"}],"items_purged_floors":[],"is_endless":false,"potions_floor_spawned":[1,4,10,18,19],"killed_by":"Centurion and Healer","ascension_level":12}