{"gold_per_floor":[115,130,143,160,173,198,198,209,209,234,249,259,275,310,310,411,411,426,282,292,304,10,10,39,39,62,72,72,86,86,100,100,203,203,223,14,29,0,18,18,30,30,30,30,30,55,67,89,101,113],"floor_reached":50,"playtime":3656,"items_purged":["Regret"],"score":897,"play_id":"6b0057e5-7ab9-4517-ae7d-608bae9bb741","local_time":"20190429153050","is_ascension_mode":true,"campfire_choices":[{"data":"Noxious Fumes","floor":7,"key":"SMITH"},{"floor":15,"key":"REST"},{"floor":23,"key":"REST"},{"data":"Malaise","floor":25,"key":"SMITH"},{"floor":28,"key":"REST"},{"data":"Catalyst","floor":30,"key":"SMITH"},{"floor":32,"key":"REST"},{"floor":40,"key":"REST"},{"floor":42,"key":"REST"},{"floor":45,"key":"REST"},{"data":"Catalyst","floor":47,"key":"SMITH"},{"data":"Burst","floor":49,"key":"SMITH"}],"neow_cost":"NONE","seed_source_timestamp":362765902146792,"circlet_count":0,"master_deck":["AscendersBane","Defend_G","Defend_G","Defend_G","Defend_G","Defend_G","Strike_G","Strike_G","Strike_G","Strike_G","Strike_G","Survivor","Neutralize+1","Dash","Crippling Poison","Acrobatics","Noxious Fumes+1","Predator","Poisoned Stab","Backstab","Catalyst+1","Footwork+1","Dagger Spray","Wraith Form v2+1","Skewer","Bane","Malaise+1","Well Laid Plans+1","Well Laid Plans+1","Die Die Die","Cloak And Dagger+1","Noxious Fumes+1","Caltrops+1","Blur","Quick Slash+1","Backstab","Leg Sweep","Backflip","Burst+1","Parasite","Decay","Deadly Poison","Noxious Fumes+1","Deadly Poison","Flechettes","Catalyst+1"],"relics":["Ring of the Serpent","Ninja Scroll","Smiling Mask","Frozen Egg 2","Dream Catcher","Anchor","The Courier","Lantern","Calling Bell","Happy Flower","Darkstone Periapt","Thread and Needle","Vajra","Red Mask","Molten Egg 2","MawBank"],"potions_floor_usage":[6,10,33,50],"damage_taken":[{"damage":0,"enemies":"2 Louse","floor":1,"turns":3},{"damage":2,"enemies":"Jaw Worm","floor":2,"turns":4},{"damage":0,"enemies":"Cultist","floor":3,"turns":4},{"damage":1,"enemies":"2 Fungi Beasts","floor":4,"turns":4},{"damage":0,"enemies":"Blue Slaver","floor":5,"turns":5},{"damage":14,"enemies":"Gremlin Nob","floor":6,"turns":4},{"damage":9,"enemies":"Exordium Thugs","floor":8,"turns":6},{"damage":3,"enemies":"3 Sentries","floor":10,"turns":7},{"damage":1,"enemies":"Exordium Wildlife","floor":11,"turns":3},{"damage":0,"enemies":"Gremlin Gang","floor":12,"turns":4},{"damage":6,"enemies":"Looter","floor":13,"turns":2},{"damage":2,"enemies":"Gremlin Nob","floor":14,"turns":5},{"damage":23,"enemies":"Hexaghost","floor":16,"turns":9},{"damage":10,"enemies":"Shell Parasite","floor":18,"turns":7},{"damage":11,"enemies":"Spheric Guardian","floor":20,"turns":6},{"damage":20,"enemies":"Chosen and Byrds","floor":21,"turns":7},{"damage":3,"enemies":"Gremlin Leader","floor":24,"turns":7},{"damage":7,"enemies":"Shelled Parasite and Fungi","floor":27,"turns":5},{"damage":4,"enemies":"Cultist and Chosen","floor":29,"turns":6},{"damage":16,"enemies":"Centurion and Healer","floor":31,"turns":7},{"damage":17,"enemies":"Champ","floor":33,"turns":14},{"damage":0,"enemies":"3 Shapes","floor":35,"turns":7},{"damage":2,"enemies":"Orb Walker","floor":37,"turns":3},{"damage":36,"enemies":"Jaw Worm Horde","floor":39,"turns":5},{"damage":21,"enemies":"Writhing Mass","floor":41,"turns":8},{"damage":2,"enemies":"Giant Head","floor":46,"turns":7},{"damage":0,"enemies":"Sphere and 2 Shapes","floor":48,"turns":5},{"damage":76,"enemies":"Time Eater","floor":50,"turns":8}],"seed_played":"2687846061524138512","potions_obtained":[{"floor":2,"key":"Dexterity Potion"},{"floor":3,"key":"Poison Potion"},{"floor":6,"key":"FairyPotion"},{"floor":11,"key":"Dexterity Potion"},{"floor":33,"key":"Strength Potion"}],"is_trial":false,"path_per_floor":["M","M","M","M","M","E","R","M","T","E","M","M","M","E","R","B",null,"M","$","M","M","$","R","E","R","T","M","R","M","R","M","R","B",null,"M","$","M","?","M","R","M","R","T","$","R","E","R","M","R","B"],"character_chosen":"THE_SILENT","items_purchased":["Well Laid Plans+1","Die Die Die","Caltrops+1","Anchor","Blur","Vajra","Deadly Poison"],"campfire_rested":7,"item_purchase_floors":[19,19,22,22,22,36,36],"current_hp_per_floor":[63,61,61,60,60,46,46,37,37,34,33,33,27,25,46,23,58,48,48,37,17,17,38,35,35,35,28,49,45,45,29,50,33,61,61,61,59,59,23,44,23,44,44,44,65,63,63,63,63,0],"gold":113,"neow_bonus":"UPGRADE_CARD","is_prod":false,"is_daily":false,"chose_seed":false,"campfire_upgraded":5,"win_rate":0,"timestamp":1556566250,"path_taken":["M","M","M","M","M","E","R","M","T","E","M","M","M","E","R","BOSS","M","$","M","M","$","R","E","R","T","M","R","M","R","M","R","BOSS","M","$","M","?","M","R","M","R","T","?","R","E","R","M","R","BOSS"],"build_version":"2019-01-23","purchased_purges":1,"victory":false,"max_hp_per_floor":[70,70,70,70,70,70,70,70,70,70,70,70,70,70,70,70,70,70,70,70,70,70,70,70,70,70,70,70,70,70,70,70,70,70,70,70,70,70,70,70,70,70,70,70,70,70,70,70,70,70],"card_choices":[{"not_picked":["Bane","Flying Knee"],"picked":"Dash","floor":1},{"not_picked":["Choke","Caltrops"],"picked":"Crippling Poison","floor":2},{"not_picked":["Endless Agony","Sucker Punch"],"picked":"Acrobatics","floor":3},{"not_picked":["Bane","Crippling Poison"],"picked":"Noxious Fumes","floor":4},{"not_picked":["Backflip","Acrobatics"],"picked":"Predator","floor":5},{"not_picked":["Prepared","Storm of Steel"],"picked":"Poisoned Stab","floor":6},{"not_picked":["Poisoned Stab","Quick Slash"],"picked":"Backstab","floor":8},{"not_picked":["Accuracy","Flechettes"],"picked":"Catalyst","floor":10},{"not_picked":["Riddle With Holes","Caltrops+1"],"picked":"Footwork+1","floor":11},{"not_picked":["Poisoned Stab","Sucker Punch"],"picked":"Dagger Spray","floor":12},{"not_picked":["Calculated Gamble","Skewer"],"picked":"Wraith Form v2+1","floor":13},{"not_picked":["Escape Plan","Prepared"],"picked":"Skewer","floor":14},{"not_picked":["Deflect","Tactician"],"picked":"Bane","floor":15},{"not_picked":["Bullet Time","Tools of the Trade+1"],"picked":"Malaise","floor":16},{"not_picked":["Riddle With Holes","Terror"],"picked":"Well Laid Plans+1","floor":18},{"not_picked":["Poisoned Stab","Flechettes"],"picked":"Cloak And Dagger+1","floor":20},{"not_picked":["PiercingWail+1","Phantasmal Killer"],"picked":"Noxious Fumes+1","floor":21},{"not_picked":["Underhanded Strike","Concentrate"],"picked":"Quick Slash+1","floor":23},{"not_picked":["Dagger Throw","Flying Knee","Deflect"],"picked":"SKIP","floor":24},{"not_picked":["Setup","Prepared"],"picked":"Backstab","floor":27},{"not_picked":["Poisoned Stab","Backstab+1"],"picked":"Leg Sweep","floor":28},{"not_picked":["Endless Agony","Night Terror","Reflex"],"picked":"SKIP","floor":29},{"not_picked":["Bane","Blade Dance"],"picked":"Backflip","floor":31},{"not_picked":["Doppelganger","Malaise"],"picked":"Burst","floor":33},{"not_picked":["Predator","Poisoned Stab+1","Flying Knee"],"picked":"SKIP","floor":35},{"not_picked":["Finisher","Deadly Poison"],"picked":"Noxious Fumes+1","floor":37},{"not_picked":["Masterful Stab","Quick Slash"],"picked":"Deadly Poison","floor":39},{"not_picked":["Bane","Quick Slash"],"picked":"Flechettes","floor":41},{"not_picked":["Slice+1","Storm of Steel"],"picked":"Catalyst","floor":45},{"not_picked":["Blade Dance","Infinite Blades+1","Flying Knee+1"],"picked":"SKIP","floor":46},{"not_picked":["Cloak And Dagger","Choke+1","Outmaneuver"],"picked":"SKIP","floor":48}],"player_experience":467565,"relics_obtained":[{"floor":6,"key":"Ninja Scroll"},{"floor":9,"key":"Smiling Mask"},{"floor":10,"key":"Frozen Egg 2"},{"floor":14,"key":"Dream Catcher"},{"floor":24,"key":"The Courier"},{"floor":26,"key":"Lantern"},{"floor":34,"key":"Happy Flower"},{"floor":34,"key":"Darkstone Periapt"},{"floor":34,"key":"Thread and Needle"},{"floor":43,"key":"Molten Egg 2"},{"floor":46,"key":"MawBank"}],"event_choices":[{"damage_healed":0,"gold_gain":0,"player_choice":"Paid","damage_taken":0,"relics_obtained":["Red Mask"],"max_hp_gain":0,"max_hp_loss":0,"event_name":"Tomb of Lord Red Mask","floor":38,"gold_loss":29}],"is_beta":false,"boss_relics":[{"not_picked":["Lizard Tail","Orrery"],"picked":"Ring of the Serpent"},{"not_picked":["Snecko Eye","Runic Pyramid"],"picked":"Calling Bell"}],"items_purged_floors":[36],"is_endless":false,"potions_floor_spawned":[2,3,4,5,6,11,20,21,33,35,39],"killed_by":"Time Eater","ascension_level":12}