{"gold_per_floor":[213,231,58,69,82,82,82,103,175,175,175,191,191,207,207,207],"floor_reached":16,"playtime":562,"items_purged":[],"score":188,"play_id":"efd5d806-feba-4452-8dfe-57b6a662e5d6","local_time":"20190102202443","is_ascension_mode":true,"campfire_choices":[{"data":"Die Die Die","floor":6,"key":"SMITH"},{"data":"Poisoned Stab","floor":11,"key":"SMITH"},{"data":"Poisoned Stab","floor":13,"key":"SMITH"},{"floor":15,"key":"REST"}],"neow_cost":"NONE","seed_source_timestamp":18452240791456,"circlet_count":0,"master_deck":["AscendersBane","Defend_G","Defend_G","Defend_G","Defend_G","Defend_G","Strike_G","Strike_G","Strike_G","Strike_G","Strike_G","Survivor","Neutralize","Poisoned Stab+1","Catalyst","Die Die Die+1","Blur","Quick Slash","Poisoned Stab+1"],"relics":["Ring of the Snake","Golden Idol","Dodecahedron"],"potions_floor_usage":[],"damage_taken":[{"damage":8,"enemies":"Cultist","floor":1,"turns":5},{"damage":0,"enemies":"Small Slimes","floor":2,"turns":4},{"damage":3,"enemies":"2 Louse","floor":4,"turns":3},{"damage":9,"enemies":"Lots of Slimes","floor":5,"turns":4},{"damage":6,"enemies":"Blue Slaver","floor":8,"turns":4},{"damage":0,"enemies":"Gremlin Gang","floor":12,"turns":1},{"damage":12,"enemies":"Exordium Wildlife","floor":14,"turns":3},{"damage":43,"enemies":"The Guardian","floor":16,"turns":6}],"seed_played":"-3120937372693859695","potions_obtained":[{"floor":1,"key":"GamblersBrew"},{"floor":5,"key":"AttackPotion"}],"is_trial":false,"path_per_floor":["M","M","$","M","M","R","?","M","T","?","R","M","R","M","R","B"],"character_chosen":"THE_SILENT","items_purchased":["Die Die Die"],"campfire_rested":1,"item_purchase_floors":[3],"current_hp_per_floor":[51,51,51,48,39,39,39,33,33,33,33,33,33,21,39,0],"gold":207,"neow_bonus":"HUNDRED_GOLD","is_prod":false,"is_daily":false,"chose_seed":false,"campfire_upgraded":3,"win_rate":0,"timestamp":1546471483,"path_taken":["M","M","$","?","M","R","?","M","T","?","R","M","R","?","R","BOSS"],"build_version":"2018-12-20","purchased_purges":0,"victory":false,"max_hp_per_floor":[66,66,66,66,66,66,60,60,60,60,60,60,60,60,60,60],"card_choices":[{"not_picked":["Finisher","Dagger Throw"],"picked":"Poisoned Stab","floor":1},{"not_picked":["Expertise","Flechettes"],"picked":"Catalyst","floor":2},{"not_picked":["Endless Agony","Outmaneuver"],"picked":"Blur","floor":4},{"not_picked":["Dodge and Roll","Blade Dance"],"picked":"Quick Slash","floor":5},{"not_picked":["Backflip","Heel Hook"],"picked":"Poisoned Stab","floor":8},{"not_picked":["Blade Dance","Eviscerate","Finisher"],"picked":"SKIP","floor":12},{"not_picked":["Eviscerate","Accuracy","Tools of the Trade"],"picked":"SKIP","floor":14}],"player_experience":665768,"relics_obtained":[{"floor":9,"key":"Dodecahedron"}],"event_choices":[{"damage_healed":0,"gold_gain":0,"player_choice":"Lose Max HP","damage_taken":0,"relics_obtained":["Golden Idol"],"max_hp_gain":0,"max_hp_loss":6,"event_name":"Golden Idol","floor":7,"gold_loss":0},{"damage_healed":0,"gold_gain":0,"player_choice":"Leave","damage_taken":0,"max_hp_gain":0,"max_hp_loss":0,"event_name":"FaceTrader","floor":10,"gold_loss":0}],"is_beta":false,"boss_relics":[],"items_purged_floors":[],"is_endless":false,"potions_floor_spawned":[1,5],"killed_by":"The Guardian","ascension_level":20}