{"gold_per_floor":[111,121,141,141,161,193,193,221,221,237,250,250,268,288,288,386,386,404,419,419,419,443,478,478,498,498,512,540,553,568,600,600,700,700,719,765,765,778,794,794,794],"floor_reached":41,"playtime":2085,"items_purged":[],"score":519,"play_id":"48f9c0fa-b8e1-44cd-b5a1-9e72261473e5","local_time":"20180915143644","is_ascension_mode":false,"campfire_choices":[{"floor":7,"key":"REST"},{"floor":15,"key":"REST"},{"data":"Storm","floor":24,"key":"SMITH"},{"floor":32,"key":"REST"},{"floor":40,"key":"REST"}],"neow_cost":"","seed_source_timestamp":87747475638483,"circlet_count":0,"master_deck":["Strike_B","Strike_B","Strike_B","Strike_B","Defend_B","Defend_B","Defend_B","Defend_B","Zap","Dualcast","BootSequence","Compile Driver","Hello World","Hello World","Streamline","Sunder","BootSequence","Aggregate","Doom and Gloom","Storm+1","Electrodynamics","Chill+1","Genetic Algorithm","FTL+1","Gash","Stack","Force Field","Hello World","Redo","Creative AI","Sweeping Beam","Blizzard+1","Doom and Gloom+1","Storm"],"relics":["Cracked Core","Pear","PreservedInsect","Mercury Hourglass","Sundial","Turnip","Nuclear Battery","Vajra","The Courier","Mango","Matryoshka","Meat on the Bone","Inserter","Peace Pipe"],"potions_floor_usage":[3,6,16,16,23,23,25,28,28,33,39],"damage_taken":[{"damage":0,"enemies":"Cultist","floor":1,"turns":4},{"damage":0,"enemies":"Small Slimes","floor":2,"turns":2},{"damage":4,"enemies":"Jaw Worm","floor":3,"turns":4},{"damage":0,"enemies":"Red Slaver","floor":5,"turns":3},{"damage":1,"enemies":"Lagavulin","floor":6,"turns":8},{"damage":26,"enemies":"3 Sentries","floor":8,"turns":5},{"damage":0,"enemies":"Gremlin Gang","floor":10,"turns":2},{"damage":8,"enemies":"Exordium Wildlife","floor":11,"turns":4},{"damage":8,"enemies":"2 Fungi Beasts","floor":13,"turns":3},{"damage":0,"enemies":"Blue Slaver","floor":14,"turns":4},{"damage":42,"enemies":"Slime Boss","floor":16,"turns":6},{"damage":0,"enemies":"Chosen","floor":18,"turns":3},{"damage":17,"enemies":"Shell Parasite","floor":19,"turns":6},{"damage":0,"enemies":"Slavers","floor":23,"turns":3},{"damage":1,"enemies":"Centurion and Healer","floor":25,"turns":5},{"damage":13,"enemies":"Shelled Parasite and Fungi","floor":27,"turns":4},{"damage":13,"enemies":"Book of Stabbing","floor":28,"turns":5},{"damage":14,"enemies":"Snake Plant","floor":29,"turns":3},{"damage":4,"enemies":"Snecko","floor":30,"turns":3},{"damage":19,"enemies":"Gremlin Leader","floor":31,"turns":5},{"damage":24,"enemies":"Automaton","floor":33,"turns":10},{"damage":9,"enemies":"3 Darklings","floor":35,"turns":4},{"damage":45,"enemies":"Mysterious Sphere","floor":36,"turns":6},{"damage":26,"enemies":"Orb Walker","floor":38,"turns":4},{"damage":31,"enemies":"Maw","floor":39,"turns":8},{"damage":57,"enemies":"2 Orb Walkers","floor":41,"turns":4}],"seed_played":"-1522567447415436751","potions_obtained":[{"floor":2,"key":"SneckoOil"},{"floor":5,"key":"Ancient Potion"},{"floor":11,"key":"FocusPotion"},{"floor":13,"key":"Poison Potion"},{"floor":16,"key":"SneckoOil"},{"floor":18,"key":"Swift Potion"},{"floor":21,"key":"AttackPotion"},{"floor":21,"key":"Strength Potion"},{"floor":23,"key":"EssenceOfSteel"},{"floor":27,"key":"EssenceOfSteel"},{"floor":31,"key":"SkillPotion"},{"floor":33,"key":"SteroidPotion"},{"floor":38,"key":"LiquidBronze"}],"is_trial":false,"path_per_floor":["M","M","M","?","M","E","R","E","T","M","M","T","M","M","R","B",null,"M","M","?","?","T","E","R","M","T","M","E","M","M","E","R","B",null,"M","?","?","M","M","R"],"character_chosen":"DEFECT","items_purchased":[],"campfire_rested":4,"item_purchase_floors":[],"current_hp_per_floor":[75,75,71,48,48,47,72,46,46,46,38,38,30,30,55,13,85,85,68,52,52,52,52,52,51,65,52,39,25,21,2,31,19,99,90,57,57,43,24,53,0],"gold":794,"neow_bonus":"","is_prod":false,"is_daily":false,"chose_seed":false,"campfire_upgraded":1,"win_rate":0.0,"timestamp":1537036604,"path_taken":["M","M","?","?","?","E","R","E","T","M","M","?","M","?","R","BOSS","M","M","?","?","?","E","R","?","T","M","E","M","M","E","R","BOSS","M","?","?","M","?","R","E"],"build_version":"2018-09-06","purchased_purges":0,"victory":false,"max_hp_per_floor":[75,75,75,85,85,85,85,85,85,85,85,85,85,85,85,85,85,85,85,85,85,85,85,85,85,99,99,99,99,99,99,99,99,99,99,99,99,99,99,99,99],"card_choices":[{"not_picked":["Barrage","Rebound"],"picked":"BootSequence","floor":1},{"not_picked":["Turbo","Barrage"],"picked":"Compile Driver","floor":2},{"not_picked":["Gash","Beam Cell"],"picked":"Hello World","floor":3},{"not_picked":["Doom and Gloom","Sweeping Beam"],"picked":"Hello World","floor":5},{"not_picked":["Multi-Cast","Gash"],"picked":"Streamline","floor":6},{"not_picked":["Static Discharge","Lockon"],"picked":"Sunder","floor":8},{"not_picked":["Steam Power","Gash"],"picked":"BootSequence","floor":10},{"not_picked":["Leap","Barrage"],"picked":"Aggregate","floor":11},{"not_picked":["Defragment","Cold Snap"],"picked":"Doom and Gloom","floor":13},{"not_picked":["Melter","Tempest"],"picked":"Storm","floor":14},{"not_picked":["Rainbow","Machine Learning"],"picked":"Electrodynamics","floor":16},{"not_picked":["Capacitor","Cold Snap+1"],"picked":"Chill+1","floor":18},{"not_picked":["Conserve Battery","Compile Driver"],"picked":"Genetic Algorithm","floor":19},{"not_picked":["All For One","Ball Lightning+1"],"picked":"FTL+1","floor":23},{"not_picked":["Heatsinks","Sweeping Beam"],"picked":"Gash","floor":25},{"not_picked":["Hologram","Rebound"],"picked":"Stack","floor":27},{"not_picked":["Steam","FTL"],"picked":"Force Field","floor":28},{"not_picked":["Sweeping Beam","Fusion"],"picked":"Hello World","floor":29},{"not_picked":["Consume","Stack"],"picked":"Biased Cognition","floor":30},{"not_picked":["Leap","Heatsinks"],"picked":"Redo","floor":31},{"not_picked":["Rainbow","Reboot"],"picked":"Creative AI","floor":33},{"not_picked":["Scrape","Steam"],"picked":"Sweeping Beam","floor":35},{"not_picked":["Rip and Tear","Leap"],"picked":"Blizzard+1","floor":36},{"not_picked":["Double Energy+1","Streamline+1"],"picked":"Doom and Gloom+1","floor":38},{"not_picked":["Rebound","Recycle"],"picked":"Storm","floor":39}],"player_experience":114850,"relics_obtained":[{"floor":6,"key":"PreservedInsect"},{"floor":8,"key":"Mercury Hourglass"},{"floor":9,"key":"Sundial"},{"floor":12,"key":"Turnip"},{"floor":22,"key":"Vajra"},{"floor":23,"key":"The Courier"},{"floor":26,"key":"Mango"},{"floor":28,"key":"Matryoshka"},{"floor":31,"key":"Meat on the Bone"},{"floor":36,"key":"Peace Pipe"}],"event_choices":[{"event_name":"Scrap Ooze","player_choice":"success","floor":4,"damage_taken":33},{"event_name":"Cursed Tome","player_choice":"Obtained Book","floor":20,"damage_taken":0},{"event_name":"The Lab","player_choice":"Got Potions","floor":21,"damage_taken":0},{"event_name":"Mysterious Sphere","player_choice":"Fight","floor":36,"damage_taken":0},{"event_name":"Falling","player_choice":"Removed Power","floor":37,"damage_taken":0}],"is_beta":false,"boss_relics":[{"not_picked":["Eternal Feather","FrozenCore"],"picked":"Nuclear Battery"},{"not_picked":["Runic Pyramid","Snecko Eye"],"picked":"Inserter"}],"items_purged_floors":[],"is_endless":false,"potions_floor_spawned":[2,5,11,13,16,18,23,27,31,33,38],"killed_by":"2 Orb Walkers","ascension_level":0}