{"path_per_floor":["M","?","$","?","?","R","M","M","T","M","M","?","E","M","R","B",null,"M","M","$"],"character_chosen":"IRONCLAD","items_purchased":["Pen Nib","Red Skull"],"gold_per_floor":[112,212,55,55,55,55,66,77,77,91,106,106,146,166,166,286,286,299,324,13],"floor_reached":21,"campfire_rested":0,"playtime":812,"current_hp_per_floor":[88,88,88,88,88,88,86,88,88,88,88,88,90,89,89,79,95,65,10,10],"items_purged":[],"gold":13,"score":206,"play_id":"3de9d0f7-2d1d-4e9a-8e72-ac13b5c90223","is_prod":false,"is_daily":false,"is_ascension_mode":false,"campfire_upgraded":2,"path_taken":["M","?","?","?","?","R","M","?","T","?","M","?","E","?","R","BOSS","M","M","$","?"],"build_version":"2018-02-12-PROD1","purchased_purges":0,"victory":false,"master_deck":["Strike_R","Strike_R","Strike_R","Strike_R","Strike_R","Defend_R","Defend_R","Defend_R","Defend_R","Metallicize+1","Juggernaut","Armaments","Twin Strike","Sword Boomerang","Barricade+1","Impervious","Normality","Dark Embrace+1","Searing Blow+1","Fire Breathing+1","Infernal Blade+1"],"max_hp_per_floor":[88,88,88,88,88,88,88,88,88,88,88,88,95,95,95,95,95,95,95,95],"relics":["Burning Blood","Pen Nib","Sundial","Golden Idol","Strawberry","Astrolabe","Red Skull"],"card_choices":[{"not_picked":["Heavy Blade","Wild Strike"],"picked":"Metallicize"},{"not_picked":["Shockwave","Corruption"],"picked":"Juggernaut"},{"not_picked":["Flex","Pommel Strike"],"picked":"Armaments"},{"not_picked":["Wild Strike","Iron Wave"],"picked":"Twin Strike"},{"not_picked":["Reckless Charge","Pommel Strike"],"picked":"Clothesline"},{"not_picked":["Pommel Strike","Feel No Pain"],"picked":"Sword Boomerang"},{"not_picked":["Heavy Blade","Shrug It Off"],"picked":"Barricade"},{"not_picked":["Reaper","Demon Form"],"picked":"Impervious"},{"not_picked":["Rage","Metallicize"],"picked":"Fire Breathing"},{"not_picked":["Shrug It Off","Armaments"],"picked":"Infernal Blade"}],"player_experience":64713,"potions_floor_usage":[13,16,16,18],"damage_taken":[{"damage":2,"enemies":"Small Slimes","floor":1,"turns":4},{"damage":8,"enemies":"Blue Slaver","floor":7,"turns":5},{"damage":0,"enemies":"Cultist","floor":8,"turns":5},{"damage":0,"enemies":"Large Slime","floor":10,"turns":6},{"damage":0,"enemies":"Red Slaver","floor":11,"turns":5},{"damage":11,"enemies":"Lagavulin","floor":13,"turns":7},{"damage":7,"enemies":"3 Louse","floor":14,"turns":4},{"damage":31,"enemies":"Slime Boss","floor":16,"turns":12},{"damage":36,"enemies":"Spheric Guardian","floor":18,"turns":8},{"damage":61,"enemies":"Chosen","floor":19,"turns":8},{"damage":14,"enemies":"Snake Plant","floor":21,"turns":2}],"event_choices":[{"event_name":"Golden Shrine","player_choice":"Pray","floor":2,"damage_taken":0},{"event_name":"Transmorgrifier","player_choice":"Transform","floor":4,"damage_taken":0},{"event_name":"The Lab","player_choice":"Got Potions","floor":5,"damage_taken":0},{"event_name":"Golden Idol","player_choice":"Take Wound","floor":12,"damage_taken":0}],"boss_relics":[{"not_picked":["Snecko Eye","Runic Pyramid"],"picked":"Astrolabe"}],"potions_floor_spawned":[10,11,16],"seed_played":"-3796211665774242437","killed_by":"Snake Plant","ascension_level":0,"is_trial":false}