{"gold_per_floor":[113,125,142,156,166,166,193,193,193,226,91,91,107,165,165,267,267,283,283,303,318,318],"floor_reached":22,"playtime":757,"items_purged":[],"score":277,"play_id":"ac6fb50e-ccff-488a-833b-668769e0bfd2","local_time":"20190531175732","is_ascension_mode":true,"campfire_choices":[{"data":"Zap","floor":6,"key":"SMITH"},{"data":"Thunder Strike","floor":8,"key":"SMITH"},{"floor":12,"key":"REST"},{"floor":15,"key":"REST"}],"neow_cost":"NONE","seed_source_timestamp":1433943287813034,"circlet_count":0,"master_deck":["Strike_B","Strike_B","Strike_B","Strike_B","Defend_B","Defend_B","Defend_B","Defend_B","Zap+1","Dualcast","Thunder Strike+1","Conserve Battery","Compile Driver","Hologram","Hyperbeam+1","Chill","Core Surge+1","Sunder+1","Decay","White Noise","Doom and Gloom+1"],"relics":["Cracked Core","Singing Bowl","StoneCalendar","Molten Egg 2","Sozu"],"potions_floor_usage":[7,20],"damage_taken":[{"damage":1,"enemies":"Cultist","floor":1,"turns":3},{"damage":3,"enemies":"Small Slimes","floor":2,"turns":4},{"damage":1,"enemies":"2 Louse","floor":3,"turns":2},{"damage":2,"enemies":"Blue Slaver","floor":4,"turns":4},{"damage":0,"enemies":"Large Slime","floor":5,"turns":5},{"damage":15,"enemies":"3 Sentries","floor":7,"turns":5},{"damage":24,"enemies":"Gremlin Nob","floor":10,"turns":4},{"damage":8,"enemies":"3 Louse","floor":13,"turns":3},{"damage":38,"enemies":"Hexaghost","floor":16,"turns":8},{"damage":0,"enemies":"3 Byrds","floor":18,"turns":4},{"damage":6,"enemies":"2 Thieves","floor":20,"turns":3},{"damage":29,"enemies":"Chosen and Byrds","floor":21,"turns":5},{"damage":39,"enemies":"Shelled Parasite and Fungi","floor":22,"turns":3}],"seed_played":"-1995205581839882397","potions_obtained":[{"floor":2,"key":"PowerPotion"},{"floor":10,"key":"Fire Potion"},{"floor":13,"key":"Ancient Potion"}],"is_trial":false,"path_per_floor":["M","M","M","M","M","R","E","R","T","E","$","R","M","?","R","B",null,"M","?","M","M","M"],"character_chosen":"DEFECT","items_purchased":["Hyperbeam+1"],"campfire_rested":2,"item_purchase_floors":[11],"current_hp_per_floor":[67,64,63,61,61,61,48,48,48,26,26,49,41,41,64,26,66,66,66,60,31,0],"gold":318,"neow_bonus":"ONE_RANDOM_RARE_CARD","is_prod":false,"is_daily":false,"chose_seed":false,"campfire_upgraded":2,"win_rate":0,"timestamp":1559339852,"path_taken":["M","M","M","M","?","R","E","R","T","E","$","R","M","?","R","BOSS","M","?","M","M","M"],"build_version":"2019-01-23","purchased_purges":0,"victory":false,"max_hp_per_floor":[75,75,75,75,75,75,77,77,77,79,79,79,79,79,79,79,79,79,79,79,79,79],"card_choices":[{"not_picked":["Steam","Sweeping Beam"],"picked":"Conserve Battery","floor":1},{"not_picked":["Chaos","Undo","Auto Shields"],"picked":"SKIP","floor":2},{"not_picked":["Leap","Force Field"],"picked":"Compile Driver","floor":3},{"not_picked":["Static Discharge","Chaos","Turbo"],"picked":"SKIP","floor":4},{"not_picked":["Conserve Battery","Redo"],"picked":"Hologram","floor":5},{"not_picked":["Barrage","Undo","Leap"],"picked":"Singing Bowl","floor":7},{"not_picked":["Redo","Undo","Steam Power"],"picked":"Singing Bowl","floor":10},{"not_picked":["Barrage+1","Fusion"],"picked":"Chill","floor":13},{"not_picked":["Fission","Multi-Cast"],"picked":"Core Surge+1","floor":16},{"not_picked":["Ball Lightning+1","Defragment+1"],"picked":"Sunder+1","floor":18},{"not_picked":["Turbo+1","Hologram"],"picked":"White Noise","floor":20},{"not_picked":["Go for the Eyes+1","Leap+1"],"picked":"Doom and Gloom+1","floor":21}],"player_experience":754326,"relics_obtained":[{"floor":7,"key":"Singing Bowl"},{"floor":9,"key":"StoneCalendar"},{"floor":10,"key":"Molten Egg 2"}],"event_choices":[{"damage_healed":0,"gold_gain":58,"player_choice":"Gained Gold","damage_taken":0,"max_hp_gain":0,"max_hp_loss":0,"event_name":"Golden Wing","floor":14,"gold_loss":0},{"damage_healed":0,"gold_gain":0,"player_choice":"Smashed Altar","damage_taken":0,"max_hp_gain":0,"max_hp_loss":0,"event_name":"Forgotten Altar","floor":19,"gold_loss":0,"cards_obtained":["Decay"]}],"is_beta":false,"boss_relics":[{"not_picked":["Ectoplasm","Snecko Eye"],"picked":"Sozu"}],"items_purged_floors":[],"is_endless":false,"potions_floor_spawned":[2,10,13],"killed_by":"Shelled Parasite and Fungi","ascension_level":8}