{"gold_per_floor":[112,130,144,109,109,109,119,119,145,145,145,145,23,53,53,130,130,148,73,73,92,105,105,115,131,131,151,151,76,76,92,92,169,169,188,188,188,205,220,220,231,231,231,231,242,259,276,43,43,43],"floor_reached":51,"playtime":4962,"items_purged":["Defend_B"],"score":1052,"play_id":"5bcdce06-4dd2-4b29-926b-b38fb73ea41c","local_time":"20181212163139","is_ascension_mode":true,"campfire_choices":[{"data":"Dualcast","floor":6,"key":"SMITH"},{"data":"Zap","floor":8,"key":"SMITH"},{"data":"Streamline","floor":10,"key":"SMITH"},{"data":"Defragment","floor":15,"key":"SMITH"},{"data":"Beam Cell","floor":23,"key":"SMITH"},{"data":"Hologram","floor":28,"key":"SMITH"},{"floor":32,"key":"REST"},{"data":"Barrage","floor":40,"key":"SMITH"},{"data":"Coolheaded","floor":42,"key":"SMITH"},{"floor":44,"key":"REST"},{"floor":49,"key":"REST"}],"neow_cost":"NONE","seed_source_timestamp":1230158334138,"circlet_count":0,"master_deck":["AscendersBane","Strike_B+1","Strike_B","Strike_B+1","Defend_B","Zap+1","Dualcast+1","Stack+1","Conserve Battery","Ball Lightning","Self Repair","Streamline+1","Defragment+1","Gash","Beam Cell+1","Seek","Coolheaded+1","Rebound","Conserve Battery+1","Hologram+1","Capacitor+1","Creative AI","Coolheaded","Flash of Steel","Barrage+1","Fusion+1"],"relics":["FrozenCore","Juzu Bracelet","Strawberry","Whetstone","Pear","Inserter","Oddly Smooth Stone","Vajra"],"potions_floor_usage":[14,27,27,33,39,41,47,50,50],"damage_taken":[{"damage":0,"enemies":"Cultist","floor":1,"turns":3},{"damage":2,"enemies":"2 Louse","floor":2,"turns":2},{"damage":7,"enemies":"Jaw Worm","floor":3,"turns":3},{"damage":6,"enemies":"Looter","floor":7,"turns":3},{"damage":33,"enemies":"3 Sentries","floor":14,"turns":5},{"damage":3,"enemies":"Slime Boss","floor":16,"turns":8},{"damage":9,"enemies":"Spheric Guardian","floor":18,"turns":4},{"damage":2,"enemies":"Shell Parasite","floor":21,"turns":7},{"damage":9,"enemies":"Chosen and Byrds","floor":22,"turns":8},{"damage":24,"enemies":"Snake Plant","floor":24,"turns":7},{"damage":13,"enemies":"3 Cultists","floor":25,"turns":6},{"damage":8,"enemies":"Cultist and Chosen","floor":27,"turns":6},{"damage":23,"enemies":"Centurion and Healer","floor":31,"turns":6},{"damage":54,"enemies":"Automaton","floor":33,"turns":12},{"damage":2,"enemies":"Orb Walker","floor":35,"turns":5},{"damage":19,"enemies":"3 Darklings","floor":38,"turns":9},{"damage":13,"enemies":"Maw","floor":39,"turns":9},{"damage":2,"enemies":"4 Shapes","floor":41,"turns":8},{"damage":24,"enemies":"Spire Growth","floor":45,"turns":8},{"damage":55,"enemies":"Transient","floor":46,"turns":5},{"damage":4,"enemies":"Writhing Mass","floor":47,"turns":12},{"damage":9,"enemies":"Donu and Deca","floor":50,"turns":12}],"seed_played":"6905573074378395609","potions_obtained":[{"floor":3,"key":"SpeedPotion"},{"floor":7,"key":"Explosive Potion"},{"floor":14,"key":"EntropicBrew"},{"floor":33,"key":"Explosive Potion"},{"floor":38,"key":"FocusPotion"},{"floor":39,"key":"AttackPotion"},{"floor":46,"key":"Swift Potion"}],"is_trial":false,"path_per_floor":["M","M","M","$","?","R","M","R","T","R","?","$","$","E","R","B",null,"M","?","$","M","M","R","M","M","T","M","R","$","?","M","R","B",null,"M","?","?","M","M","R","M","R","T","R","M","M","M","$","R","B",null],"character_chosen":"DEFECT","items_purchased":["Self Repair","Defragment","Gash","Vajra","FocusPotion"],"campfire_rested":3,"item_purchase_floors":[4,13,13,48,48],"current_hp_per_floor":[64,62,55,55,55,55,56,56,63,63,63,63,63,37,37,41,69,67,67,67,72,70,70,53,47,57,56,56,56,56,40,66,19,71,76,76,71,59,46,46,51,51,51,76,59,11,14,14,39,30],"gold":43,"neow_bonus":"RANDOM_COMMON_RELIC","is_prod":false,"is_daily":false,"chose_seed":false,"campfire_upgraded":8,"win_rate":0,"timestamp":1544643099,"path_taken":["M","M","M","?","?","R","M","R","T","R","?","?","$","E","R","BOSS","M","?","$","M","M","R","M","M","T","M","R","$","?","M","R","BOSS","M","?","?","M","M","R","M","R","T","R","M","M","M","$","R","BOSS"],"build_version":"2018-12-06","purchased_purges":1,"victory":true,"max_hp_per_floor":[71,71,71,71,71,71,71,71,78,78,78,78,78,78,78,78,78,78,78,78,78,78,78,78,78,88,88,88,88,88,88,88,88,88,88,84,84,84,84,84,84,84,84,84,84,84,84,84,84,84],"card_choices":[{"not_picked":["Reprogram","Fusion"],"picked":"Stack","floor":1},{"not_picked":["Reprogram","Force Field"],"picked":"Conserve Battery","floor":2},{"not_picked":["Conserve Battery","Redo"],"picked":"Ball Lightning","floor":3},{"not_picked":["Compile Driver","Turbo"],"picked":"Streamline","floor":7},{"not_picked":["Redo","Ball Lightning"],"picked":"Beam Cell","floor":14},{"not_picked":["Thunder Strike","Machine Learning"],"picked":"Seek","floor":16},{"not_picked":["Chaos","White Noise"],"picked":"Coolheaded","floor":18},{"not_picked":["Go for the Eyes","Sweeping Beam","Heatsinks"],"picked":"SKIP","floor":21},{"not_picked":["Redo","Turbo"],"picked":"Rebound","floor":22},{"not_picked":["Cold Snap","Beam Cell"],"picked":"Conserve Battery+1","floor":24},{"not_picked":["Compile Driver","Rebound"],"picked":"Hologram","floor":25},{"not_picked":["Undo","Redo","Fission"],"picked":"SKIP","floor":27},{"not_picked":["Gash","Conserve Battery"],"picked":"Capacitor+1","floor":31},{"not_picked":["Hyperbeam","Core Surge"],"picked":"Creative AI","floor":33},{"not_picked":["Beam Cell+1","Leap"],"picked":"Coolheaded","floor":35},{"not_picked":["Metamorphosis","Dramatic Entrance"],"picked":"Flash of Steel","floor":37},{"not_picked":["Chill","Sweeping Beam+1"],"picked":"Barrage","floor":38},{"not_picked":["Hologram","Turbo"],"picked":"Fusion+1","floor":39},{"not_picked":["Ball Lightning","Reprogram","Doom and Gloom"],"picked":"SKIP","floor":41},{"not_picked":["Redo+1","Ball Lightning","Rebound"],"picked":"SKIP","floor":45},{"not_picked":["Tempest+1","Sunder","Steam"],"picked":"SKIP","floor":46},{"not_picked":["Steam","Seek","Hologram"],"picked":"SKIP","floor":47}],"player_experience":525356,"relics_obtained":[{"floor":9,"key":"Strawberry"},{"floor":14,"key":"Whetstone"},{"floor":26,"key":"Pear"},{"floor":43,"key":"Oddly Smooth Stone"}],"event_choices":[{"cards_removed":["Defend_B"],"damage_healed":0,"gold_gain":0,"player_choice":"Purged","damage_taken":0,"max_hp_gain":0,"max_hp_loss":0,"event_name":"Purifier","floor":5,"gold_loss":0},{"damage_healed":0,"gold_gain":0,"player_choice":"Forge","damage_taken":0,"max_hp_gain":0,"max_hp_loss":0,"event_name":"Accursed Blacksmith","floor":11,"gold_loss":0,"cards_upgraded":["Stack"]},{"cards_removed":["Strike_B"],"damage_healed":0,"gold_gain":0,"player_choice":"Gave Gold","damage_taken":0,"max_hp_gain":0,"max_hp_loss":0,"event_name":"Beggar","floor":19,"gold_loss":75},{"cards_removed":["Defend_B"],"damage_healed":0,"gold_gain":0,"player_choice":"Elegance","damage_taken":0,"max_hp_gain":0,"max_hp_loss":0,"event_name":"Back to Basics","floor":30,"gold_loss":0},{"damage_healed":0,"gold_gain":0,"player_choice":"Max HP","damage_taken":0,"max_hp_gain":0,"max_hp_loss":4,"event_name":"Winding Halls","floor":36,"gold_loss":0},{"damage_healed":0,"gold_gain":0,"player_choice":"Memory 2","damage_taken":5,"max_hp_gain":0,"max_hp_loss":0,"event_name":"SensoryStone","floor":37,"gold_loss":0}],"is_beta":false,"boss_relics":[{"not_picked":["Runic Dome","Orrery"],"picked":"FrozenCore"},{"not_picked":["Cursed Key","Tiny House"],"picked":"Inserter"}],"items_purged_floors":[29],"is_endless":false,"potions_floor_spawned":[3,7,14,21,31,33,38,39,46],"ascension_level":15}