{"gold_per_floor":[109,125,125,125,139,139,139,152,152,180,192,206,206,4,4,103,103,120,120,120,120,32,63,63,24,24,0],"floor_reached":27,"playtime":889,"items_purged":[],"score":229,"play_id":"5b1c1cd6-5807-4cf3-a60f-05d253727e2b","local_time":"20180914220654","is_ascension_mode":false,"campfire_choices":[{"data":"Zap","floor":6,"key":"SMITH"},{"floor":13,"key":"REST"},{"floor":15,"key":"REST"},{"floor":24,"key":"REST"}],"neow_cost":"NONE","seed_source_timestamp":29553536506425,"circlet_count":0,"master_deck":["Strike_B","Strike_B","Strike_B","Defend_B","Defend_B","Defend_B","Defend_B","Zap+1","Dualcast+1","Ball Lightning","Steam Power","Ball Lightning","Echo Form","White Noise","FTL","Sweeping Beam","Electrodynamics","Redo","Darkness","Double Energy","Capacitor"],"relics":["Cracked Core","Letter Opener","Pocketwatch","Toy Ornithopter","Inserter","Shuriken","FossilizedHelix"],"potions_floor_usage":[10,10,16,16,23],"damage_taken":[{"damage":2,"enemies":"Small Slimes","floor":1,"turns":3},{"damage":6,"enemies":"Jaw Worm","floor":2,"turns":3},{"damage":0,"enemies":"Cultist","floor":5,"turns":2},{"damage":5,"enemies":"Looter","floor":8,"turns":2},{"damage":31,"enemies":"Lagavulin","floor":10,"turns":5},{"damage":6,"enemies":"2 Fungi Beasts","floor":11,"turns":3},{"damage":0,"enemies":"Large Slime","floor":12,"turns":5},{"damage":47,"enemies":"Hexaghost","floor":16,"turns":6},{"damage":17,"enemies":"Chosen","floor":18,"turns":5},{"damage":44,"enemies":"Gremlin Leader","floor":23,"turns":5},{"damage":30,"enemies":"2 Thieves","floor":27,"turns":2}],"seed_played":"-5272946679516877154","potions_obtained":[{"floor":0,"key":"Swift Potion"},{"floor":0,"key":"SteroidPotion"},{"floor":0,"key":"Ancient Potion"},{"floor":10,"key":"Ancient Potion"},{"floor":16,"key":"SpeedPotion"}],"is_trial":false,"path_per_floor":["M","M","?","?","M","R","?","M","T","E","M","M","R","$","R","B",null,"M","?","?","?","$","E","R","$","T"],"character_chosen":"DEFECT","items_purchased":["Toy Ornithopter","Darkness","Weak Potion","Capacitor"],"campfire_rested":3,"item_purchase_floors":[14,22,22,25],"current_hp_per_floor":[73,67,67,67,67,67,67,62,62,31,25,25,47,47,69,32,75,58,58,42,42,42,3,25,25,25,0],"gold":0,"neow_bonus":"THREE_SMALL_POTIONS","is_prod":false,"is_daily":false,"chose_seed":false,"campfire_upgraded":1,"win_rate":0.0,"timestamp":1536977214,"path_taken":["M","M","?","?","M","R","?","M","T","E","M","M","R","$","R","BOSS","M","?","?","?","$","E","R","?","T","?"],"build_version":"2018-09-06","purchased_purges":0,"victory":false,"max_hp_per_floor":[75,75,75,75,75,75,75,75,75,75,75,75,75,75,75,75,75,75,75,75,75,75,75,75,75,75,75],"card_choices":[{"not_picked":["Coolheaded","Barrage"],"picked":"Ball Lightning","floor":1},{"not_picked":["Chaos","Undo"],"picked":"Steam Power","floor":2},{"not_picked":["Cold Snap","Leap"],"picked":"Ball Lightning","floor":5},{"not_picked":["Coolheaded","Go for the Eyes"],"picked":"Echo Form","floor":8},{"not_picked":["Hologram","Compile Driver"],"picked":"White Noise","floor":10},{"not_picked":["Steam","Skim"],"picked":"FTL","floor":11},{"not_picked":["Cold Snap","Go for the Eyes"],"picked":"Sweeping Beam","floor":12},{"not_picked":["Buffer","Creative AI"],"picked":"Electrodynamics","floor":16},{"not_picked":["Glacier","Fusion"],"picked":"Redo","floor":18},{"not_picked":["Compile Driver","Reinforced Body"],"picked":"Double Energy","floor":23}],"player_experience":95254,"relics_obtained":[{"floor":9,"key":"Letter Opener"},{"floor":10,"key":"Pocketwatch"},{"floor":23,"key":"Shuriken"},{"floor":26,"key":"FossilizedHelix"}],"event_choices":[{"event_name":"The Cleric","player_choice":"Leave","floor":3,"damage_taken":0},{"event_name":"Upgrade Shrine","player_choice":"Upgraded","floor":4,"damage_taken":0},{"event_name":"Golden Wing","player_choice":"Ignored","floor":7,"damage_taken":0},{"event_name":"Wheel of Change","player_choice":"Card Removal","floor":19,"damage_taken":0},{"event_name":"Cursed Tome","player_choice":"Obtained Book","floor":20,"damage_taken":0},{"event_name":"Vampires","player_choice":"Ignored","floor":21,"damage_taken":0}],"is_beta":false,"boss_relics":[{"not_picked":["Astrolabe","Fusion Hammer"],"picked":"Inserter"}],"items_purged_floors":[],"is_endless":false,"potions_floor_spawned":[2,10,16],"killed_by":"2 Thieves","ascension_level":0}