{"gold_per_floor":[119,133,144,144,144,144,159,174,255,255,294,315,14,38,38,129,129,153,177,177,177,190,225,225,245,245,245,1,17,44,69,81,187,199,224,236,298,324,361,408,420,20,71,71,90,90,58,81,81,81,81],"floor_reached":52,"playtime":4234,"items_purged":["Strike_G","Strike_G"],"score":1937,"play_id":"7ef51ffa-54dc-40f8-9f5c-249d88638eab","local_time":"20190623142035","is_ascension_mode":true,"campfire_choices":[{"data":"Crippling Poison","floor":6,"key":"SMITH"},{"data":"Crippling Poison","floor":10,"key":"SMITH"},{"data":"Neutralize","floor":15,"key":"SMITH"},{"data":"Catalyst","floor":24,"key":"SMITH"},{"data":"Dodge and Roll","floor":27,"key":"SMITH"},{"data":"Blur","floor":32,"key":"SMITH"},{"data":"Catalyst","floor":41,"key":"SMITH"},{"data":"Corpse Explosion","floor":44,"key":"SMITH"},{"data":"Deadly Poison","floor":46,"key":"SMITH"},{"data":"Adrenaline","floor":49,"key":"SMITH"}],"neow_cost":"NONE","seed_source_timestamp":934277545288235,"circlet_count":0,"master_deck":["AscendersBane","Survivor","Neutralize+1","Crippling Poison+1","Dodge and Roll+1","Crippling Poison+1","Calculated Gamble","Backstab","Blur+1","Venomology+1","Catalyst+1","Noxious Fumes","Blur","Cloak And Dagger","Corpse Explosion+1","Dodge and Roll","Phantasmal Killer","Well Laid Plans","Terror","After Image","Catalyst+1","Wraith Form v2","Adrenaline+1","Deadly Poison+1","Bouncing Flask+1","Footwork"],"relics":["Ring of the Snake","Blood Vial","Torii","Golden Idol","Kunai","Bronze Scales","TwistedFunnel","Busted Crown","The Courier","Pear","Pen Nib","MawBank","Pandora\u0027s Box","Paper Crane","Toy Ornithopter","Thread and Needle","Bag of Marbles"],"potions_floor_usage":[11,11,16,16,19,22,23,23,25,29,31,33,33,38,39,40,45,45,50,50,51],"damage_taken":[{"damage":7,"enemies":"Jaw Worm","floor":1,"turns":7},{"damage":3,"enemies":"Small Slimes","floor":2,"turns":4},{"damage":0,"enemies":"Cultist","floor":3,"turns":5},{"damage":8,"enemies":"Exordium Thugs","floor":7,"turns":4},{"damage":1,"enemies":"2 Fungi Beasts","floor":8,"turns":3},{"damage":19,"enemies":"3 Sentries","floor":11,"turns":12},{"damage":1,"enemies":"Blue Slaver","floor":12,"turns":4},{"damage":0,"enemies":"Exordium Thugs","floor":14,"turns":3},{"damage":2,"enemies":"Hexaghost","floor":16,"turns":11},{"damage":2,"enemies":"Shell Parasite","floor":18,"turns":5},{"damage":1,"enemies":"Chosen","floor":19,"turns":5},{"damage":1,"enemies":"Snecko","floor":22,"turns":4},{"damage":1,"enemies":"Slavers","floor":23,"turns":3},{"damage":12,"enemies":"Shelled Parasite and Fungi","floor":25,"turns":4},{"damage":0,"enemies":"Chosen and Byrds","floor":29,"turns":3},{"damage":7,"enemies":"Snake Plant","floor":31,"turns":2},{"damage":0,"enemies":"Automaton","floor":33,"turns":10},{"damage":9,"enemies":"Orb Walker","floor":35,"turns":3},{"damage":0,"enemies":"3 Darklings","floor":38,"turns":3},{"damage":0,"enemies":"Maw","floor":39,"turns":4},{"damage":0,"enemies":"Nemesis","floor":40,"turns":5},{"damage":0,"enemies":"4 Shapes","floor":45,"turns":3},{"damage":0,"enemies":"Transient","floor":48,"turns":6},{"damage":16,"enemies":"Awakened One","floor":50,"turns":12},{"damage":30,"enemies":"Time Eater","floor":51,"turns":7}],"seed_played":"-414404449459255586","potions_obtained":[{"floor":1,"key":"Energy Potion"},{"floor":8,"key":"FearPotion"},{"floor":11,"key":"Block Potion"},{"floor":12,"key":"EssenceOfSteel"},{"floor":23,"key":"Fire Potion"},{"floor":25,"key":"PowerPotion"},{"floor":39,"key":"Fire Potion"}],"is_trial":false,"path_per_floor":["M","M","M","?","?","R","M","M","T","R","E","M","$","M","R","B",null,"M","M","?","?","M","E","R","M","T","R","$","M","T","M","R","B",null,"M","?","?","M","M","E","R","$","T","R","M","R","$","M","R","B","B",null],"character_chosen":"THE_SILENT","items_purchased":["TwistedFunnel","Blur","Pen Nib","Toy Ornithopter","Thread and Needle","Footwork"],"campfire_rested":0,"item_purchase_floors":[13,28,28,42,42,47],"current_hp_per_floor":[54,53,55,50,50,50,44,45,45,45,28,29,29,31,31,31,53,53,54,54,54,55,56,56,46,56,56,56,58,58,53,53,55,66,59,59,52,54,56,58,58,58,58,58,70,70,70,70,70,59,36],"gold":81,"neow_bonus":"RANDOM_COMMON_RELIC","is_prod":false,"is_daily":false,"chose_seed":false,"campfire_upgraded":10,"win_rate":0,"timestamp":1561270835,"path_taken":["M","M","M","?","?","R","M","M","T","R","E","M","$","M","R","BOSS","M","M","?","?","M","E","R","?","T","R","$","M","?","?","R","BOSS","M","?","?","M","?","E","R","$","T","R","M","R","$","M","R","BOSS","BOSS"],"build_version":"2019-01-23","purchased_purges":2,"victory":true,"max_hp_per_floor":[66,66,66,66,60,60,60,60,60,60,60,60,60,60,60,60,60,60,60,60,60,60,60,60,60,70,70,70,70,70,70,70,70,70,70,70,70,70,70,70,70,70,70,70,70,70,70,70,70,70,70],"card_choices":[{"not_picked":["Flechettes","Outmaneuver","Underhanded Strike"],"picked":"SKIP","floor":1},{"not_picked":["Endless Agony","All Out Attack","Quick Slash"],"picked":"SKIP","floor":2},{"not_picked":["Prepared","Dash"],"picked":"Crippling Poison","floor":3},{"not_picked":["Prepared","Acrobatics"],"picked":"Dodge and Roll","floor":7},{"not_picked":["Finisher","Prepared"],"picked":"Crippling Poison","floor":8},{"not_picked":["Flechettes","Distraction"],"picked":"Calculated Gamble","floor":11},{"not_picked":["Infinite Blades","Slice"],"picked":"Backstab","floor":12},{"not_picked":["Acrobatics","Bane"],"picked":"Blur","floor":14},{"not_picked":["Wraith Form v2","Tools of the Trade"],"picked":"Venomology","floor":16},{"not_picked":["Quick Slash"],"picked":"SKIP","floor":18},{"not_picked":["Sucker Punch"],"picked":"SKIP","floor":19},{"not_picked":["Predator"],"picked":"SKIP","floor":22},{"not_picked":[],"picked":"Noxious Fumes","floor":23},{"not_picked":["Prepared"],"picked":"SKIP","floor":25},{"not_picked":["Prepared"],"picked":"SKIP","floor":29},{"not_picked":[],"picked":"Cloak And Dagger","floor":31},{"not_picked":[],"picked":"Corpse Explosion","floor":33},{"not_picked":["Quick Slash"],"picked":"SKIP","floor":35},{"not_picked":["Acrobatics+1"],"picked":"SKIP","floor":38},{"not_picked":[],"picked":"Deadly Poison","floor":39},{"not_picked":[],"picked":"Bouncing Flask+1","floor":40},{"not_picked":["Dodge and Roll"],"picked":"SKIP","floor":45},{"not_picked":["Cloak And Dagger"],"picked":"SKIP","floor":48}],"player_experience":1001843,"relics_obtained":[{"floor":9,"key":"Kunai"},{"floor":11,"key":"Bronze Scales"},{"floor":23,"key":"The Courier"},{"floor":26,"key":"Pear"},{"floor":30,"key":"MawBank"},{"floor":40,"key":"Paper Crane"},{"floor":43,"key":"Bag of Marbles"}],"event_choices":[{"damage_healed":0,"gold_gain":0,"player_choice":"Success","damage_taken":5,"relics_obtained":["Torii"],"max_hp_gain":0,"max_hp_loss":0,"event_name":"Scrap Ooze","floor":4,"gold_loss":0},{"damage_healed":0,"gold_gain":0,"player_choice":"Lose Max HP","damage_taken":0,"relics_obtained":["Golden Idol"],"max_hp_gain":0,"max_hp_loss":6,"event_name":"Golden Idol","floor":5,"gold_loss":0},{"damage_healed":0,"gold_gain":0,"player_choice":"Read","damage_taken":0,"max_hp_gain":0,"max_hp_loss":0,"event_name":"The Library","floor":20,"gold_loss":0,"cards_obtained":["Catalyst"]},{"damage_healed":0,"gold_gain":0,"player_choice":"Forge","damage_taken":0,"max_hp_gain":0,"max_hp_loss":0,"event_name":"Accursed Blacksmith","floor":21,"gold_loss":0,"cards_upgraded":["Venomology"]},{"damage_healed":0,"gold_gain":0,"player_choice":"Ignored","damage_taken":0,"max_hp_gain":0,"max_hp_loss":0,"event_name":"Mysterious Sphere","floor":36,"gold_loss":0},{"damage_healed":0,"gold_gain":50,"player_choice":"Touch","damage_taken":7,"max_hp_gain":0,"max_hp_loss":0,"event_name":"FaceTrader","floor":37,"gold_loss":0}],"is_beta":false,"boss_relics":[{"not_picked":["Fusion Hammer","Snecko Eye"],"picked":"Busted Crown"},{"not_picked":["HoveringKite","WristBlade"],"picked":"Pandora\u0027s Box"}],"items_purged_floors":[13,28],"is_endless":false,"potions_floor_spawned":[1,8,11,12,23,25,29,39,48],"ascension_level":20}