{"path_per_floor":["M","?","M","M","M","E","?","?","T","?","M","M","$","M","R","B",null,"M","?","M"],"character_chosen":"IRONCLAD","items_purchased":["Vajra"],"gold_per_floor":[112,72,82,96,108,135,135,135,135,135,149,173,16,31,31,162,162,187,187,203],"floor_reached":21,"campfire_rested":1,"playtime":2037,"current_hp_per_floor":[80,80,72,73,72,48,32,32,32,32,22,13,13,15,39,15,80,49,49,22],"items_purged":[],"gold":203,"score":183,"play_id":"e5ee16b0-d5e7-4442-b77d-e1e006f26de4","is_prod":false,"is_daily":false,"is_ascension_mode":false,"campfire_upgraded":0,"path_taken":["M","?","?","M","M","E","?","?","T","?","M","M","$","M","R","BOSS","M","?","?","?"],"build_version":"2018-02-08-PROD1","purchased_purges":0,"victory":false,"master_deck":["Strike_R","Strike_R+1","Strike_R","Strike_R+1","Strike_R","Defend_R","Defend_R","Defend_R","Defend_R","Bash","Perfected Strike","Disarm","Infernal Blade","Feel No Pain","Perfected Strike","Injury","Perfected Strike","Iron Wave","Inflame","Berserk","Pain","Regret","Reckless Charge","Cleave"],"max_hp_per_floor":[80,80,80,80,80,80,80,80,80,80,80,80,80,80,80,80,80,80,80,80],"relics":["Burning Blood","Pantograph","Bottled Flame","Golden Idol","Vajra","Calling Bell","Toolbox","Centennial Puzzle","Mercury Hourglass"],"card_choices":[{"not_picked":["Clash","Searing Blow"],"picked":"Perfected Strike"},{"not_picked":["Burning Pact","Heavy Blade"],"picked":"Disarm"},{"not_picked":["Intimidate","Thunderclap"],"picked":"Infernal Blade"},{"not_picked":["Spot Weakness","Body Slam"],"picked":"Feel No Pain"},{"not_picked":["Hemokinesis","Clothesline"],"picked":"Perfected Strike"},{"not_picked":["Body Slam","Intimidate"],"picked":"Perfected Strike"},{"not_picked":["Offering","Headbutt"],"picked":"Iron Wave"},{"not_picked":["Warcry","Pommel Strike"],"picked":"Inflame"},{"not_picked":["Feed","Juggernaut"],"picked":"Berserk"},{"not_picked":["Hemokinesis","Anger"],"picked":"Reckless Charge"},{"not_picked":["Pommel Strike","Headbutt"],"picked":"Cleave"}],"player_experience":10044,"potions_floor_usage":[6,6,12,14,16,18],"damage_taken":[{"damage":1,"enemies":"Jaw Worm","floor":1,"turns":6},{"damage":14,"enemies":"Blue Slaver","floor":3,"turns":5},{"damage":5,"enemies":"Small Slimes","floor":4,"turns":3},{"damage":7,"enemies":"3 Louse","floor":5,"turns":3},{"damage":30,"enemies":"Lagavulin","floor":6,"turns":7},{"damage":16,"enemies":"Large Slime","floor":11,"turns":6},{"damage":24,"enemies":"Red Slaver","floor":12,"turns":4},{"damage":4,"enemies":"2 Fungi Beasts","floor":14,"turns":2},{"damage":55,"enemies":"The Guardian","floor":16,"turns":13},{"damage":37,"enemies":"Shell Parasite","floor":18,"turns":8},{"damage":33,"enemies":"Spheric Guardian","floor":20,"turns":4},{"damage":23,"enemies":"Chosen and Byrds","floor":21,"turns":3}],"event_choices":[{"event_name":"The Woman in Blue","player_choice":"Bought 3 Potions","floor":2,"damage_taken":0},{"event_name":"Shining Light","player_choice":"Entered Light","floor":7,"damage_taken":0},{"event_name":"The Lab","player_choice":"Got Potions","floor":8,"damage_taken":0},{"event_name":"Golden Idol","player_choice":"Take Wound","floor":10,"damage_taken":0},{"event_name":"Purifier","player_choice":"One Purge","floor":19,"damage_taken":0}],"boss_relics":[{"not_picked":["Sozu","Orrery"],"picked":"Calling Bell"}],"potions_floor_spawned":[3,6,11,16,20],"seed_played":"-469908609334092965","killed_by":"Chosen and Byrds","ascension_level":0,"is_trial":false}