{"path_per_floor":["M","M","?","?","M","E","?","E","T","M","M","E","M","$","R","B",null,"M","M","?","?","M","E"],"character_chosen":"IRONCLAD","items_purchased":["Frozen Egg 2"],"gold_per_floor":[116,135,135,135,150,179,179,211,211,225,237,270,281,88,88,188,188,199,183,183,183,193,228],"floor_reached":24,"campfire_rested":1,"playtime":1320,"current_hp_per_floor":[78,73,73,73,78,57,79,66,66,56,61,44,50,50,76,54,88,69,45,45,45,33,9],"items_purged":[],"gold":228,"score":238,"play_id":"358d4846-9385-4c04-b20d-8d35c48624b9","is_prod":false,"is_daily":false,"is_ascension_mode":false,"campfire_upgraded":0,"path_taken":["M","M","?","?","M","E","?","E","T","?","M","E","M","$","R","BOSS","M","M","?","?","M","E","M"],"build_version":"2018-02-12-PROD1","purchased_purges":0,"victory":false,"master_deck":["Strike_R","Strike_R","Strike_R","Strike_R","Strike_R","Defend_R","Defend_R","Defend_R","Defend_R","Seeing Red","Rampage","Whirlwind","Perfected Strike","Armaments+1","Parasite","Armaments+1","Body Slam","Seeing Red+1","Barricade","Metallicize","Demon Form+1","Armaments+1","Searing Blow","Iron Wave","Perfected Strike"],"max_hp_per_floor":[88,88,88,88,88,88,88,88,88,88,88,88,88,88,88,88,88,88,88,88,88,88,88],"relics":["Burning Blood","Toxic Egg 2","The Courier","Ginger","Bag of Preparation","Frozen Egg 2","Mark of Pain","Prayer Wheel","Vajra"],"card_choices":[{"not_picked":["True Grit","Cleave"],"picked":"Seeing Red"},{"not_picked":["Second Wind","Fire Breathing"],"picked":"Rampage"},{"not_picked":["Pommel Strike","Clash"],"picked":"Perfected Strike"},{"not_picked":["Searing Blow","Clash"],"picked":"Armaments"},{"not_picked":["Clothesline","Sever Soul"],"picked":"Armaments"},{"not_picked":["Spot Weakness","Clothesline"],"picked":"Body Slam"},{"not_picked":["Shrug It Off","Flame Barrier"],"picked":"Seeing Red"},{"not_picked":["Corruption","Clash"],"picked":"Barricade"},{"not_picked":["Rupture","Dual Wield"],"picked":"Metallicize"},{"not_picked":["Fiend Fire","Bludgeon"],"picked":"Demon Form"},{"not_picked":["Intimidate","Warcry"],"picked":"Armaments"},{"not_picked":["Pommel Strike","Headbutt"],"picked":"Searing Blow"},{"not_picked":["Perfected Strike","Armaments"],"picked":"Iron Wave"},{"not_picked":["Offering","Body Slam"],"picked":"Perfected Strike"}],"player_experience":58188,"potions_floor_usage":[8,12,16,16,22,22],"damage_taken":[{"damage":16,"enemies":"Jaw Worm","floor":1,"turns":6},{"damage":11,"enemies":"Blue Slaver","floor":2,"turns":8},{"damage":1,"enemies":"Cultist","floor":5,"turns":3},{"damage":27,"enemies":"Gremlin Nob","floor":6,"turns":4},{"damage":19,"enemies":"3 Sentries","floor":8,"turns":6},{"damage":16,"enemies":"Exordium Thugs","floor":10,"turns":6},{"damage":1,"enemies":"Gremlin Gang","floor":11,"turns":3},{"damage":23,"enemies":"Lagavulin","floor":12,"turns":6},{"damage":0,"enemies":"Looter","floor":13,"turns":4},{"damage":28,"enemies":"The Guardian","floor":16,"turns":15},{"damage":25,"enemies":"Chosen","floor":18,"turns":6},{"damage":30,"enemies":"2 Thieves","floor":19,"turns":5},{"damage":18,"enemies":"Sentry and Sphere","floor":22,"turns":6},{"damage":30,"enemies":"Gremlin Leader","floor":23,"turns":10},{"damage":15,"enemies":"Centurion and Healer","floor":24,"turns":3}],"event_choices":[{"event_name":"Transmorgrifier","player_choice":"Transform","floor":3,"damage_taken":0},{"event_name":"The Cleric","player_choice":"Leave","floor":4,"damage_taken":0},{"event_name":"Mushrooms","player_choice":"Healed and dodged fight","floor":7,"damage_taken":0},{"event_name":"The Mausoleum","player_choice":"Yes","floor":20,"damage_taken":0},{"event_name":"Vampires","player_choice":"Ignored","floor":21,"damage_taken":0}],"boss_relics":[{"not_picked":["Question Card","Cursed Key"],"picked":"Mark of Pain"}],"potions_floor_spawned":[5,10,11,12,16,19],"seed_played":"-5512348234736770056","killed_by":"Centurion and Healer","ascension_level":0,"is_trial":false}