{"gold_per_floor":[114,129,144,159,159,189,204,234,234,249,264,14,29,104,104,204,204,219,219,19,19,19,49,49,79,129,129,159,174,174,189,189,289,289,304,319,334,349,349,379,379,394,469,499,499,499,149,164,164,164],"floor_reached":51,"playtime":2440,"items_purged":[],"score":1054,"play_id":"a681b65e-b44d-4445-be91-bed9c0af4c21","local_time":"20181215181022","daily_mods":["Cursed Run","ControlledChaos","Terminal"],"is_ascension_mode":false,"campfire_choices":[{"floor":15,"key":"REST"},{"floor":24,"key":"REST"},{"data":"Bouncing Flask","floor":27,"key":"SMITH"},{"data":"Dash","floor":30,"key":"SMITH"},{"floor":32,"key":"REST"},{"data":"Mind Blast","floor":49,"key":"SMITH"}],"neow_cost":"","seed_source_timestamp":0,"circlet_count":0,"master_deck":["Defend_G","Defend_G","Defend_G","Defend_G","Strike_G","Strike_G","Strike_G","Strike_G","Strike_G","Survivor","Neutralize","Bouncing Flask+1","Quick Slash","Tools of the Trade","Poisoned Stab","Terror+1","Bane","Blade Dance+1","Deadly Poison","Injury","Well Laid Plans","Dash+1","Poisoned Stab","Writhe","Decay","Bullet Time","Quick Slash+1","Pain","Bullet Time","Endless Agony","Sucker Punch+1","Dash+1","Doubt","Dash+1","Flying Knee+1","Caltrops+1","Normality","A Thousand Cuts","Cloak And Dagger+1","Dagger Throw+1","Blade Dance+1","Phantasmal Killer","Slice+1","Parasite","Accuracy","Madness","Mind Blast+1","Violence","Writhe","Masterful Stab+1","Decay"],"special_seed":17877,"relics":["Cursed Key","Darkstone Periapt","Du-Vu Doll","Frozen Eye","Bag of Preparation","Dead Branch","Dodecahedron","Shuriken","Matryoshka","HoveringKite","WarpedTongs","DollysMirror","Blood Vial","War Paint","Oddly Smooth Stone","Smiling Mask","Bag of Marbles","Runic Pyramid","Sundial","Kunai","Mercury Hourglass","Snake Skull","TwistedFunnel","Bronze Scales"],"potions_floor_usage":[16,29,44],"damage_taken":[{"damage":1.0,"enemies":"Cultist","floor":1.0,"turns":4.0},{"damage":0.0,"enemies":"Small Slimes","floor":2.0,"turns":3.0},{"damage":1.0,"enemies":"Jaw Worm","floor":3.0,"turns":3.0},{"damage":12.0,"enemies":"2 Fungi Beasts","floor":4.0,"turns":4.0},{"damage":24.0,"enemies":"Gremlin Nob","floor":6.0,"turns":4.0},{"damage":2.0,"enemies":"Exordium Thugs","floor":7.0,"turns":4.0},{"damage":1.0,"enemies":"Lagavulin","floor":8.0,"turns":3.0},{"damage":0.0,"enemies":"Looter","floor":10.0,"turns":2.0},{"damage":8,"enemies":"Exordium Wildlife","floor":11,"turns":3},{"damage":1,"enemies":"Large Slime","floor":13,"turns":3},{"damage":17,"enemies":"The Guardian","floor":16,"turns":5},{"damage":0,"enemies":"Chosen","floor":18,"turns":2},{"damage":25,"enemies":"Slavers","floor":23,"turns":4},{"damage":20,"enemies":"Book of Stabbing","floor":25,"turns":4},{"damage":0,"enemies":"Gremlin Leader","floor":28,"turns":4},{"damage":10,"enemies":"3 Byrds","floor":29,"turns":2},{"damage":2,"enemies":"Snake Plant","floor":31,"turns":2},{"damage":3,"enemies":"Collector","floor":33,"turns":5},{"damage":5,"enemies":"Orb Walker","floor":35,"turns":1},{"damage":0,"enemies":"3 Shapes","floor":36,"turns":2},{"damage":0,"enemies":"Jaw Worm Horde","floor":37,"turns":2},{"damage":25,"enemies":"3 Darklings","floor":38,"turns":4},{"damage":0,"enemies":"Nemesis","floor":40,"turns":3},{"damage":0,"enemies":"Sphere and 2 Shapes","floor":42,"turns":3},{"damage":0,"enemies":"Giant Head","floor":44,"turns":4},{"damage":0,"enemies":"Jaw Worm Horde","floor":48,"turns":1},{"damage":30,"enemies":"Donu and Deca","floor":50,"turns":4}],"seed_played":"-2893095537371468072","potions_obtained":[{"floor":1.0,"key":"Regen Potion"},{"floor":3.0,"key":"Dexterity Potion"},{"floor":4.0,"key":"LiquidBronze"},{"floor":7.0,"key":"Poison Potion"},{"floor":11,"key":"PowerPotion"},{"floor":25,"key":"Poison Potion"},{"floor":28,"key":"AttackPotion"},{"floor":35,"key":"Fire Potion"},{"floor":36,"key":"LiquidBronze"},{"floor":38,"key":"Fire Potion"},{"floor":42,"key":"Explosive Potion"}],"is_trial":false,"path_per_floor":["M","M","M","M","?","E","M","E","T","M","M","M","$","M","T","R","B",null,"M","?","$","$","?","E","R","E","T","R","E","M","R","M","R","B",null,"M","M","M","M","?","E","?","M","T","E","?","?","$","M","R","B",null],"character_chosen":"THE_SILENT","items_purchased":["Shuriken","DollysMirror","TwistedFunnel","Bronze Scales"],"campfire_rested":3,"item_purchase_floors":[12,20,47,47],"current_hp_per_floor":[68,67,66,54,54,30,28,39,45,45,37,37,36,42,62,51,70,69,74,73,72,71,46,67,49,55,55,57,49,49,49,67,70,71,66,68,68,43,43,45,45,47,53,55,45,68,68,69,68,44],"gold":164,"neow_bonus":"","is_prod":false,"is_daily":true,"chose_seed":false,"campfire_upgraded":3,"win_rate":0,"timestamp":1544915422,"path_taken":["M","M","?","M","?","E","M","E","T","M","?","$","M","?","R","BOSS","M","?","?","$","?","E","R","E","T","R","E","M","R","M","R","BOSS","M","M","M","M","?","E","?","M","T","E","?","?","$","M","R","BOSS"],"build_version":"2018-12-13","purchased_purges":0,"victory":true,"max_hp_per_floor":[68,67,66,65,64,63,62,61,66,65,64,63,62,67,66,71,70,69,74,73,72,71,70,69,68,73,72,71,70,69,68,67,72,71,70,69,68,67,66,65,64,63,68,67,66,71,70,69,68,73],"card_choices":[{"not_picked":["Dodge and Roll","PiercingWail"],"picked":"Bouncing Flask","floor":1.0},{"not_picked":["Dodge and Roll","Tactician"],"picked":"Quick Slash","floor":2.0},{"not_picked":["Flying Knee","Dagger Throw"],"picked":"Tools of the Trade","floor":3.0},{"not_picked":["Underhanded Strike","Sucker Punch"],"picked":"Poisoned Stab","floor":4.0},{"not_picked":["Finisher","Blur"],"picked":"Bane","floor":6.0},{"not_picked":["Blur","Dash"],"picked":"Blade Dance","floor":7.0},{"not_picked":["Dodge and Roll","Outmaneuver"],"picked":"Deadly Poison","floor":8.0},{"not_picked":["Dagger Throw","Flying Knee"],"picked":"Well Laid Plans","floor":10},{"not_picked":["Poisoned Stab","Reflex"],"picked":"Dash","floor":11},{"not_picked":["Deflect","Reflex"],"picked":"Poisoned Stab","floor":13},{"not_picked":["Storm of Steel","Corpse Explosion"],"picked":"Bullet Time","floor":16},{"not_picked":["Acrobatics","Flechettes"],"picked":"Quick Slash+1","floor":18},{"not_picked":["Deflect","Backflip+1"],"picked":"Sucker Punch+1","floor":23},{"not_picked":["Dagger Throw","Concentrate"],"picked":"Dash+1","floor":25},{"not_picked":["Catalyst","Underhanded Strike"],"picked":"Dash+1","floor":28},{"not_picked":["Blade Dance","Blur"],"picked":"Flying Knee+1","floor":29},{"not_picked":["Terror","Crippling Poison"],"picked":"Caltrops+1","floor":31},{"not_picked":["Venomology","Adrenaline"],"picked":"A Thousand Cuts","floor":33},{"not_picked":["Finisher+1","Poisoned Stab+1"],"picked":"Blade Dance+1","floor":35},{"not_picked":["Calculated Gamble+1","Blade Dance+1"],"picked":"Cloak And Dagger+1","floor":36},{"not_picked":["Acrobatics","Choke+1"],"picked":"Dagger Throw+1","floor":37},{"not_picked":["Bane+1","Sucker Punch"],"picked":"Blade Dance+1","floor":38},{"not_picked":["Flechettes","Deadly Poison"],"picked":"Phantasmal Killer","floor":40},{"not_picked":["Reflex","Finisher+1"],"picked":"Slice+1","floor":42},{"not_picked":["Crippling Poison+1","Expertise+1"],"picked":"Accuracy","floor":44},{"not_picked":["Enlightenment","Forethought"],"picked":"Madness","floor":45},{"not_picked":["Madness","Bandage Up"],"picked":"Mind Blast","floor":45},{"not_picked":["Enlightenment","Swift Strike"],"picked":"Violence","floor":45},{"not_picked":["Cloak And Dagger","Deflect+1"],"picked":"Masterful Stab+1","floor":48}],"player_experience":263681,"relics_obtained":[{"floor":6.0,"key":"Bag of Preparation"},{"floor":8.0,"key":"Dead Branch"},{"floor":9.0,"key":"Dodecahedron"},{"floor":14,"key":"Matryoshka"},{"floor":23,"key":"Blood Vial"},{"floor":25,"key":"War Paint"},{"floor":26,"key":"Oddly Smooth Stone"},{"floor":26,"key":"Smiling Mask"},{"floor":28,"key":"Bag of Marbles"},{"floor":40,"key":"Sundial"},{"floor":43,"key":"Kunai"},{"floor":43,"key":"Mercury Hourglass"},{"floor":44,"key":"Snake Skull"}],"event_choices":[{"damage_healed":0.0,"max_hp_gain":0.0,"max_hp_loss":0.0,"gold_gain":0.0,"cards_transformed":["Defend_G"],"event_name":"Transmorgrifier","player_choice":"Transformed","floor":5.0,"gold_loss":0.0,"damage_taken":0.0,"cards_obtained":["Terror"]},{"damage_healed":0,"gold_gain":0,"player_choice":"Rummage","damage_taken":0,"relics_obtained":["WarpedTongs"],"max_hp_gain":0,"max_hp_loss":0,"event_name":"Accursed Blacksmith","floor":19,"gold_loss":0,"cards_obtained":["Pain"]},{"damage_healed":0,"gold_gain":0,"player_choice":"Read","damage_taken":0,"max_hp_gain":0,"max_hp_loss":0,"event_name":"The Library","floor":22,"gold_loss":0,"cards_obtained":["Endless Agony"]},{"damage_healed":0,"gold_gain":0,"player_choice":"Ignored","damage_taken":0,"max_hp_gain":0,"max_hp_loss":0,"event_name":"Tomb of Lord Red Mask","floor":39,"gold_loss":0},{"cards_removed":["Blade Dance"],"damage_healed":0,"gold_gain":0,"player_choice":"Removed Skill","damage_taken":0,"max_hp_gain":0,"max_hp_loss":0,"event_name":"Falling","floor":41,"gold_loss":0},{"damage_healed":0,"gold_gain":0,"player_choice":"Memory 3","damage_taken":10,"max_hp_gain":0,"max_hp_loss":0,"event_name":"SensoryStone","floor":45,"gold_loss":0},{"damage_healed":17,"gold_gain":0,"player_choice":"Writhe","damage_taken":0,"max_hp_gain":0,"max_hp_loss":0,"event_name":"Winding Halls","floor":46,"gold_loss":0,"cards_obtained":["Writhe"]}],"is_beta":false,"boss_relics":[{"not_picked":["Ectoplasm","Pandora\u0027s Box"],"picked":"HoveringKite"},{"not_picked":["Snecko Eye","Fusion Hammer"],"picked":"Runic Pyramid"}],"items_purged_floors":[],"is_endless":false,"potions_floor_spawned":[1,3,4,7,11,25,28,35,36,38,42],"ascension_level":0}