{"gold_per_floor":[113,123,123,144,319,363,43,43,124,144,55,78,78,78,78,198,198,123,141,91,110,110],"floor_reached":22,"playtime":866,"items_purged":["Doubt","Injury"],"score":255,"play_id":"40f7720d-834e-430c-a013-317f82f64a9c","local_time":"20180923180351","is_ascension_mode":true,"campfire_choices":[{"floor":8,"key":"REST"},{"floor":13,"key":"REST"},{"floor":15,"key":"REST"}],"neow_cost":"NONE","seed_source_timestamp":792588518336540,"circlet_count":0,"master_deck":["Strike_B","Strike_B","Strike_B","Strike_B","Defend_B","Defend_B","Defend_B","Defend_B","Zap","Dualcast","Conserve Battery","Redo","BootSequence","Hello World","Beam Cell","Defragment","Leap","Static Discharge","Undo","Self Repair","Buffer","Rebound","Redo","Genetic Algorithm+1","FTL","BootSequence","Conserve Battery"],"relics":["Cracked Core","Boot","Golden Idol","Smiling Mask","Prayer Wheel","Pear","Inserter"],"potions_floor_usage":[6,14,16,16,21,22],"damage_taken":[{"damage":0,"enemies":"2 Louse","floor":1,"turns":2},{"damage":13,"enemies":"Small Slimes","floor":2,"turns":3},{"damage":7,"enemies":"Jaw Worm","floor":4,"turns":3},{"damage":41,"enemies":"3 Sentries","floor":6,"turns":9},{"damage":31,"enemies":"Gremlin Gang","floor":10,"turns":5},{"damage":3,"enemies":"3 Louse","floor":12,"turns":2},{"damage":37,"enemies":"Hexaghost","floor":16,"turns":11},{"damage":26,"enemies":"2 Thieves","floor":18,"turns":5},{"damage":32,"enemies":"Shell Parasite","floor":19,"turns":7},{"damage":23,"enemies":"Snecko","floor":21,"turns":6},{"damage":25,"enemies":"Shelled Parasite and Fungi","floor":22,"turns":5}],"seed_played":"-1801602221974510134","potions_obtained":[{"floor":4,"key":"Swift Potion"},{"floor":6,"key":"SteroidPotion"},{"floor":10,"key":"EssenceOfSteel"},{"floor":14,"key":"Fruit Juice"},{"floor":14,"key":"Block Potion"},{"floor":19,"key":"FocusPotion"},{"floor":21,"key":"SpeedPotion"}],"is_trial":false,"path_per_floor":["M","M","?","M","?","E","$","R","T","M","$","M","R","?","R","B",null,"M","M","$","M"],"character_chosen":"DEFECT","items_purchased":["Prayer Wheel","Beam Cell","Static Discharge"],"campfire_rested":3,"item_purchase_floors":[7,7,11],"current_hp_per_floor":[75,62,62,55,55,14,14,36,46,15,15,12,37,42,69,39,77,58,33,33,17,0],"gold":110,"neow_bonus":"RANDOM_COMMON_RELIC","is_prod":false,"is_daily":false,"chose_seed":false,"campfire_upgraded":0,"win_rate":0,"timestamp":1537740231,"path_taken":["M","M","?","?","?","E","$","R","T","M","$","M","R","?","R","BOSS","M","M","$","M","M"],"build_version":"2018-09-20","purchased_purges":2,"victory":false,"max_hp_per_floor":[75,75,75,75,75,75,75,75,85,85,85,85,85,90,90,90,90,90,90,90,90,90],"card_choices":[{"not_picked":["Leap","Hologram"],"picked":"Conserve Battery","floor":1},{"not_picked":["Hologram","Streamline"],"picked":"Redo","floor":2},{"not_picked":["Steam","Compile Driver"],"picked":"BootSequence","floor":4},{"not_picked":["Buffer","Leap"],"picked":"Hello World","floor":6},{"not_picked":["Aggregate","Tempest"],"picked":"Defragment","floor":10},{"not_picked":["Turbo","Rip and Tear"],"picked":"Leap","floor":10},{"not_picked":["Rebound","Double Energy"],"picked":"Undo","floor":12},{"not_picked":["Defragment","Static Discharge"],"picked":"Self Repair","floor":12},{"not_picked":["All For One","Seek"],"picked":"Buffer","floor":16},{"not_picked":["Steam","Coolheaded"],"picked":"Rebound","floor":18},{"not_picked":["Compile Driver","Sweeping Beam"],"picked":"Redo","floor":18},{"not_picked":["Reinforced Body+1","Darkness"],"picked":"Genetic Algorithm+1","floor":19},{"not_picked":["Echo Form","Undo+1"],"picked":"FTL","floor":19},{"not_picked":["Gash","Compile Driver"],"picked":"BootSequence","floor":21},{"not_picked":["Go for the Eyes","Loop"],"picked":"Conserve Battery","floor":21}],"player_experience":181716,"relics_obtained":[{"floor":6,"key":"Smiling Mask"},{"floor":9,"key":"Pear"}],"event_choices":[{"event_name":"Golden Idol","player_choice":"Take Wound","floor":3,"damage_taken":0},{"event_name":"Liars Game","player_choice":"agreed","floor":5,"damage_taken":0},{"event_name":"The Lab","player_choice":"Got Potions","floor":14,"damage_taken":0}],"is_beta":false,"boss_relics":[{"not_picked":["Nuclear Battery","Busted Crown"],"picked":"Inserter"}],"items_purged_floors":[11,20],"is_endless":false,"potions_floor_spawned":[4,6,10,19,21],"killed_by":"Shelled Parasite and Fungi","ascension_level":5}