{"gold_per_floor":[116,116,81,81,100,100,131,131,131,149,2,17,17],"floor_reached":13,"playtime":298,"items_purged":[],"score":95,"play_id":"90b41aa5-5559-497c-b0f6-907d3e48cff4","local_time":"20190330210135","is_ascension_mode":true,"campfire_choices":[{"data":"Zap","floor":6,"key":"SMITH"},{"data":"Static Discharge","floor":8,"key":"SMITH"}],"neow_cost":"PERCENT_DAMAGE","seed_source_timestamp":1483371944431058,"circlet_count":0,"master_deck":["Strike_B","Strike_B","Strike_B","Defend_B","Defend_B","Defend_B","Defend_B","Zap+1","Dualcast","Buffer","Ball Lightning","Capacitor","Static Discharge+1","Ball Lightning","Defragment","FTL","Conserve Battery"],"relics":["Cracked Core","Letter Opener","Gremlin Horn","Darkstone Periapt"],"potions_floor_usage":[7],"damage_taken":[{"damage":0,"enemies":"2 Louse","floor":1,"turns":1},{"damage":0,"enemies":"Jaw Worm","floor":5,"turns":3},{"damage":16,"enemies":"Gremlin Nob","floor":7,"turns":3},{"damage":0,"enemies":"Small Slimes","floor":10,"turns":2},{"damage":35,"enemies":"Exordium Wildlife","floor":12,"turns":3},{"damage":8,"enemies":"Lagavulin","floor":13,"turns":4}],"seed_played":"5443003640707700578","potions_obtained":[{"floor":5,"key":"SteroidPotion"},{"floor":10,"key":"Swift Potion"}],"is_trial":false,"path_per_floor":["M","?","?","?","M","R","E","R","T","M","$","M","E"],"character_chosen":"DEFECT","items_purchased":["Defragment","FTL"],"campfire_rested":0,"item_purchase_floors":[11,11],"current_hp_per_floor":[54,47,65,58,58,58,42,42,42,42,42,7,0],"gold":17,"neow_bonus":"THREE_RARE_CARDS","is_prod":false,"is_daily":false,"chose_seed":false,"campfire_upgraded":2,"win_rate":0,"timestamp":1553994095,"path_taken":["M","?","?","?","M","R","E","R","T","M","$","?","E"],"build_version":"2019-01-23","purchased_purges":0,"victory":false,"max_hp_per_floor":[75,75,75,75,75,75,75,75,75,75,75,75,75],"card_choices":[{"not_picked":["Thunder Strike","Hyperbeam"],"picked":"Buffer","floor":0},{"not_picked":["Hologram","Turbo"],"picked":"Ball Lightning","floor":1},{"not_picked":["Darkness","Blizzard"],"picked":"Capacitor","floor":5},{"not_picked":["Stack","Beam Cell"],"picked":"Static Discharge","floor":7},{"not_picked":["Recycle","Force Field"],"picked":"Ball Lightning","floor":10},{"not_picked":["Gash","Skim"],"picked":"Conserve Battery","floor":12}],"player_experience":438383,"relics_obtained":[{"floor":7,"key":"Gremlin Horn"},{"floor":9,"key":"Darkstone Periapt"}],"event_choices":[{"damage_healed":0,"gold_gain":0,"player_choice":"Success","damage_taken":7,"relics_obtained":["Letter Opener"],"max_hp_gain":0,"max_hp_loss":0,"event_name":"Scrap Ooze","floor":2,"gold_loss":0},{"damage_healed":18,"gold_gain":0,"player_choice":"Healed","damage_taken":0,"max_hp_gain":0,"max_hp_loss":0,"event_name":"The Cleric","floor":3,"gold_loss":35},{"cards_removed":["Strike_B"],"damage_healed":0,"gold_gain":0,"player_choice":"Card Removal","damage_taken":7,"max_hp_gain":0,"max_hp_loss":0,"event_name":"Golden Wing","floor":4,"gold_loss":0}],"is_beta":false,"boss_relics":[],"items_purged_floors":[],"is_endless":false,"potions_floor_spawned":[5,10],"killed_by":"Lagavulin","ascension_level":3}