{"path_per_floor":["M","T","$","M","?","E","R","M","T","R","M","M","$","M","R","B",null,"M","?","$","M","$","R","E","R","T","R","M","?","M","M","R"],"character_chosen":"IRONCLAD","items_purchased":["Ornamental Fan","Omamori"],"gold_per_floor":[119,165,165,185,185,217,217,230,230,230,247,266,15,30,30,134,134,150,150,4,24,24,24,49,49,76,76,91,91,109,120,120],"floor_reached":33,"campfire_rested":5,"playtime":1800,"current_hp_per_floor":[41,41,41,48,48,7,35,35,35,63,45,51,51,56,84,26,96,96,80,80,71,71,71,48,48,48,76,52,33,26,17,47],"items_purged":[],"gold":120,"score":292,"play_id":"44a9bc01-c102-4728-b935-112c1c664f05","is_prod":false,"is_daily":false,"is_ascension_mode":false,"campfire_upgraded":2,"path_taken":["M","?","?","M","?","E","R","M","T","R","M","?","$","M","R","BOSS","M","?","$","M","$","R","E","R","T","R","M","?","M","M","R","BOSS"],"build_version":"2018-02-12-PROD1","purchased_purges":0,"victory":false,"master_deck":["Strike_R","Strike_R","Strike_R","Strike_R","Strike_R","Defend_R","Defend_R","Defend_R","Defend_R","Bash","Armaments","Havoc","Decay","Disarm","Clash","Clothesline","Infernal Blade+1","Exhume+1","Fiend Fire","Disarm+1","Armaments","Clash+1","Whirlwind+1","Iron Wave","Battle Trance+1","Flex+1","Dropkick"],"max_hp_per_floor":[96,96,96,96,96,96,96,96,96,96,96,96,96,96,96,96,96,96,96,96,96,96,96,96,96,96,96,96,101,101,101,101],"relics":["Burning Blood","Blood Vial","Bronze Scales","Gambling Chip","Ornamental Fan","Cursed Key","Nilry\u0027s Codex","Omamori","Anchor","Dream Catcher"],"card_choices":[{"not_picked":["Heavy Blade","Intimidate"],"picked":"Armaments"},{"not_picked":["Warcry","Searing Blow"],"picked":"Havoc"},{"not_picked":["Cleave","Heavy Blade"],"picked":"Disarm"},{"not_picked":["Dropkick","Corruption"],"picked":"Clash"},{"not_picked":["Headbutt","Blood for Blood"],"picked":"Clothesline"},{"not_picked":["Uppercut","Perfected Strike"],"picked":"Infernal Blade"},{"not_picked":["Searing Blow","Flame Barrier"],"picked":"Exhume"},{"not_picked":["Offering","Dark Embrace"],"picked":"Fiend Fire"},{"not_picked":["Burning Pact","Dual Wield"],"picked":"Disarm"},{"not_picked":["Dual Wield","Wild Strike"],"picked":"Armaments"},{"not_picked":["Corruption","Combust"],"picked":"Clash"},{"not_picked":["Headbutt","Flex"],"picked":"Whirlwind"},{"not_picked":["Havoc","Flex"],"picked":"Iron Wave"},{"not_picked":["Rampage","Clash"],"picked":"Battle Trance"},{"not_picked":["Combust","Sword Boomerang"],"picked":"Flex"},{"not_picked":["Brutality","Headbutt"],"picked":"Dropkick"}],"player_experience":75125,"potions_floor_usage":[6,16,16,16,24,30,33],"damage_taken":[{"damage":13,"enemies":"Blue Slaver","floor":1,"turns":8},{"damage":1,"enemies":"Cultist","floor":4,"turns":3},{"damage":64,"enemies":"3 Sentries","floor":6,"turns":14},{"damage":8,"enemies":"Small Slimes","floor":8,"turns":5},{"damage":26,"enemies":"Exordium Thugs","floor":11,"turns":6},{"damage":2,"enemies":"2 Fungi Beasts","floor":12,"turns":3},{"damage":3,"enemies":"Lots of Slimes","floor":14,"turns":3},{"damage":66,"enemies":"The Guardian","floor":16,"turns":15},{"damage":4,"enemies":"3 Byrds","floor":18,"turns":3},{"damage":17,"enemies":"Shell Parasite","floor":21,"turns":9},{"damage":31,"enemies":"Slavers","floor":24,"turns":6},{"damage":32,"enemies":"Cultist and Chosen","floor":28,"turns":5},{"damage":15,"enemies":"Snecko","floor":30,"turns":4},{"damage":17,"enemies":"Snake Plant","floor":31,"turns":4},{"damage":53,"enemies":"Champ","floor":33,"turns":12}],"event_choices":[{"event_name":"Wheel of Change","player_choice":"Curse","floor":5,"damage_taken":0},{"event_name":"Cursed Tome","player_choice":"Obtained Book","floor":19,"damage_taken":0},{"event_name":"Forgotten Altar","player_choice":"Shed Blood","floor":29,"damage_taken":0}],"boss_relics":[{"not_picked":["Philosopher\u0027s Stone","Runic Pyramid"],"picked":"Cursed Key"}],"potions_floor_spawned":[4,6,8,11,14,21,28,31],"seed_played":"5708530873503293740","killed_by":"Champ","ascension_level":0,"is_trial":false}