{"gold_per_floor":[114,114,125,137,150,150,325,353,365,377,389,401,258,278,278,383,383,395,8,23,23,23,23,23,87,140,140,151,151,151,162,162,262,262,280,290,390,390,401,401,432,446,446,461,461],"floor_reached":45,"playtime":3024,"items_purged":["Doubt"],"score":581,"play_id":"cfcfe7ec-8e7f-4e29-8248-1915ff32d54f","local_time":"20190118184158","is_ascension_mode":true,"campfire_choices":[{"data":"Neutralize","floor":6,"key":"SMITH"},{"floor":10,"key":"REST"},{"data":"Cloak And Dagger","floor":12,"key":"SMITH"},{"floor":15,"key":"REST"},{"data":"Apotheosis","floor":23,"key":"SMITH"},{"floor":29,"key":"REST"},{"floor":32,"key":"REST"},{"floor":40,"key":"REST"}],"neow_cost":"NONE","seed_source_timestamp":829367289843470,"circlet_count":0,"master_deck":["Defend_G+1","Defend_G+1","Defend_G+1","Defend_G+1","Defend_G+1","Strike_G+1","Strike_G+1","Strike_G+1","Strike_G+1","Strike_G+1","Survivor","Neutralize+1","Dagger Spray","Infinite Blades","Poisoned Stab","Distraction","Cloak And Dagger+1","Well Laid Plans+1","Deflect","Tools of the Trade+1","Dagger Throw","Apotheosis+1","Deflect","Deflect+1","Quick Slash","Writhe","Accuracy+1","Footwork+1","Storm of Steel","Outmaneuver","Cloak And Dagger+1","Backflip+1","Footwork+1","Die Die Die","Masterful Stab","Backflip+1","Catalyst","Backstab+1","Parasite","Flying Knee+1"],"relics":["Ring of the Snake","Potion Belt","MawBank","Bronze Scales","Frozen Egg 2","Busted Crown","TwistedFunnel","Tiny Chest","Bag of Marbles","Dream Catcher","The Specimen","WristBlade","Ginger","FossilizedHelix","Molten Egg 2"],"potions_floor_usage":[8,16,16,33,37,41],"damage_taken":[{"damage":11,"enemies":"Cultist","floor":1,"turns":7},{"damage":2,"enemies":"Jaw Worm","floor":3,"turns":4},{"damage":0,"enemies":"2 Louse","floor":4,"turns":3},{"damage":9,"enemies":"Lots of Slimes","floor":5,"turns":4},{"damage":27,"enemies":"3 Sentries","floor":8,"turns":5},{"damage":8,"enemies":"2 Fungi Beasts","floor":14,"turns":3},{"damage":35,"enemies":"Slime Boss","floor":16,"turns":11},{"damage":2,"enemies":"3 Byrds","floor":18,"turns":2},{"damage":0,"enemies":"Chosen","floor":20,"turns":4},{"damage":35,"enemies":"Slavers","floor":25,"turns":5},{"damage":1,"enemies":"Snake Plant","floor":28,"turns":4},{"damage":1,"enemies":"Centurion and Healer","floor":31,"turns":7},{"damage":16,"enemies":"Collector","floor":33,"turns":12},{"damage":10,"enemies":"Orb Walker","floor":35,"turns":4},{"damage":30,"enemies":"3 Shapes","floor":36,"turns":4},{"damage":0,"enemies":"Mind Bloom Boss Battle","floor":37,"turns":6},{"damage":10,"enemies":"Sphere and 2 Shapes","floor":39,"turns":4},{"damage":18,"enemies":"Nemesis","floor":41,"turns":5},{"damage":9,"enemies":"Spire Growth","floor":42,"turns":5},{"damage":9,"enemies":"Writhing Mass","floor":44,"turns":7},{"damage":13,"enemies":"Reptomancer","floor":45,"turns":3}],"seed_played":"2004770538975598317","potions_obtained":[{"floor":3,"key":"Weak Potion"},{"floor":4,"key":"SteroidPotion"},{"floor":5,"key":"LiquidBronze"},{"floor":14,"key":"Block Potion"},{"floor":31,"key":"Strength Potion"},{"floor":33,"key":"Swift Potion"},{"floor":36,"key":"Dexterity Potion"},{"floor":44,"key":"Fire Potion"}],"is_trial":false,"path_per_floor":["M","?","M","M","M","R","?","E","T","R","?","R","$","M","R","B",null,"M","$","M","$","?","R","?","E","T","T","M","R","?","M","R","B",null,"M","M","?","?","M","R","E","M","T","M","E"],"character_chosen":"THE_SILENT","items_purchased":["Well Laid Plans+1","Apotheosis","TwistedFunnel"],"campfire_rested":5,"item_purchase_floors":[13,19,19],"current_hp_per_floor":[59,64,62,62,53,53,53,26,26,48,48,48,48,40,62,27,75,73,73,73,73,73,73,73,38,38,38,37,59,59,58,75,59,75,65,35,35,35,25,47,29,20,20,11,0],"gold":461,"neow_bonus":"RANDOM_COMMON_RELIC","is_prod":false,"is_daily":false,"chose_seed":false,"campfire_upgraded":3,"win_rate":0,"timestamp":1547854918,"path_taken":["M","?","M","M","M","R","?","E","T","R","?","R","$","M","R","BOSS","M","?","M","$","?","R","?","E","T","?","?","R","?","M","R","BOSS","M","M","?","?","M","R","E","M","T","M","E"],"build_version":"2019-01-17v2","purchased_purges":1,"victory":false,"max_hp_per_floor":[70,75,75,75,75,75,75,75,75,75,75,75,75,75,75,75,75,75,75,75,75,75,75,75,75,75,75,75,75,75,75,75,75,75,75,75,75,75,75,75,75,75,75,75,75],"card_choices":[{"not_picked":["Prepared","Finisher"],"picked":"Dagger Spray","floor":1},{"not_picked":["Blade Dance","Blur"],"picked":"Infinite Blades","floor":3},{"not_picked":["Slice","Flying Knee"],"picked":"Poisoned Stab","floor":4},{"not_picked":["Sucker Punch","Bane"],"picked":"Distraction","floor":5},{"not_picked":["Concentrate","Distraction"],"picked":"Cloak And Dagger","floor":8},{"not_picked":["Flying Knee","Underhanded Strike"],"picked":"Deflect","floor":14},{"not_picked":["Bullet Time","Unload"],"picked":"Tools of the Trade+1","floor":16},{"not_picked":[],"picked":"Dagger Throw","floor":18},{"not_picked":[],"picked":"Deflect","floor":20},{"not_picked":[],"picked":"Deflect+1","floor":25},{"not_picked":[],"picked":"Quick Slash","floor":28},{"not_picked":[],"picked":"Accuracy+1","floor":31},{"not_picked":[],"picked":"Footwork+1","floor":32},{"not_picked":[],"picked":"Storm of Steel","floor":33},{"not_picked":[],"picked":"Outmaneuver","floor":35},{"not_picked":[],"picked":"Cloak And Dagger+1","floor":36},{"not_picked":[],"picked":"Backflip+1","floor":37},{"not_picked":[],"picked":"Masterful Stab","floor":39},{"not_picked":[],"picked":"Backflip+1","floor":40},{"not_picked":[],"picked":"Catalyst","floor":41},{"not_picked":[],"picked":"Backstab+1","floor":42},{"not_picked":[],"picked":"Flying Knee+1","floor":44}],"player_experience":92739,"relics_obtained":[{"floor":8,"key":"MawBank"},{"floor":9,"key":"Bronze Scales"},{"floor":25,"key":"Tiny Chest"},{"floor":26,"key":"Bag of Marbles"},{"floor":27,"key":"Dream Catcher"},{"floor":37,"key":"Ginger"},{"floor":41,"key":"FossilizedHelix"},{"floor":43,"key":"Molten Egg 2"}],"event_choices":[{"damage_healed":0,"gold_gain":0,"player_choice":"Donut","damage_taken":0,"max_hp_gain":5,"max_hp_loss":0,"event_name":"Big Fish","floor":2,"gold_loss":0},{"damage_healed":0,"gold_gain":175,"player_choice":"AGREE","damage_taken":0,"max_hp_gain":0,"max_hp_loss":0,"event_name":"Liars Game","floor":7,"gold_loss":0,"cards_obtained":["Doubt"]},{"damage_healed":0,"gold_gain":0,"player_choice":"Gave Potion","damage_taken":0,"relics_obtained":["Frozen Egg 2"],"max_hp_gain":0,"max_hp_loss":0,"event_name":"WeMeetAgain","floor":11,"gold_loss":0},{"damage_healed":0,"gold_gain":0,"player_choice":"Simplicity","damage_taken":0,"max_hp_gain":0,"max_hp_loss":0,"event_name":"Back to Basics","floor":22,"gold_loss":0,"cards_upgraded":["Defend_G","Defend_G","Defend_G","Defend_G","Defend_G","Strike_G","Strike_G","Strike_G","Strike_G","Strike_G"]},{"damage_healed":0,"gold_gain":0,"player_choice":"Ignored","damage_taken":0,"max_hp_gain":0,"max_hp_loss":0,"event_name":"Ghosts","floor":24,"gold_loss":0},{"damage_healed":0,"gold_gain":0,"player_choice":"Opened","damage_taken":0,"relics_obtained":["The Specimen"],"max_hp_gain":0,"max_hp_loss":0,"event_name":"The Mausoleum","floor":30,"gold_loss":0,"cards_obtained":["Writhe"]},{"damage_healed":0,"gold_gain":0,"player_choice":"Fight","damage_taken":0,"max_hp_gain":0,"max_hp_loss":0,"event_name":"MindBloom","floor":37,"gold_loss":0},{"damage_healed":0,"gold_gain":0,"player_choice":"2 cards matched","damage_taken":0,"max_hp_gain":0,"max_hp_loss":0,"event_name":"Match and Keep!","floor":38,"gold_loss":0,"cards_obtained":["Footwork","Die Die Die"]}],"is_beta":false,"boss_relics":[{"not_picked":["Astrolabe","Runic Pyramid"],"picked":"Busted Crown"},{"not_picked":["Velvet Choker","Empty Cage"],"picked":"WristBlade"}],"items_purged_floors":[13],"is_endless":false,"potions_floor_spawned":[3,4,5,14,31,33,36,44],"killed_by":"Reptomancer","ascension_level":4}