{"gold_per_floor":[118,118,193,205,222,222,248,248,328,339,355,372,387,416,428,542,554,578,607,619,678,707,719,742,525,552,202,212,228,328,90,90,192,192,212,228,54,73,86,86,102,115,115,134,153,171,171,191,191,191],"floor_reached":50,"playtime":4534,"items_purged":["Strike_G","Strike_G"],"score":566,"play_id":"6924597e-dfee-4e6c-a026-75e5df9fad9b","local_time":"20190116041846","is_ascension_mode":false,"campfire_choices":[{"floor":6,"key":"REST"},{"floor":8,"key":"REST"},{"floor":15,"key":"REST"},{"floor":23,"key":"REST"},{"floor":32,"key":"REST"},{"floor":40,"key":"REST"},{"floor":49,"key":"REST"}],"neow_cost":"PERCENT_DAMAGE","seed_source_timestamp":603271002494191,"circlet_count":0,"master_deck":["Defend_G","Defend_G","Defend_G","Defend_G","Defend_G","Strike_G","Strike_G","Strike_G","Survivor","Neutralize","Poisoned Stab+1","Riddle With Holes","Dash","Underhanded Strike","Choke+1","Acrobatics","Underhanded Strike+1","Bane+1","PiercingWail","Corpse Explosion","Dagger Spray+1","Riddle With Holes+1","Acrobatics+1","Underhanded Strike+1","Prepared","Underhanded Strike+1","Backstab+1","Dramatic Entrance+1","Bane+1","Acrobatics","Envenom","Underhanded Strike+1","Bane+1","Backflip","Prepared","Parasite","Leg Sweep+1","Dagger Throw+1","Quick Slash+1","Unload+1","Dagger Spray+1","Noxious Fumes+1"],"relics":["Ring of the Serpent","Unceasing Top","Anchor","Molten Egg 2","MawBank","Lantern","Orichalcum","Vajra","Strawberry","Pantograph","Philosopher\u0027s Stone","Bottled Lightning"],"potions_floor_usage":[14,14,16,33,33,33,39,42,46,46,48,50],"damage_taken":[{"damage":4,"enemies":"Jaw Worm","floor":1,"turns":6},{"damage":4,"enemies":"Small Slimes","floor":4,"turns":3},{"damage":0,"enemies":"2 Louse","floor":5,"turns":3},{"damage":28,"enemies":"Lagavulin","floor":7,"turns":7},{"damage":2,"enemies":"Exordium Thugs","floor":10,"turns":6},{"damage":6,"enemies":"Exordium Wildlife","floor":11,"turns":3},{"damage":0,"enemies":"3 Louse","floor":12,"turns":3},{"damage":3,"enemies":"Lots of Slimes","floor":13,"turns":4},{"damage":0,"enemies":"Gremlin Nob","floor":14,"turns":3},{"damage":31,"enemies":"Hexaghost","floor":16,"turns":11},{"damage":6,"enemies":"Chosen","floor":18,"turns":5},{"damage":32,"enemies":"Spheric Guardian","floor":19,"turns":6},{"damage":20,"enemies":"Snecko","floor":22,"turns":4},{"damage":8,"enemies":"Centurion and Healer","floor":24,"turns":3},{"damage":0,"enemies":"Cultist and Chosen","floor":28,"turns":4},{"damage":6,"enemies":"Snake Plant","floor":29,"turns":2},{"damage":67,"enemies":"Collector","floor":33,"turns":8},{"damage":12,"enemies":"3 Shapes","floor":35,"turns":2},{"damage":0,"enemies":"Orb Walker","floor":36,"turns":2},{"damage":21,"enemies":"Jaw Worm Horde","floor":38,"turns":4},{"damage":11,"enemies":"3 Darklings","floor":39,"turns":3},{"damage":30,"enemies":"Writhing Mass","floor":41,"turns":4},{"damage":31,"enemies":"Maw","floor":42,"turns":6},{"damage":0,"enemies":"4 Shapes","floor":44,"turns":1},{"damage":0,"enemies":"3 Darklings","floor":45,"turns":1},{"damage":6,"enemies":"Maw","floor":46,"turns":5},{"damage":0,"enemies":"Transient","floor":48,"turns":5},{"damage":55,"enemies":"Donu and Deca","floor":50,"turns":4}],"seed_played":"3530621687235414800","potions_obtained":[{"floor":4,"key":"LiquidBronze"},{"floor":5,"key":"PowerPotion"},{"floor":10,"key":"Weak Potion"},{"floor":11,"key":"Poison Potion"},{"floor":14,"key":"Energy Potion"},{"floor":22,"key":"Energy Potion"},{"floor":28,"key":"Weak Potion"},{"floor":41,"key":"Regen Potion"},{"floor":44,"key":"SteroidPotion"},{"floor":45,"key":"Weak Potion"},{"floor":46,"key":"Swift Potion"},{"floor":48,"key":"AttackPotion"}],"is_trial":false,"path_per_floor":["M","?","?","M","M","R","E","R","T","M","M","M","M","E","R","B",null,"M","M","?","T","M","R","M","$","T","$","M","M","?","$","R","B",null,"M","M","$","M","M","R","M","M","T","M","M","M","?","M","R","B"],"character_chosen":"THE_SILENT","items_purchased":["Orichalcum","Prepared","Underhanded Strike+1","Backstab+1","Dramatic Entrance+1","Strawberry","Pantograph","GhostInAJar"],"campfire_rested":7,"item_purchase_floors":[25,25,25,27,27,27,31,37],"current_hp_per_floor":[45,45,34,30,30,51,23,44,44,42,36,36,33,33,54,23,70,64,32,32,32,12,33,25,25,25,32,32,26,26,26,49,7,77,65,65,65,44,33,56,26,10,10,10,10,4,4,4,27,0],"gold":191,"neow_bonus":"ONE_RARE_RELIC","is_prod":false,"is_daily":false,"chose_seed":false,"campfire_upgraded":0,"win_rate":0.0,"timestamp":1547630326,"path_taken":["M","?","?","M","M","R","E","R","T","M","M","M","?","E","R","BOSS","M","M","?","?","M","R","M","$","T","?","M","M","?","$","R","BOSS","M","M","$","M","M","R","M","M","T","?","M","M","?","?","R","BOSS"],"build_version":"2019-01-10","purchased_purges":2,"victory":false,"max_hp_per_floor":[70,70,70,70,70,70,70,70,70,70,70,70,70,70,70,70,70,70,70,70,70,70,70,70,70,70,77,77,77,77,77,77,77,77,77,77,77,77,77,77,77,77,77,77,77,77,77,77,77,77],"card_choices":[{"not_picked":["Quick Slash","Blade Dance"],"picked":"Poisoned Stab","floor":1},{"not_picked":["Infinite Blades","Endless Agony"],"picked":"Riddle With Holes","floor":4},{"not_picked":["Crippling Poison","Calculated Gamble"],"picked":"Dash","floor":5},{"not_picked":["Calculated Gamble","Acrobatics"],"picked":"Underhanded Strike","floor":7},{"not_picked":["Outmaneuver","Escape Plan"],"picked":"Choke+1","floor":10},{"not_picked":["Reflex","Backflip"],"picked":"Acrobatics","floor":11},{"not_picked":["Bane+1","Blur"],"picked":"Underhanded Strike+1","floor":12},{"not_picked":["Masterful Stab+1","Outmaneuver"],"picked":"Bane+1","floor":13},{"not_picked":["Catalyst","Acrobatics"],"picked":"PiercingWail","floor":14},{"not_picked":["Envenom","Malaise"],"picked":"Corpse Explosion","floor":16},{"not_picked":["Skewer+1","Finisher+1"],"picked":"Dagger Spray+1","floor":18},{"not_picked":["Deflect","Choke+1"],"picked":"Riddle With Holes+1","floor":19},{"not_picked":["Accuracy","Eviscerate+1"],"picked":"Acrobatics+1","floor":22},{"not_picked":["Prepared+1","Catalyst+1"],"picked":"Underhanded Strike+1","floor":24},{"not_picked":["Cloak And Dagger","Blade Dance"],"picked":"Bane+1","floor":28},{"not_picked":["Deadly Poison","Dodge and Roll"],"picked":"Acrobatics","floor":29},{"not_picked":["Malaise","Venomology"],"picked":"Envenom","floor":33},{"not_picked":["Deadly Poison","Flechettes+1"],"picked":"Underhanded Strike+1","floor":35},{"not_picked":["Sucker Punch+1","Bouncing Flask"],"picked":"Bane+1","floor":36},{"not_picked":["Deadly Poison","Dodge and Roll"],"picked":"Backflip","floor":38},{"not_picked":["Slice+1","Sucker Punch+1"],"picked":"Prepared","floor":39},{"not_picked":["Infinite Blades+1","Slice+1"],"picked":"Leg Sweep+1","floor":41},{"not_picked":["Backflip","Deflect+1"],"picked":"Dagger Throw+1","floor":42},{"not_picked":["Bouncing Flask+1","Cloak And Dagger"],"picked":"Quick Slash+1","floor":44},{"not_picked":["Predator+1","Prepared+1"],"picked":"Unload+1","floor":45},{"not_picked":["Reflex","Slice+1"],"picked":"Dagger Spray+1","floor":46},{"not_picked":["Acrobatics","Escape Plan+1"],"picked":"Noxious Fumes+1","floor":48}],"player_experience":38344,"relics_obtained":[{"floor":7,"key":"Anchor"},{"floor":9,"key":"Molten Egg 2"},{"floor":14,"key":"MawBank"},{"floor":21,"key":"Lantern"},{"floor":26,"key":"Vajra"},{"floor":43,"key":"Bottled Lightning"}],"event_choices":[{"damage_healed":0,"gold_gain":0,"player_choice":"Grow","damage_taken":0,"max_hp_gain":0,"max_hp_loss":0,"event_name":"Living Wall","floor":2,"gold_loss":0,"cards_upgraded":["Poisoned Stab"]},{"damage_healed":0,"gold_gain":75,"player_choice":"Gather Gold","damage_taken":11,"max_hp_gain":0,"max_hp_loss":0,"event_name":"World of Goop","floor":3,"gold_loss":0},{"damage_healed":0,"gold_gain":0,"player_choice":"Ignored","damage_taken":0,"max_hp_gain":0,"max_hp_loss":0,"event_name":"Vampires","floor":20,"gold_loss":0},{"damage_healed":0,"gold_gain":100,"player_choice":"Pray","damage_taken":0,"max_hp_gain":0,"max_hp_loss":0,"event_name":"Golden Shrine","floor":30,"gold_loss":0},{"damage_healed":0,"gold_gain":0,"player_choice":"Ignored","damage_taken":0,"max_hp_gain":0,"max_hp_loss":0,"event_name":"SecretPortal","floor":47,"gold_loss":0}],"is_beta":false,"boss_relics":[{"not_picked":["Orrery","Snecko Eye"],"picked":"Ring of the Serpent"},{"not_picked":["White Beast Statue","Calling Bell"],"picked":"Philosopher\u0027s Stone"}],"items_purged_floors":[27,37],"is_endless":false,"potions_floor_spawned":[4,5,10,11,14,22,28,41,44,45,46,48],"killed_by":"Donu and Deca","ascension_level":0}