{"gold_per_floor":[116,116,127,140,140,140,150,150,150,75,85,98,118,18,18,119,119,137,12,23,23],"floor_reached":21,"playtime":1895,"items_purged":["Strike_B","Defend_B","Defend_B"],"score":216,"play_id":"436c7567-ca9b-4df7-beb8-4e7f9b3c44c8","local_time":"20181102175322","is_ascension_mode":true,"campfire_choices":[{"data":"Beam Cell","floor":6,"key":"SMITH"},{"data":"Dualcast","floor":8,"key":"SMITH"},{"data":"Machine Learning","floor":15,"key":"SMITH"}],"neow_cost":"NONE","seed_source_timestamp":3477391826815,"circlet_count":0,"master_deck":["Strike_B","Strike_B","Strike_B","Defend_B","Defend_B","Zap","Dualcast+1","Beam Cell+1","All For One","Machine Learning+1"],"relics":["Cracked Core","Pantograph","Kunai","Mercury Hourglass","Eternal Feather"],"potions_floor_usage":[],"damage_taken":[{"damage":11,"enemies":"2 Louse","floor":1,"turns":3},{"damage":0,"enemies":"Small Slimes","floor":3,"turns":4},{"damage":0,"enemies":"Cultist","floor":4,"turns":3},{"damage":8,"enemies":"Red Slaver","floor":7,"turns":3},{"damage":0,"enemies":"3 Louse","floor":11,"turns":2},{"damage":6,"enemies":"Looter","floor":12,"turns":2},{"damage":3,"enemies":"Blue Slaver","floor":13,"turns":3},{"damage":57,"enemies":"Hexaghost","floor":16,"turns":9},{"damage":34,"enemies":"Shell Parasite","floor":18,"turns":6},{"damage":17,"enemies":"3 Byrds","floor":20,"turns":4},{"damage":18,"enemies":"3 Cultists","floor":21,"turns":2}],"seed_played":"1961522589433142373","potions_obtained":[{"floor":0,"key":"FairyPotion"},{"floor":0,"key":"Energy Potion"},{"floor":0,"key":"SpeedPotion"},{"floor":13,"key":"Energy Potion"},{"floor":16,"key":"Strength Potion"}],"is_trial":false,"path_per_floor":["M","?","M","M","?","R","M","R","T","$","M","M","M","$","R","B",null,"M","$","M","M"],"character_chosen":"DEFECT","items_purchased":[],"campfire_rested":0,"item_purchase_floors":[],"current_hp_per_floor":[64,52,52,52,52,52,44,44,44,44,44,38,35,35,35,3,57,23,23,6,0],"gold":23,"neow_bonus":"THREE_SMALL_POTIONS","is_prod":false,"is_daily":false,"chose_seed":false,"campfire_upgraded":3,"win_rate":0,"timestamp":1541192002,"path_taken":["M","?","M","M","?","R","M","R","T","$","?","M","M","?","R","BOSS","M","$","M","M"],"build_version":"2018-11-01","purchased_purges":3,"victory":false,"max_hp_per_floor":[75,75,75,75,75,75,75,75,75,75,75,75,75,75,75,75,75,75,75,75,75],"card_choices":[{"not_picked":["Leap","Self Repair"],"picked":"Beam Cell","floor":1},{"not_picked":["Auto Shields","Cold Snap","Recycle"],"picked":"SKIP","floor":3},{"not_picked":["Fusion","BootSequence"],"picked":"All For One","floor":4},{"not_picked":["Hologram","Compile Driver","Coolheaded"],"picked":"SKIP","floor":7},{"not_picked":["Conserve Battery","Barrage","Recycle"],"picked":"SKIP","floor":11},{"not_picked":["Melter","Conserve Battery","Capacitor"],"picked":"SKIP","floor":12},{"not_picked":["Go for the Eyes","Beam Cell"],"picked":"Machine Learning","floor":13},{"not_picked":["Ball Lightning","Genetic Algorithm","Hologram"],"picked":"SKIP","floor":18},{"not_picked":["Sweeping Beam","Go for the Eyes","Ball Lightning"],"picked":"SKIP","floor":20}],"player_experience":258033,"relics_obtained":[{"floor":9,"key":"Mercury Hourglass"}],"event_choices":[{"damage_healed":0,"gold_gain":0,"player_choice":"Success","damage_taken":12,"relics_obtained":["Pantograph"],"max_hp_gain":0,"max_hp_loss":0,"event_name":"Scrap Ooze","floor":2,"gold_loss":0},{"damage_healed":0,"gold_gain":0,"player_choice":"Gave Potion","damage_taken":0,"relics_obtained":["Kunai"],"max_hp_gain":0,"max_hp_loss":0,"event_name":"WeMeetAgain","floor":5,"gold_loss":0}],"is_beta":false,"boss_relics":[{"not_picked":["Coffee Dripper","Tiny House"],"picked":"Eternal Feather"}],"items_purged_floors":[10,14,19],"is_endless":false,"potions_floor_spawned":[4,13,16,18],"killed_by":"3 Cultists","ascension_level":5}