{"gold_per_floor":[113,132,132,31,31,31,63,81,107,119,156,168,180,208,220,232],"floor_reached":16,"playtime":501,"items_purged":["Defend_G"],"score":239,"play_id":"1f7425cd-495b-4e18-a0cd-9684d1316ca6","local_time":"20190617082839","is_ascension_mode":true,"campfire_choices":[{"data":"Cloak And Dagger","floor":6,"key":"SMITH"},{"data":"Deadly Poison","floor":10,"key":"SMITH"},{"data":"Crippling Poison","floor":13,"key":"SMITH"},{"data":"Leg Sweep","floor":15,"key":"SMITH"}],"neow_cost":"NONE","seed_source_timestamp":398516942770498,"circlet_count":0,"master_deck":["AscendersBane","Defend_G","Defend_G","Defend_G","Defend_G","Strike_G","Strike_G","Strike_G","Survivor","Neutralize","Cloak And Dagger+1","Deadly Poison+1","Crippling Poison+1","Dagger Throw","Leg Sweep+1"],"relics":["Ring of the Snake","NeowsBlessing","Snake Skull","MawBank","Orichalcum","GremlinMask"],"potions_floor_usage":[16],"damage_taken":[{"damage":0,"enemies":"Small Slimes","floor":1,"turns":1},{"damage":0,"enemies":"2 Louse","floor":2,"turns":1},{"damage":0,"enemies":"Lagavulin","floor":7,"turns":1},{"damage":1,"enemies":"Jaw Worm","floor":8,"turns":3},{"damage":8,"enemies":"Gremlin Nob","floor":11,"turns":4},{"damage":10,"enemies":"Red Slaver","floor":14,"turns":5},{"damage":35,"enemies":"Slime Boss","floor":16,"turns":8}],"seed_played":"-4344253885326529970","potions_obtained":[{"floor":8,"key":"GhostInAJar"},{"floor":14,"key":"GamblersBrew"}],"is_trial":false,"path_per_floor":["M","M","?","$","?","R","E","M","T","R","E","?","R","M","R","B"],"character_chosen":"THE_SILENT","items_purchased":["Deadly Poison"],"campfire_rested":0,"item_purchase_floors":[4],"current_hp_per_floor":[59,59,59,59,52,52,52,51,51,51,43,43,43,33,33,0],"gold":232,"neow_bonus":"THREE_ENEMY_KILL","is_prod":false,"is_daily":false,"chose_seed":false,"campfire_upgraded":4,"win_rate":0,"timestamp":1560731319,"path_taken":["M","M","?","$","?","R","E","M","T","R","E","?","R","M","R","BOSS"],"build_version":"2019-01-23","purchased_purges":1,"victory":false,"max_hp_per_floor":[66,66,66,66,66,66,66,66,66,66,66,66,66,66,66,66],"card_choices":[{"not_picked":["Quick Slash","Outmaneuver","Concentrate"],"picked":"SKIP","floor":1},{"not_picked":["Die Die Die","Bane"],"picked":"Cloak And Dagger","floor":2},{"not_picked":["Deadly Poison","Cloak And Dagger"],"picked":"Crippling Poison","floor":7},{"not_picked":["Blade Dance","Concentrate"],"picked":"Dagger Throw","floor":8},{"not_picked":["Flying Knee","Blade Dance","Reflex"],"picked":"SKIP","floor":11},{"not_picked":["Tactician","Prepared"],"picked":"Leg Sweep","floor":14}],"player_experience":883740,"relics_obtained":[{"floor":7,"key":"Snake Skull"},{"floor":9,"key":"MawBank"},{"floor":11,"key":"Orichalcum"}],"event_choices":[{"cards_removed":["Strike_G"],"damage_healed":0,"gold_gain":0,"player_choice":"Forget","damage_taken":0,"max_hp_gain":0,"max_hp_loss":0,"event_name":"Living Wall","floor":3,"gold_loss":0},{"cards_removed":["Strike_G"],"damage_healed":0,"gold_gain":0,"player_choice":"Card Removal","damage_taken":7,"max_hp_gain":0,"max_hp_loss":0,"event_name":"Golden Wing","floor":5,"gold_loss":0},{"damage_healed":0,"gold_gain":0,"player_choice":"Trade","damage_taken":0,"relics_obtained":["GremlinMask"],"max_hp_gain":0,"max_hp_loss":0,"event_name":"FaceTrader","floor":12,"gold_loss":0}],"is_beta":false,"boss_relics":[],"items_purged_floors":[4],"is_endless":false,"potions_floor_spawned":[8,14],"killed_by":"Slime Boss","ascension_level":16}