{"gold_per_floor":[119,119,132,152,327,327,343,376,376,376,456,531,531],"floor_reached":13,"playtime":541,"items_purged":[],"score":91,"play_id":"f546136d-06a4-48e7-8142-1b4a54e50214","local_time":"20181015214128","is_ascension_mode":true,"campfire_choices":[{"data":"Bash","floor":6.0,"key":"SMITH"},{"floor":10,"key":"REST"}],"neow_cost":"NONE","seed_source_timestamp":0,"circlet_count":0,"master_deck":["Strike_R","Strike_R","Strike_R","Strike_R","Defend_R","Defend_R","Defend_R","Defend_R","Bash+1","Iron Wave","Shrug It Off","Warcry","Doubt","Ghostly Armor","Shrug It Off","Flex"],"special_seed":0,"relics":["Burning Blood","Golden Idol","Paper Frog","Shuriken","PreservedInsect"],"potions_floor_usage":[11],"damage_taken":[{"damage":10.0,"enemies":"Small Slimes","floor":1.0,"turns":3.0},{"damage":9.0,"enemies":"2 Louse","floor":3.0,"turns":3.0},{"damage":2.0,"enemies":"Cultist","floor":4.0,"turns":4.0},{"damage":22,"enemies":"2 Fungi Beasts","floor":7,"turns":5},{"damage":49,"enemies":"3 Sentries","floor":8,"turns":13},{"damage":27,"enemies":"3 Sentries","floor":11,"turns":14},{"damage":6,"enemies":"3 Louse","floor":13,"turns":1}],"seed_played":"4425083345543498220","potions_obtained":[{"floor":3.0,"key":"FearPotion"},{"floor":11,"key":"Strength Potion"},{"floor":11,"key":"SpeedPotion"}],"is_trial":false,"path_per_floor":["M","?","M","M","?","R","M","E","T","R","?","?"],"character_chosen":"IRONCLAD","items_purchased":[],"campfire_rested":1,"item_purchase_floors":[],"current_hp_per_floor":[76,74,71,74,74,74,58,15,15,37,16,5,0],"gold":531,"neow_bonus":"REMOVE_CARD","is_prod":false,"is_daily":false,"chose_seed":false,"campfire_upgraded":1,"win_rate":0,"timestamp":1539650488,"path_taken":["M","?","M","M","?","R","M","E","T","R","?","?","M"],"build_version":"2018-10-11","purchased_purges":0,"victory":false,"max_hp_per_floor":[80,74,74,74,74,74,74,74,74,74,74,74,74],"card_choices":[{"not_picked":["Anger","Clothesline"],"picked":"Iron Wave","floor":1.0},{"not_picked":["Pommel Strike","Shockwave"],"picked":"Shrug It Off","floor":3.0},{"not_picked":["Armaments","Hemokinesis"],"picked":"Warcry","floor":4.0},{"not_picked":["Cleave","Warcry"],"picked":"Ghostly Armor","floor":7},{"not_picked":["Flex","Dual Wield"],"picked":"Shrug It Off","floor":8},{"not_picked":["True Grit","Blood for Blood"],"picked":"Flex","floor":11}],"player_experience":156185,"relics_obtained":[{"floor":8,"key":"Paper Frog"},{"floor":9,"key":"Shuriken"},{"floor":11,"key":"PreservedInsect"}],"event_choices":[{"event_name":"Golden Idol","player_choice":"Lose Max HP","floor":2.0,"damage_taken":0.0},{"event_name":"Liars Game","player_choice":"agreed","floor":5.0,"damage_taken":0.0},{"event_name":"Dead Adventurer","player_choice":"Searched \u00271\u0027 times","floor":11,"damage_taken":0},{"event_name":"World of Goop","player_choice":"Gather Gold","floor":12,"damage_taken":0}],"is_beta":false,"boss_relics":[],"items_purged_floors":[],"is_endless":false,"potions_floor_spawned":[3,11,11],"killed_by":"3 Louse","ascension_level":2}