{"gold_per_floor":[112,112,112,122,122,122,148,148,148,29,29,45,45,60,60,155,155,175,100,110,110],"floor_reached":21,"playtime":840,"items_purged":[],"score":293,"play_id":"a2608e30-4447-480e-8392-f111dbcb9a14","local_time":"20181229021249","is_ascension_mode":true,"campfire_choices":[{"data":"Ghostly Armor","floor":6.0,"key":"SMITH"},{"data":"True Grit","floor":8.0,"key":"SMITH"},{"data":"Uppercut","floor":13.0,"key":"SMITH"},{"data":"Inflame","floor":15.0,"key":"SMITH"}],"neow_cost":"NONE","seed_source_timestamp":0,"circlet_count":0,"master_deck":["Strike_R","Strike_R+1","Defend_R","Defend_R","Defend_R","Bash+1","Ghostly Armor+1","True Grit+1","Uppercut+1","Inflame+1","Demon Form","Shrug It Off+1"],"special_seed":0,"relics":["Burning Blood","NeowsBlessing","Bronze Scales","Darkstone Periapt","Toxic Egg 2","Empty Cage"],"potions_floor_usage":[21,21],"damage_taken":[{"damage":0.0,"enemies":"Cultist","floor":1.0,"turns":1.0},{"damage":0.0,"enemies":"Small Slimes","floor":4.0,"turns":1.0},{"damage":0.0,"enemies":"Gremlin Nob","floor":7.0,"turns":1.0},{"damage":0.0,"enemies":"Jaw Worm","floor":12.0,"turns":3.0},{"damage":1.0,"enemies":"Blue Slaver","floor":14.0,"turns":3.0},{"damage":57.0,"enemies":"Slime Boss","floor":16.0,"turns":12.0},{"damage":36.0,"enemies":"Spheric Guardian","floor":18.0,"turns":7.0},{"damage":13,"enemies":"Chosen","floor":20,"turns":5},{"damage":39,"enemies":"Shelled Parasite and Fungi","floor":21,"turns":6}],"seed_played":"2304011308125705794","potions_obtained":[{"floor":12.0,"key":"Ancient Potion"},{"floor":14.0,"key":"GamblersBrew"},{"floor":16.0,"key":"GamblersBrew"},{"floor":18,"key":"BloodPotion"}],"is_trial":false,"path_per_floor":["M","?","?","M","?","R","E","R","T","$","T","M","R","M","R","B",null,"M","M","?","M","M"],"character_chosen":"IRONCLAD","items_purchased":["Uppercut","Weak Potion"],"campfire_rested":0,"item_purchase_floors":[10,10],"current_hp_per_floor":[78,71,71,77,61,61,67,67,67,67,67,73,73,78,78,27,67,37,37,30,0],"gold":110,"neow_bonus":"THREE_ENEMY_KILL","is_prod":false,"is_daily":false,"chose_seed":false,"campfire_upgraded":4,"win_rate":0,"timestamp":1546078369,"path_taken":["M","?","?","M","?","R","E","R","T","?","?","M","R","M","R","BOSS","M","?","M","M"],"build_version":"2018-12-20","purchased_purges":0,"victory":false,"max_hp_per_floor":[80,80,80,80,80,80,80,80,80,80,80,80,80,80,80,80,80,80,80,80,80],"card_choices":[{"not_picked":["Perfected Strike","Wild Strike","Twin Strike"],"picked":"SKIP","floor":1.0},{"not_picked":["Second Wind","Pommel Strike"],"picked":"Ghostly Armor","floor":4.0},{"not_picked":["Fire Breathing","Bloodletting"],"picked":"True Grit","floor":7.0},{"not_picked":["Power Through+1","Shrug It Off+1"],"picked":"Inflame","floor":12.0},{"not_picked":["Havoc+1","Cleave","Thunderclap"],"picked":"SKIP","floor":14.0},{"not_picked":["Offering+1","Reaper"],"picked":"Demon Form","floor":16.0},{"not_picked":["Sever Soul","Clothesline"],"picked":"Shrug It Off+1","floor":18},{"not_picked":["Anger","Sword Boomerang","Carnage+1"],"picked":"SKIP","floor":20}],"player_experience":168849,"relics_obtained":[{"floor":7.0,"key":"Bronze Scales"},{"floor":9.0,"key":"Darkstone Periapt"},{"floor":11.0,"key":"Toxic Egg 2"}],"event_choices":[{"cards_removed":["Strike_R"],"damage_healed":0.0,"max_hp_gain":0.0,"max_hp_loss":0.0,"gold_gain":0.0,"event_name":"Golden Wing","player_choice":"Card Removal","floor":2.0,"gold_loss":0.0,"damage_taken":7.0},{"damage_healed":0.0,"max_hp_gain":0.0,"max_hp_loss":0.0,"gold_gain":0.0,"event_name":"Liars Game","player_choice":"Ignored","floor":3.0,"gold_loss":0.0,"damage_taken":0.0},{"damage_healed":0.0,"max_hp_gain":0.0,"max_hp_loss":0.0,"gold_gain":0.0,"event_name":"Shining Light","player_choice":"Entered Light","floor":5.0,"gold_loss":0.0,"damage_taken":16.0,"cards_upgraded":["Bash","Strike_R"]},{"cards_removed":["Strike_R"],"damage_healed":0,"gold_gain":0,"player_choice":"Gave Gold","damage_taken":0,"max_hp_gain":0,"max_hp_loss":0,"event_name":"Beggar","floor":19,"gold_loss":75}],"is_beta":false,"boss_relics":[{"not_picked":["Black Star","Runic Cube"],"picked":"Empty Cage"}],"items_purged_floors":[],"is_endless":false,"potions_floor_spawned":[12,14,16,18],"killed_by":"Shelled Parasite and Fungi","ascension_level":9}