{"gold_per_floor":[109,127,127,140,151,151,176,176,223,239,239,239,259,278,278,373,373,388,388,406,418,418,452,452,484,484,504,504,518,9,9],"floor_reached":31,"playtime":1899,"items_purged":[],"score":441,"play_id":"0318c19c-972e-4b58-a7af-8180773d0213","local_time":"20190319164952","is_ascension_mode":true,"campfire_choices":[{"data":"Neutralize","floor":6,"key":"SMITH"},{"data":"Blade Dance","floor":8,"key":"SMITH"},{"data":"Footwork","floor":15,"key":"SMITH"},{"floor":24,"key":"REST"},{"floor":28,"key":"REST"}],"neow_cost":"NONE","seed_source_timestamp":516277532657504,"circlet_count":0,"master_deck":["Survivor","Neutralize+1","Deflect","Poisoned Stab","Blade Dance+1","Dagger Throw","Venomology","Well Laid Plans","Footwork+1","Noxious Fumes","Backflip","Wraith Form v2","Riddle With Holes","Corpse Explosion","Phantasmal Killer","Tools of the Trade","Blur","Leg Sweep","Catalyst","Bullet Time+1","Bouncing Flask","Catalyst","Underhanded Strike+1","PiercingWail","Underhanded Strike+1","Envenom","Burst","Quick Slash+1","Bullet Time","Apotheosis","Acrobatics"],"relics":["Ring of the Snake","NeowsBlessing","CultistMask","Pantograph","Bronze Scales","Nloth\u0027s Gift","PreservedInsect","Orichalcum","Ginger","Vajra","Pen Nib"],"potions_floor_usage":[7,13,14,16,16,20,21,23,31],"damage_taken":[{"damage":0,"enemies":"2 Louse","floor":1,"turns":1},{"damage":0,"enemies":"Cultist","floor":2,"turns":1},{"damage":0,"enemies":"Jaw Worm","floor":4,"turns":1},{"damage":12,"enemies":"Lots of Slimes","floor":5,"turns":6},{"damage":19,"enemies":"Gremlin Nob","floor":7,"turns":5},{"damage":7,"enemies":"2 Fungi Beasts","floor":10,"turns":4},{"damage":7,"enemies":"Gremlin Gang","floor":13,"turns":6},{"damage":0,"enemies":"Large Slime","floor":14,"turns":5},{"damage":6,"enemies":"Hexaghost","floor":16,"turns":9},{"damage":5,"enemies":"Chosen","floor":18,"turns":6},{"damage":8,"enemies":"3 Byrds","floor":20,"turns":2},{"damage":7,"enemies":"Snake Plant","floor":21,"turns":3},{"damage":35,"enemies":"Book of Stabbing","floor":23,"turns":6},{"damage":5,"enemies":"Gremlin Leader","floor":25,"turns":4},{"damage":12,"enemies":"Centurion and Healer","floor":27,"turns":5},{"damage":4,"enemies":"Snecko","floor":29,"turns":5},{"damage":42,"enemies":"Slavers","floor":31,"turns":3}],"seed_played":"-6274578953632883644","potions_obtained":[{"floor":1,"key":"Block Potion"},{"floor":4,"key":"Dexterity Potion"},{"floor":7,"key":"AttackPotion"},{"floor":18,"key":"GhostInAJar"},{"floor":20,"key":"Fruit Juice"},{"floor":23,"key":"GamblersBrew"}],"is_trial":false,"path_per_floor":["M","M","?","M","M","R","E","R","T","M","?","$","M","M","R","B",null,"M","?","M","M","?","E","R","E","T","M","R","M","$","E"],"character_chosen":"THE_SILENT","items_purchased":["Vajra","Apotheosis","Pen Nib","Acrobatics"],"campfire_rested":2,"item_purchase_floors":[30,30,30,30],"current_hp_per_floor":[63,63,63,63,51,51,32,32,32,25,25,25,18,18,18,37,62,57,57,54,47,47,12,34,29,29,17,39,35,35,0],"gold":9,"neow_bonus":"THREE_ENEMY_KILL","is_prod":false,"is_daily":false,"chose_seed":false,"campfire_upgraded":3,"win_rate":0,"timestamp":1553028592,"path_taken":["M","M","?","M","?","R","E","R","T","M","?","$","?","M","R","BOSS","M","?","M","?","?","E","R","E","T","?","R","M","$","E"],"build_version":"2019-01-23","purchased_purges":0,"victory":false,"max_hp_per_floor":[70,70,70,70,70,70,70,70,70,70,70,70,70,70,70,70,70,70,70,75,75,75,75,75,75,75,75,75,75,75,75],"card_choices":[{"not_picked":["Distraction","Outmaneuver"],"picked":"Deflect","floor":1},{"not_picked":["Flying Knee","Endless Agony"],"picked":"Poisoned Stab","floor":2},{"not_picked":["Deflect","Outmaneuver"],"picked":"Blade Dance","floor":4},{"not_picked":["Eviscerate","Escape Plan"],"picked":"Dagger Throw","floor":5},{"not_picked":["Bouncing Flask","Deflect"],"picked":"Venomology","floor":7},{"not_picked":["Deflect","Slice"],"picked":"Well Laid Plans","floor":10},{"not_picked":["Predator","Quick Slash"],"picked":"Noxious Fumes","floor":13},{"not_picked":["Footwork","Acrobatics"],"picked":"Backflip","floor":14},{"not_picked":["Burst","Phantasmal Killer"],"picked":"Wraith Form v2","floor":16},{"not_picked":["Flying Knee","Sucker Punch"],"picked":"Underhanded Strike+1","floor":18},{"not_picked":["Deflect","Quick Slash"],"picked":"PiercingWail","floor":20},{"not_picked":["Outmaneuver","Dash"],"picked":"Underhanded Strike+1","floor":21},{"not_picked":["Riddle With Holes","Prepared"],"picked":"Envenom","floor":23},{"not_picked":["Slice","Quick Slash"],"picked":"Burst","floor":25},{"not_picked":["Flechettes","Endless Agony+1"],"picked":"Quick Slash+1","floor":27},{"not_picked":["Leg Sweep+1","Slice"],"picked":"Bullet Time","floor":29}],"player_experience":200204,"relics_obtained":[{"floor":7,"key":"Pantograph"},{"floor":9,"key":"Bronze Scales"},{"floor":23,"key":"PreservedInsect"},{"floor":25,"key":"Orichalcum"},{"floor":26,"key":"Ginger"}],"event_choices":[{"damage_healed":0,"gold_gain":0,"player_choice":"Trade","damage_taken":0,"relics_obtained":["CultistMask"],"max_hp_gain":0,"max_hp_loss":0,"event_name":"FaceTrader","floor":3,"gold_loss":0},{"damage_healed":0,"gold_gain":0,"player_choice":"1 cards matched","damage_taken":0,"max_hp_gain":0,"max_hp_loss":0,"event_name":"Match and Keep!","floor":11,"gold_loss":0,"cards_obtained":["Footwork"]},{"damage_healed":0,"gold_gain":0,"player_choice":"Traded Relic","damage_taken":0,"relics_obtained":["Nloth\u0027s Gift"],"max_hp_gain":0,"max_hp_loss":0,"event_name":"N\u0027loth","floor":19,"relics_lost":["Pandora\u0027s Box"],"gold_loss":0},{"damage_healed":0,"gold_gain":0,"player_choice":"Upgraded","damage_taken":0,"max_hp_gain":0,"max_hp_loss":0,"event_name":"Upgrade Shrine","floor":22,"gold_loss":0,"cards_upgraded":["Bullet Time"]}],"is_beta":false,"boss_relics":[{"not_picked":["Orrery","Coffee Dripper"],"picked":"Pandora\u0027s Box"}],"items_purged_floors":[],"is_endless":false,"potions_floor_spawned":[1,4,7,14,18,20,23],"killed_by":"Slavers","ascension_level":9}