{"gold_per_floor":[119,119,194,208,221,221,221,221,299,299,299,320,320,41,41,162,162,151,69,89,89,89],"floor_reached":22,"playtime":842,"items_purged":["Strike_R"],"score":275,"play_id":"660d4e6f-7b69-43bb-ab98-a69feeb6418b","local_time":"20181127011626","is_ascension_mode":true,"campfire_choices":[{"data":"Fiend Fire","floor":6,"key":"SMITH"},{"data":"Flex","floor":8,"key":"SMITH"},{"data":"Clothesline","floor":10,"key":"SMITH"},{"data":"Flex","floor":15,"key":"SMITH"}],"neow_cost":"NONE","seed_source_timestamp":38179108440419,"circlet_count":0,"master_deck":["AscendersBane","Strike_R","Strike_R","Strike_R","Strike_R","Defend_R","Defend_R","Defend_R","Defend_R","Bash","Fiend Fire+1","Ghostly Armor","Clothesline+1","Flex+1","Sword Boomerang","Rage","Flex+1","Demon Form","Iron Wave","Battle Trance","Sword Boomerang","Flex+1"],"relics":["Burning Blood","Bloody Idol","Singing Bowl","Prayer Wheel","Boot","Black Star"],"potions_floor_usage":[22,22],"damage_taken":[{"damage":7,"enemies":"2 Louse","floor":1,"turns":3},{"damage":3,"enemies":"Small Slimes","floor":4,"turns":4},{"damage":21,"enemies":"Jaw Worm","floor":5,"turns":7},{"damage":3,"enemies":"Blue Slaver","floor":12,"turns":3},{"damage":31,"enemies":"Slime Boss","floor":16,"turns":8},{"damage":33,"enemies":"2 Thieves","floor":18,"turns":4},{"damage":11,"enemies":"Chosen","floor":20,"turns":5},{"damage":41,"enemies":"Shelled Parasite and Fungi","floor":22,"turns":6}],"seed_played":"-8785008418648469664","potions_obtained":[{"floor":1,"key":"SpeedPotion"},{"floor":4,"key":"GamblersBrew"},{"floor":18,"key":"Swift Potion"}],"is_trial":false,"path_per_floor":["M","?","?","M","M","R","?","R","T","R","T","M","?","$","R","B",null,"M","$","M","?","M"],"character_chosen":"IRONCLAD","items_purchased":["Flex","Boot","Battle Trance"],"campfire_rested":0,"item_purchase_floors":[14,14,19],"current_hp_per_floor":[71,71,60,63,48,48,48,48,48,48,48,51,56,56,56,31,67,42,42,37,37,0],"gold":89,"neow_bonus":"ONE_RANDOM_RARE_CARD","is_prod":false,"is_daily":false,"chose_seed":false,"campfire_upgraded":4,"win_rate":0,"timestamp":1543292186,"path_taken":["M","?","?","M","M","R","?","R","T","R","?","M","?","?","R","BOSS","M","$","M","?","M"],"build_version":"2018-11-15","purchased_purges":1,"victory":false,"max_hp_per_floor":[80,74,74,74,74,74,74,74,74,74,74,74,79,79,79,79,79,81,81,81,81,81],"card_choices":[{"not_picked":["Burning Pact","Headbutt"],"picked":"Ghostly Armor","floor":1},{"not_picked":["Flex","Bloodletting"],"picked":"Clothesline","floor":4},{"not_picked":["Thunderclap","Twin Strike"],"picked":"Flex","floor":5},{"not_picked":["Havoc","Infernal Blade"],"picked":"Sword Boomerang","floor":12},{"not_picked":["Heavy Blade","Sword Boomerang"],"picked":"Rage","floor":12},{"not_picked":["Reaper","Brutality"],"picked":"Demon Form","floor":16},{"not_picked":["Searing Blow","Sentinel","Clothesline"],"picked":"Singing Bowl","floor":18},{"not_picked":["Sever Soul","Clash"],"picked":"Iron Wave","floor":18},{"not_picked":["Body Slam","Havoc"],"picked":"Sword Boomerang","floor":20},{"not_picked":["Spot Weakness","Shrug It Off"],"picked":"Flex+1","floor":20}],"player_experience":427537,"relics_obtained":[{"floor":9,"key":"Singing Bowl"},{"floor":11,"key":"Prayer Wheel"}],"event_choices":[{"damage_healed":0,"gold_gain":0,"player_choice":"Lose Max HP","damage_taken":0,"relics_obtained":["Golden Idol"],"max_hp_gain":0,"max_hp_loss":6,"event_name":"Golden Idol","floor":2,"gold_loss":0},{"damage_healed":0,"gold_gain":75,"player_choice":"Gather Gold","damage_taken":11,"max_hp_gain":0,"max_hp_loss":0,"event_name":"World of Goop","floor":3,"gold_loss":0},{"damage_healed":0,"gold_gain":0,"player_choice":"Ignored","damage_taken":0,"max_hp_gain":0,"max_hp_loss":0,"event_name":"Liars Game","floor":7,"gold_loss":0},{"damage_healed":0,"gold_gain":0,"player_choice":"Donut","damage_taken":0,"max_hp_gain":5,"max_hp_loss":0,"event_name":"Big Fish","floor":13,"gold_loss":0},{"damage_healed":0,"gold_gain":0,"player_choice":"Gave Idol","damage_taken":0,"relics_obtained":["Bloody Idol"],"max_hp_gain":0,"max_hp_loss":0,"event_name":"Forgotten Altar","floor":21,"relics_lost":["Golden Idol"],"gold_loss":0}],"is_beta":false,"boss_relics":[{"not_picked":["Lizard Tail","Calling Bell"],"picked":"Black Star"}],"items_purged_floors":[14],"is_endless":false,"potions_floor_spawned":[1,4,18],"killed_by":"Shelled Parasite and Fungi","ascension_level":12}