{"gold_per_floor":[144,144,21,96,121,121,170,219,244,244,244,293,391,391,391,716,879,928,145,145],"floor_reached":20,"playtime":1403,"items_purged":[],"score":195,"play_id":"cd5ae964-8087-4500-96cd-7353f17e1c20","local_time":"20180915152840","daily_mods":["Brewmaster","Midas","Binary"],"is_ascension_mode":false,"campfire_choices":[{"floor":6,"key":"REST"},{"floor":10,"key":"REST"},{"floor":15,"key":"REST"}],"neow_cost":"","seed_source_timestamp":90936352775623,"circlet_count":0,"master_deck":["Defend_G","Defend_G","Defend_G","Defend_G","Defend_G","Strike_G","Strike_G","Strike_G","Strike_G","Strike_G","Survivor","Neutralize","Venomology","Venomology","Venomology","Venomology","Venomology","Infinite Blades","Injury","Deflect","Finesse","Riddle With Holes+1","Concentrate","Blade Dance+1","Quick Slash","A Thousand Cuts","Deflect","Caltrops+1","A Thousand Cuts","Bandage Up"],"special_seed":17789,"relics":["Ring of the Snake","White Beast Statue","Golden Idol","Bronze Scales","Juzu Bracelet","Orichalcum","Tiny House","Vajra","Molten Egg 2","Lee\u0027s Waffle"],"potions_floor_usage":[1,1,1,7,7,8,12,12,13,13,13,13,16,16,16,16,16,16,16,18,18,20,20,20,20,20,20],"damage_taken":[{"damage":28,"enemies":"Jaw Worm","floor":1,"turns":9},{"damage":0,"enemies":"Small Slimes","floor":7,"turns":4},{"damage":0,"enemies":"Cultist","floor":8,"turns":2},{"damage":6,"enemies":"Exordium Thugs","floor":12,"turns":3},{"damage":17,"enemies":"Gremlin Nob","floor":13,"turns":4},{"damage":33,"enemies":"Hexaghost","floor":16,"turns":10},{"damage":4,"enemies":"3 Byrds","floor":18,"turns":3},{"damage":38,"enemies":"Colosseum Slavers","floor":20,"turns":5},{"damage":56,"enemies":"Colosseum Nobs","floor":20,"turns":3}],"seed_played":"-4759966678403300837","potions_obtained":[{"floor":1,"key":"EssenceOfSteel"},{"floor":7,"key":"Strength Potion"},{"floor":8,"key":"Block Potion"},{"floor":12,"key":"Explosive Potion"},{"floor":13,"key":"EssenceOfSteel"},{"floor":16,"key":"Strength Potion"},{"floor":17,"key":"LiquidBronze"},{"floor":18,"key":"SteroidPotion"}],"is_trial":false,"path_per_floor":["M","?","$","?","T","R","M","M","T","R","?","M","E","?","R","B",null,"M","$"],"character_chosen":"THE_SILENT","items_purchased":["Deflect","Finesse","Vajra","Molten Egg 2","Lee\u0027s Waffle","A Thousand Cuts","Bandage Up"],"campfire_rested":3,"item_purchase_floors":[3,3,19,19,19,19,19],"current_hp_per_floor":[42,42,42,31,31,52,52,52,52,70,70,64,47,47,68,50,75,71,82,0],"gold":145,"neow_bonus":"","is_prod":false,"is_daily":true,"chose_seed":false,"campfire_upgraded":0,"win_rate":0,"timestamp":1537039720,"path_taken":["M","?","?","?","?","R","?","M","T","R","?","M","E","?","R","BOSS","M","$","?"],"build_version":"2018-09-06","purchased_purges":0,"victory":false,"max_hp_per_floor":[70,70,70,70,70,70,70,70,70,70,70,70,70,70,70,70,75,75,82,82],"card_choices":[{"not_picked":["Backstab"],"picked":"Infinite Blades","floor":1},{"not_picked":["Masterful Stab"],"picked":"Riddle With Holes","floor":7},{"not_picked":["Calculated Gamble"],"picked":"Concentrate","floor":8},{"not_picked":["Choke"],"picked":"Blade Dance","floor":12},{"not_picked":["PiercingWail"],"picked":"Quick Slash","floor":13},{"not_picked":["Burst"],"picked":"A Thousand Cuts","floor":16},{"not_picked":["Acrobatics"],"picked":"Deflect","floor":17},{"not_picked":["Flying Knee+1"],"picked":"Caltrops+1","floor":18}],"player_experience":118594,"relics_obtained":[{"floor":5,"key":"Bronze Scales"},{"floor":9,"key":"Juzu Bracelet"},{"floor":13,"key":"Orichalcum"}],"event_choices":[{"event_name":"Golden Idol","player_choice":"Take Wound","floor":2,"damage_taken":0},{"event_name":"World of Goop","player_choice":"Gather Gold","floor":4,"damage_taken":0},{"event_name":"Living Wall","player_choice":"Grow","floor":11,"damage_taken":0},{"event_name":"The Cleric","player_choice":"Leave","floor":14,"damage_taken":0},{"event_name":"Colosseum","player_choice":"Fight","floor":20,"damage_taken":0},{"event_name":"Colosseum","player_choice":"Fought Nobs","floor":20,"damage_taken":0}],"is_beta":false,"boss_relics":[{"not_picked":["Coffee Dripper","Black Star"],"picked":"Tiny House"}],"items_purged_floors":[],"is_endless":false,"potions_floor_spawned":[1,7,8,12,13,16,18,20],"killed_by":"Colosseum Nobs","ascension_level":0}