{"gold_per_floor":[119,119,137,312,312,347,49,61,86,106,136,194,210,227,227,331,331,349,360,360,21,21,21,36,36,36,65,65,94,45,73,73,168,218,230,230,247,45,0,0,0],"floor_reached":41,"playtime":2260,"items_purged":[],"score":623,"play_id":"5e7acae1-6716-499f-91d9-8f1e278411ce","local_time":"20190108200513","is_ascension_mode":true,"campfire_choices":[{"floor":15,"key":"REST"},{"floor":23,"key":"REST"},{"floor":28,"key":"REST"},{"floor":32,"key":"REST"},{"floor":40,"key":"REST"}],"neow_cost":"NONE","seed_source_timestamp":285937278428864,"circlet_count":0,"master_deck":["Strike_B","Strike_B","Strike_B+1","Strike_B","Defend_B","Defend_B","Defend_B","Defend_B","Zap","Dualcast","Loop","Gash","Conserve Battery","Ball Lightning","Sunder+1","Rebound","Lockon","Gash+1","Gash","Rebound","Conserve Battery","Machine Learning","Steam+1","Self Repair","Dramatic Entrance","BootSequence","Defragment","Redo+1","Coolheaded+1","Electrodynamics","Self Repair","Double Energy","Go for the Eyes","Echo Form","Loop","Hyperbeam","Hello World","Leap","Violence","Discovery","Madness","Redo+1","Double Energy","Bandage Up","Hello World","Hologram+1"],"relics":["Cracked Core","Oddly Smooth Stone","Ginger","Lee\u0027s Waffle","Regal Pillow","Orichalcum","Whetstone","Sozu","MutagenicStrength","Dream Catcher","Unceasing Top","Blue Candle","Happy Flower","Strawberry","Tiny House","Red Mask"],"potions_floor_usage":[11,11,16,24],"damage_taken":[{"damage":0,"enemies":"Small Slimes","floor":1,"turns":2},{"damage":0,"enemies":"2 Louse","floor":3,"turns":2},{"damage":44,"enemies":"Gremlin Nob","floor":6,"turns":5},{"damage":12,"enemies":"Jaw Worm","floor":8,"turns":2},{"damage":2,"enemies":"3 Louse","floor":10,"turns":3},{"damage":18,"enemies":"3 Sentries","floor":11,"turns":5},{"damage":29,"enemies":"Lagavulin Event","floor":12,"turns":5},{"damage":6,"enemies":"Blue Slaver","floor":13,"turns":3},{"damage":5,"enemies":"Looter","floor":14,"turns":2},{"damage":20,"enemies":"Hexaghost","floor":16,"turns":9},{"damage":6,"enemies":"Chosen","floor":18,"turns":4},{"damage":23,"enemies":"2 Thieves","floor":19,"turns":4},{"damage":18,"enemies":"Cultist and Chosen","floor":24,"turns":5},{"damage":46,"enemies":"Slavers","floor":27,"turns":7},{"damage":31,"enemies":"Gremlin Leader","floor":29,"turns":7},{"damage":15,"enemies":"Book of Stabbing","floor":31,"turns":4},{"damage":50,"enemies":"Collector","floor":33,"turns":8},{"damage":66,"enemies":"3 Shapes","floor":35,"turns":5},{"damage":8,"enemies":"Orb Walker","floor":37,"turns":4},{"damage":115,"enemies":"Giant Head","floor":41,"turns":8}],"seed_played":"-203195558139355404","potions_obtained":[{"floor":3,"key":"Explosive Potion"},{"floor":10,"key":"FocusPotion"},{"floor":13,"key":"Swift Potion"},{"floor":16,"key":"Weak Potion"}],"is_trial":false,"path_per_floor":["M","?","M","?","?","E","$","M","T","M","E","?","M","M","R","B",null,"M","M","?","$","?","R","M","?","T","E","R","E","$","E","R","B",null,"M","?","M","$","?","R","E"],"character_chosen":"DEFECT","items_purchased":["Lee\u0027s Waffle","Ball Lightning","Sunder","Dramatic Entrance","BootSequence","Defragment","Dream Catcher","Go for the Eyes","Double Energy","Bandage Up","Hello World"],"campfire_rested":5,"item_purchase_floors":[7,7,7,21,21,21,21,30,38,38,38],"current_hp_per_floor":[82,75,75,75,68,24,89,77,77,75,57,28,22,17,58,38,89,83,60,60,60,60,89,78,61,61,22,65,48,48,40,85,49,106,54,44,64,64,64,106,0],"gold":0,"neow_bonus":"TEN_PERCENT_HP_BONUS","is_prod":false,"is_daily":false,"chose_seed":false,"campfire_upgraded":0,"win_rate":0,"timestamp":1546995913,"path_taken":["M","?","M","?","?","E","?","M","T","M","E","?","M","M","R","BOSS","M","M","?","$","?","R","?","?","T","E","R","E","$","E","R","BOSS","M","?","M","$","?","R","E"],"build_version":"2019-01-03v4","purchased_purges":0,"victory":false,"max_hp_per_floor":[82,82,82,82,82,82,89,89,89,89,89,89,89,89,89,89,89,89,89,89,89,89,89,89,94,94,94,94,94,94,101,101,101,106,106,106,106,106,106,106,106],"card_choices":[{"not_picked":["Conserve Battery","Streamline"],"picked":"Loop","floor":1},{"not_picked":["Capacitor","Compile Driver"],"picked":"Gash","floor":3},{"not_picked":["Streamline","Cold Snap"],"picked":"Conserve Battery","floor":6},{"not_picked":["Turbo","Stack"],"picked":"Rebound","floor":8},{"not_picked":["Chill","Aggregate"],"picked":"Lockon","floor":10},{"not_picked":["Conserve Battery","Meteor Strike"],"picked":"Gash","floor":11},{"not_picked":["Steam","Streamline"],"picked":"Gash","floor":12},{"not_picked":["Steam Power","Stack"],"picked":"Rebound","floor":13},{"not_picked":["Reinforced Body","Creative AI"],"picked":"Conserve Battery","floor":14},{"not_picked":["Thunder Strike","Rainbow"],"picked":"Machine Learning","floor":16},{"not_picked":["Beam Cell","Compile Driver"],"picked":"Steam+1","floor":18},{"not_picked":["Lockon","Reprogram"],"picked":"Self Repair","floor":19},{"not_picked":["Beam Cell","Scrape"],"picked":"Redo+1","floor":23},{"not_picked":["Consume","Multi-Cast"],"picked":"Coolheaded+1","floor":24},{"not_picked":["Steam+1","Redo"],"picked":"Electrodynamics","floor":27},{"not_picked":["Cold Snap+1","Stack"],"picked":"Self Repair","floor":28},{"not_picked":["Beam Cell","Recycle"],"picked":"Double Energy","floor":29},{"not_picked":["Streamline+1","Barrage"],"picked":"Echo Form","floor":31},{"not_picked":["Barrage","Rebound"],"picked":"Loop","floor":32},{"not_picked":["Meteor Strike","Multi-Cast"],"picked":"Hyperbeam","floor":33},{"not_picked":["Static Discharge","Cold Snap"],"picked":"Hello World","floor":34},{"not_picked":["Cold Snap+1","Coolheaded+1"],"picked":"Leap","floor":35},{"not_picked":["Sadistic Nature","Flash of Steel"],"picked":"Violence","floor":36},{"not_picked":["Purity","Flash of Steel"],"picked":"Discovery","floor":36},{"not_picked":["Mayhem","Swift Strike"],"picked":"Madness","floor":36},{"not_picked":["Tempest+1","Capacitor"],"picked":"Redo+1","floor":37},{"not_picked":["Leap+1","Glacier+1"],"picked":"Hologram+1","floor":40}],"player_experience":279139,"relics_obtained":[{"floor":6,"key":"Ginger"},{"floor":9,"key":"Regal Pillow"},{"floor":11,"key":"Orichalcum"},{"floor":12,"key":"Whetstone"},{"floor":26,"key":"Unceasing Top"},{"floor":27,"key":"Blue Candle"},{"floor":29,"key":"Happy Flower"},{"floor":31,"key":"Strawberry"}],"event_choices":[{"damage_healed":0,"gold_gain":0,"player_choice":"Success","damage_taken":7,"relics_obtained":["Oddly Smooth Stone"],"max_hp_gain":0,"max_hp_loss":0,"event_name":"Scrap Ooze","floor":2,"gold_loss":0},{"damage_healed":0,"gold_gain":175,"player_choice":"AGREE","damage_taken":0,"max_hp_gain":0,"max_hp_loss":0,"event_name":"Liars Game","floor":4,"gold_loss":0,"cards_obtained":["Doubt"]},{"cards_removed":["Doubt"],"damage_healed":0,"gold_gain":0,"player_choice":"Card Removal","damage_taken":7,"max_hp_gain":0,"max_hp_loss":0,"event_name":"Golden Wing","floor":5,"gold_loss":0},{"damage_healed":0,"gold_gain":30,"player_choice":"Searched \u00272\u0027 times","damage_taken":0,"max_hp_gain":0,"max_hp_loss":0,"event_name":"Dead Adventurer","floor":12,"gold_loss":0},{"damage_healed":0,"gold_gain":0,"player_choice":"Inject Mutagens","damage_taken":0,"relics_obtained":["MutagenicStrength"],"max_hp_gain":0,"max_hp_loss":0,"event_name":"Drug Dealer","floor":20,"gold_loss":0},{"damage_healed":0,"gold_gain":0,"player_choice":"Got Potions","damage_taken":0,"max_hp_gain":0,"max_hp_loss":0,"event_name":"Lab","floor":22,"gold_loss":0},{"damage_healed":0,"gold_gain":0,"player_choice":"Shed Blood","damage_taken":22,"max_hp_gain":5,"max_hp_loss":0,"event_name":"Forgotten Altar","floor":25,"gold_loss":0},{"damage_healed":0,"gold_gain":0,"player_choice":"Memory 3","damage_taken":10,"max_hp_gain":0,"max_hp_loss":0,"event_name":"SensoryStone","floor":36,"gold_loss":0},{"damage_healed":0,"gold_gain":0,"player_choice":"Paid","damage_taken":0,"relics_obtained":["Red Mask"],"max_hp_gain":0,"max_hp_loss":0,"event_name":"Tomb of Lord Red Mask","floor":39,"gold_loss":45}],"is_beta":false,"boss_relics":[{"not_picked":["Busted Crown","FrozenCore"],"picked":"Sozu"},{"not_picked":["Nuclear Battery","Pandora\u0027s Box"],"picked":"Tiny House"}],"items_purged_floors":[],"is_endless":false,"potions_floor_spawned":[3,10,13,16,18,24,27,29,33,37],"killed_by":"Giant Head","ascension_level":4}