{"gold_per_floor":[116,134,7,7,7,37,37,64,64,64,64,35,48,48,48,152,152,162,162,175,175,175],"floor_reached":22,"playtime":896,"items_purged":["Regret"],"score":304,"play_id":"44d1967a-d177-4318-b5ed-4b05c754d53a","local_time":"20190321232238","is_ascension_mode":true,"campfire_choices":[{"floor":7.0,"key":"REST"},{"floor":11.0,"key":"REST"},{"floor":15.0,"key":"REST"}],"neow_cost":"CURSE","seed_source_timestamp":713619411953463,"circlet_count":0,"master_deck":["AscendersBane","Defend_G","Defend_G","Defend_G","Defend_G","Defend_G","Strike_G","Strike_G","Strike_G","Strike_G+1","Strike_G","Survivor","Neutralize","Malaise","Blade Dance+1","Dagger Spray","Dash","Deadly Poison","Noxious Fumes","Glass Knife","Decay","Leg Sweep"],"special_seed":0,"relics":["Ring of the Snake","Paper Crane","PreservedInsect","Juzu Bracelet","Black Star","Art of War"],"potions_floor_usage":[],"damage_taken":[{"damage":2.0,"enemies":"Cultist","floor":1.0,"turns":5.0},{"damage":3.0,"enemies":"Jaw Worm","floor":2.0,"turns":5.0},{"damage":22.0,"enemies":"3 Sentries","floor":6.0,"turns":7.0},{"damage":43.0,"enemies":"Lagavulin","floor":8.0,"turns":8.0},{"damage":3.0,"enemies":"2 Louse","floor":13.0,"turns":4.0},{"damage":17.0,"enemies":"The Guardian","floor":16.0,"turns":11.0},{"damage":5.0,"enemies":"Chosen","floor":18.0,"turns":7.0},{"damage":18.0,"enemies":"Spheric Guardian","floor":20.0,"turns":6.0},{"damage":38,"enemies":"Colosseum Slavers","floor":22,"turns":3}],"seed_played":"-3639814934327632953","potions_obtained":[{"floor":6.0,"key":"Strength Potion"},{"floor":16.0,"key":"PowerPotion"}],"is_trial":false,"path_per_floor":["M","M","$","?","$","E","R","E","T","$","R","?","M","?","R","B",null,"M","?","M","?","?"],"character_chosen":"THE_SILENT","items_purchased":["Strength Potion"],"campfire_rested":3,"item_purchase_floors":[3],"current_hp_per_floor":[61,58,58,58,58,36,57,14,14,14,35,35,32,18,39,22,58,53,53,35,35,0],"gold":175,"neow_bonus":"THREE_RARE_CARDS","is_prod":false,"is_daily":false,"chose_seed":false,"campfire_upgraded":0,"win_rate":0,"timestamp":1553224958,"path_taken":["M","M","$","?","?","E","R","E","T","$","R","?","M","?","R","BOSS","M","?","M","?","?"],"build_version":"2019-01-23","purchased_purges":1,"victory":false,"max_hp_per_floor":[70,70,70,70,70,70,70,70,70,70,70,70,70,70,70,70,70,70,70,70,70,70],"card_choices":[{"not_picked":["Doppelganger","Corpse Explosion"],"picked":"Malaise","floor":0.0},{"not_picked":["Backflip","Sucker Punch"],"picked":"Blade Dance","floor":1.0},{"not_picked":["Dodge and Roll","Expertise"],"picked":"Dagger Spray","floor":2.0},{"not_picked":["Wraith Form v2","Slice"],"picked":"Dash","floor":6.0},{"not_picked":["Dagger Spray","Eviscerate"],"picked":"Deadly Poison","floor":8.0},{"not_picked":["Underhanded Strike","Bane"],"picked":"Noxious Fumes","floor":13.0},{"not_picked":["Tools of the Trade","Wraith Form v2"],"picked":"Glass Knife","floor":16.0},{"not_picked":["Deflect","Blade Dance","Dodge and Roll"],"picked":"SKIP","floor":18.0},{"not_picked":["Backflip","Bouncing Flask+1"],"picked":"Leg Sweep","floor":20.0}],"player_experience":231435,"relics_obtained":[{"floor":6.0,"key":"Paper Crane"},{"floor":8.0,"key":"PreservedInsect"},{"floor":9.0,"key":"Juzu Bracelet"}],"event_choices":[{"damage_healed":0.0,"max_hp_gain":0.0,"max_hp_loss":0.0,"gold_gain":0.0,"event_name":"The Cleric","player_choice":"Leave","floor":4.0,"gold_loss":0.0,"damage_taken":0.0},{"damage_healed":0.0,"max_hp_gain":0.0,"max_hp_loss":0.0,"gold_gain":0.0,"event_name":"World of Goop","player_choice":"Left Gold","floor":12.0,"gold_loss":29.0,"damage_taken":0.0},{"damage_healed":0.0,"max_hp_gain":0.0,"max_hp_loss":0.0,"gold_gain":0.0,"event_name":"Shining Light","player_choice":"Entered Light","floor":14.0,"gold_loss":0.0,"damage_taken":14.0,"cards_upgraded":["Strike_G","Blade Dance"]},{"damage_healed":0.0,"max_hp_gain":0.0,"max_hp_loss":0.0,"gold_gain":0.0,"event_name":"Forgotten Altar","player_choice":"Smashed Altar","floor":19.0,"gold_loss":0.0,"damage_taken":0.0,"cards_obtained":["Decay"]},{"damage_healed":0.0,"max_hp_gain":0.0,"max_hp_loss":0.0,"gold_gain":0.0,"event_name":"The Mausoleum","player_choice":"Opened","floor":21.0,"gold_loss":0.0,"damage_taken":0.0,"relics_obtained":["Art of War"]},{"damage_healed":0,"gold_gain":0,"player_choice":"Fight","damage_taken":0,"max_hp_gain":0,"max_hp_loss":0,"event_name":"Colosseum","floor":22,"gold_loss":0}],"is_beta":false,"boss_relics":[{"not_picked":["Ectoplasm","Empty Cage"],"picked":"Black Star"}],"items_purged_floors":[3],"is_endless":false,"potions_floor_spawned":[6,16],"killed_by":"Colosseum Slavers","ascension_level":12}