{"gold_per_floor":[210,210,17,33,33,73,148,171,171,171,192,233,233,271,271,396,396,412,412,91,141,162,162,230,251,277,300,300,300,57,57,57,57],"floor_reached":33,"playtime":1327,"items_purged":["Regret","Shame"],"score":351,"play_id":"53f35866-3e70-4376-9df4-685c327d2596","local_time":"20181204221309","is_ascension_mode":true,"campfire_choices":[{"floor":10,"key":"REST"},{"floor":15,"key":"REST"},{"floor":23,"key":"REST"},{"floor":29,"key":"REST"},{"data":"Buffer","floor":32,"key":"SMITH"}],"neow_cost":"NONE","seed_source_timestamp":5715062829515897,"circlet_count":0,"master_deck":["Strike_B","Strike_B","Strike_B","Strike_B","Defend_B","Defend_B","Defend_B","Defend_B","Zap","Dualcast","Streamline","Loop","Beam Cell","Injury","FTL","Reinforced Body","Conserve Battery","Blizzard","Static Discharge","Buffer+1","White Noise+1","Compile Driver","Redo+1","Self Repair","Genetic Algorithm","RitualDagger"],"relics":["Cracked Core","Gambling Chip","Regal Pillow","Golden Idol","Anchor","Matryoshka","Orichalcum","Pantograph","Runic Pyramid","Kunai","Sundial","Tiny Chest","Dodecahedron","Art of War","MutagenicStrength","Dream Catcher"],"potions_floor_usage":[14,16,16,33,33],"damage_taken":[{"damage":0,"enemies":"2 Louse","floor":1,"turns":1},{"damage":11,"enemies":"Jaw Worm","floor":4,"turns":4},{"damage":25,"enemies":"Lagavulin","floor":6,"turns":5},{"damage":2,"enemies":"Small Slimes","floor":8,"turns":2},{"damage":0,"enemies":"2 Fungi Beasts","floor":11,"turns":2},{"damage":23,"enemies":"3 Sentries","floor":12,"turns":8},{"damage":20,"enemies":"Gremlin Nob","floor":14,"turns":4},{"damage":60,"enemies":"The Guardian","floor":16,"turns":12},{"damage":22,"enemies":"Spheric Guardian","floor":18,"turns":6},{"damage":12,"enemies":"Shell Parasite","floor":22,"turns":6},{"damage":46,"enemies":"Slavers","floor":24,"turns":5},{"damage":0,"enemies":"Snecko","floor":25,"turns":5},{"damage":3,"enemies":"Cultist and Chosen","floor":27,"turns":5},{"damage":100,"enemies":"Automaton","floor":33,"turns":12}],"seed_played":"5784249707016931572","potions_obtained":[{"floor":8,"key":"Weak Potion"},{"floor":11,"key":"FearPotion"},{"floor":14,"key":"Ancient Potion"},{"floor":24,"key":"Weak Potion"},{"floor":25,"key":"Ancient Potion"}],"is_trial":false,"path_per_floor":["M","?","$","M","?","E","?","M","T","R","M","E","?","E","R","B",null,"M","?","$","?","M","R","E","M","T","M","?","R","$","?","R","B"],"character_chosen":"DEFECT","items_purchased":["Regal Pillow","Loop","Sundial","Dream Catcher"],"campfire_rested":4,"item_purchase_floors":[3,3,20,30],"current_hp_per_floor":[75,75,75,64,64,39,28,26,26,63,63,40,40,20,57,15,60,38,38,38,38,26,63,17,17,17,21,21,58,58,52,52,0],"gold":57,"neow_bonus":"HUNDRED_GOLD","is_prod":false,"is_daily":false,"chose_seed":false,"campfire_upgraded":1,"win_rate":0,"timestamp":1543979589,"path_taken":["M","?","$","M","?","E","?","M","T","R","M","E","?","E","R","BOSS","M","?","$","?","?","R","E","M","T","M","?","R","$","?","R","BOSS"],"build_version":"2018-11-15","purchased_purges":2,"victory":false,"max_hp_per_floor":[75,75,75,75,75,75,75,75,75,75,75,75,75,75,75,75,75,75,75,75,75,75,75,75,75,75,75,75,75,75,75,75,75],"card_choices":[{"not_picked":["Stack","Sweeping Beam"],"picked":"Streamline","floor":1},{"not_picked":["Sweeping Beam","Capacitor"],"picked":"Beam Cell","floor":4},{"not_picked":["Hologram","Loop"],"picked":"FTL","floor":6},{"not_picked":["Steam","Undo"],"picked":"Reinforced Body","floor":8},{"not_picked":["Hologram","Cold Snap"],"picked":"Conserve Battery","floor":11},{"not_picked":["Turbo","Barrage"],"picked":"Undo","floor":12},{"not_picked":["Capacitor","Cold Snap"],"picked":"Static Discharge","floor":14},{"not_picked":["All For One","Seek"],"picked":"Buffer","floor":16},{"not_picked":["Consume","Rebound"],"picked":"White Noise+1","floor":18},{"not_picked":["Chill","Streamline"],"picked":"Compile Driver","floor":22},{"not_picked":["Conserve Battery","Lockon"],"picked":"Redo+1","floor":24},{"not_picked":["Storm","Sweeping Beam"],"picked":"Self Repair","floor":25},{"not_picked":["Force Field+1","Ball Lightning"],"picked":"Genetic Algorithm","floor":27}],"player_experience":244501,"relics_obtained":[{"floor":6,"key":"Anchor"},{"floor":9,"key":"Matryoshka"},{"floor":12,"key":"Orichalcum"},{"floor":14,"key":"Pantograph"},{"floor":24,"key":"Tiny Chest"},{"floor":26,"key":"Dodecahedron"},{"floor":26,"key":"Art of War"}],"event_choices":[{"damage_healed":0,"gold_gain":0,"player_choice":"Box","damage_taken":0,"relics_obtained":["Gambling Chip"],"max_hp_gain":0,"max_hp_loss":0,"event_name":"Big Fish","floor":2,"gold_loss":0,"cards_obtained":["Regret"]},{"damage_healed":0,"gold_gain":0,"player_choice":"Take Wound","damage_taken":0,"relics_obtained":["Golden Idol"],"max_hp_gain":0,"max_hp_loss":0,"event_name":"Golden Idol","floor":5,"gold_loss":0,"cards_obtained":["Injury"]},{"damage_healed":0,"gold_gain":75,"player_choice":"Gather Gold","damage_taken":11,"max_hp_gain":0,"max_hp_loss":0,"event_name":"World of Goop","floor":7,"gold_loss":0},{"damage_healed":0,"gold_gain":0,"cards_transformed":["Undo"],"player_choice":"Change","damage_taken":0,"max_hp_gain":0,"max_hp_loss":0,"event_name":"Living Wall","floor":13,"gold_loss":0,"cards_obtained":["Blizzard"]},{"damage_healed":0,"gold_gain":0,"player_choice":"Stole Relic","damage_taken":0,"relics_obtained":["Kunai"],"max_hp_gain":0,"max_hp_loss":0,"event_name":"Addict","floor":19,"gold_loss":0,"cards_obtained":["Shame"]},{"damage_healed":0,"gold_gain":100,"player_choice":"Bet on Murderer","damage_taken":0,"max_hp_gain":0,"max_hp_loss":0,"event_name":"The Joust","floor":21,"gold_loss":50},{"damage_healed":0,"gold_gain":0,"player_choice":"Inject Mutagens","damage_taken":0,"relics_obtained":["MutagenicStrength"],"max_hp_gain":0,"max_hp_loss":0,"event_name":"Drug Dealer","floor":28,"gold_loss":0},{"damage_healed":0,"gold_gain":0,"player_choice":"Joined the Cult","damage_taken":6,"max_hp_gain":0,"max_hp_loss":0,"event_name":"Nest","floor":31,"gold_loss":0,"cards_obtained":["RitualDagger"]}],"is_beta":false,"boss_relics":[{"not_picked":["Ectoplasm","Nuclear Battery"],"picked":"Runic Pyramid"}],"items_purged_floors":[20,30],"is_endless":false,"potions_floor_spawned":[8,11,14,24,25],"killed_by":"Automaton","ascension_level":5}