{"gold_per_floor":[217,54,54,65,85,85,114,114,114,114,114,114,134,163,163,267,267,286,199,209,225,260,260,291,291,314,314,99,109,109,124,124,220,220,231,231,231,248,266,294,294,294],"floor_reached":42,"playtime":2956,"items_purged":["Writhe"],"score":590,"play_id":"23b41b38-d249-452c-b5a0-9c61c21c7da5","local_time":"20181226171102","is_ascension_mode":true,"campfire_choices":[{"data":"Armaments","floor":6,"key":"SMITH"},{"floor":12,"key":"DIG"},{"floor":15,"key":"DIG"},{"floor":23,"key":"REST"},{"floor":30,"key":"DIG"},{"floor":32,"key":"DIG"}],"neow_cost":"NONE","seed_source_timestamp":359979469180253,"circlet_count":0,"master_deck":["Strike_R","Strike_R","Strike_R+1","Strike_R","Strike_R","Defend_R","Defend_R","Defend_R","Defend_R","Bash","Iron Wave","Flame Barrier","Bandage Up","Armaments+1","Feel No Pain","Spot Weakness","Clothesline","Dual Wield+1","Offering","True Grit","Spot Weakness","Uppercut+1","Uppercut+1","Shrug It Off","Burning Pact","Parasite","Panacea","Flex+1","Ghostly Armor","Whirlwind+1","Exhume","Ghostly Armor+1","Rupture+1"],"relics":["Burning Blood","Incense Burner","Shovel","Pocketwatch","Dead Branch","Champion Belt","Cursed Key","Red Mask","Self Forming Clay","Bag of Marbles","Whetstone","Pear","War Paint","Snecko Eye","Juzu Bracelet"],"potions_floor_usage":[14,18,20,22,22,39,42,42],"damage_taken":[{"damage":7,"enemies":"Small Slimes","floor":1,"turns":4},{"damage":6,"enemies":"2 Louse","floor":4,"turns":3},{"damage":5,"enemies":"Cultist","floor":5,"turns":5},{"damage":37,"enemies":"Lagavulin","floor":7,"turns":10},{"damage":1,"enemies":"Blue Slaver","floor":13,"turns":4},{"damage":10,"enemies":"3 Sentries","floor":14,"turns":11},{"damage":56,"enemies":"Hexaghost","floor":16,"turns":11},{"damage":25,"enemies":"2 Thieves","floor":18,"turns":4},{"damage":15,"enemies":"3 Byrds","floor":20,"turns":5},{"damage":32,"enemies":"3 Cultists","floor":21,"turns":6},{"damage":1,"enemies":"Masked Bandits","floor":22,"turns":3},{"damage":36,"enemies":"Slavers","floor":24,"turns":7},{"damage":8,"enemies":"Snecko","floor":29,"turns":5},{"damage":15,"enemies":"Shelled Parasite and Fungi","floor":31,"turns":3},{"damage":17,"enemies":"Collector","floor":33,"turns":6},{"damage":1,"enemies":"Orb Walker","floor":35,"turns":3},{"damage":10,"enemies":"3 Shapes","floor":38,"turns":5},{"damage":14,"enemies":"3 Darklings","floor":39,"turns":2},{"damage":87,"enemies":"Giant Head","floor":40,"turns":9},{"damage":28,"enemies":"Reptomancer","floor":42,"turns":2}],"seed_played":"-1508359727249677938","potions_obtained":[{"floor":4,"key":"Strength Potion"},{"floor":7,"key":"Strength Potion"},{"floor":16,"key":"PowerPotion"},{"floor":20,"key":"BloodPotion"},{"floor":21,"key":"AttackPotion"},{"floor":22,"key":"FairyPotion"},{"floor":29,"key":"Explosive Potion"},{"floor":40,"key":"Dexterity Potion"}],"is_trial":false,"path_per_floor":["M","$","?","M","M","R","E","?","T","?","?","R","M","E","R","B",null,"M","$","M","M","?","R","E","?","T","?","$","M","R","M","R","B",null,"M","?","?","M","M","E","?","E"],"character_chosen":"IRONCLAD","items_purchased":["Flame Barrier","Bandage Up","PowerPotion","Spot Weakness","Panacea","Flex"],"campfire_rested":1,"item_purchase_floors":[2,2,19,19,28,28],"current_hp_per_floor":[71,71,76,80,85,85,60,60,60,81,81,81,82,82,82,38,71,56,56,51,29,38,62,36,36,36,63,63,65,75,66,66,59,84,89,89,89,92,84,7,7,0],"gold":294,"neow_bonus":"HUNDRED_GOLD","is_prod":false,"is_daily":false,"chose_seed":false,"campfire_upgraded":1,"win_rate":0,"timestamp":1545873062,"path_taken":["M","$","?","M","M","R","E","?","T","?","?","R","M","E","R","BOSS","M","$","M","M","?","R","E","?","T","?","?","?","R","M","R","BOSS","M","?","?","M","?","E","?","E"],"build_version":"2018-12-20","purchased_purges":1,"victory":false,"max_hp_per_floor":[80,80,85,85,85,85,85,85,85,85,82,82,82,82,82,82,82,82,82,82,82,82,82,82,82,82,82,82,82,92,92,92,92,92,92,92,92,92,92,92,92,92],"card_choices":[{"not_picked":["Havoc","Body Slam"],"picked":"Iron Wave","floor":1},{"not_picked":["Perfected Strike","Shrug It Off"],"picked":"Armaments","floor":4},{"not_picked":["Fire Breathing","Flex"],"picked":"Feel No Pain","floor":5},{"not_picked":["Carnage","Dark Embrace"],"picked":"Spot Weakness","floor":7},{"not_picked":["Sword Boomerang","Anger"],"picked":"Clothesline","floor":13},{"not_picked":["Wild Strike","Anger"],"picked":"Dual Wield","floor":14},{"not_picked":["Barricade","Feed"],"picked":"Offering","floor":16},{"not_picked":["Twin Strike","Armaments+1"],"picked":"True Grit","floor":18},{"not_picked":["Clash","Shrug It Off"],"picked":"Uppercut+1","floor":20},{"not_picked":["Feel No Pain","Cleave+1"],"picked":"Uppercut","floor":21},{"not_picked":["Uppercut+1","Twin Strike+1"],"picked":"Shrug It Off","floor":22},{"not_picked":["Pommel Strike","Ghostly Armor"],"picked":"Burning Pact","floor":24},{"not_picked":["Flex","Bloodletting"],"picked":"Ghostly Armor","floor":29},{"not_picked":["Whirlwind+1","Armaments+1","Anger+1"],"picked":"SKIP","floor":31},{"not_picked":["Armaments+1","Anger+1"],"picked":"Whirlwind+1","floor":31},{"not_picked":["Dark Embrace","Berserk"],"picked":"Exhume","floor":33},{"not_picked":["Rupture","Thunderclap","Heavy Blade"],"picked":"SKIP","floor":35},{"not_picked":["Clash","Iron Wave+1"],"picked":"Ghostly Armor+1","floor":38},{"not_picked":["Power Through","Battle Trance"],"picked":"Rupture+1","floor":39},{"not_picked":["Twin Strike+1","Uppercut","Pommel Strike+1"],"picked":"SKIP","floor":40}],"player_experience":125201,"relics_obtained":[{"floor":7,"key":"Incense Burner"},{"floor":9,"key":"Shovel"},{"floor":12,"key":"Pocketwatch"},{"floor":14,"key":"Dead Branch"},{"floor":15,"key":"Champion Belt"},{"floor":22,"key":"Red Mask"},{"floor":24,"key":"Self Forming Clay"},{"floor":26,"key":"Whetstone"},{"floor":30,"key":"Pear"},{"floor":32,"key":"War Paint"},{"floor":40,"key":"Juzu Bracelet"}],"event_choices":[{"damage_healed":0,"gold_gain":0,"player_choice":"Donut","damage_taken":0,"max_hp_gain":5,"max_hp_loss":0,"event_name":"Big Fish","floor":3,"gold_loss":0},{"damage_healed":0,"gold_gain":0,"player_choice":"Ignored","damage_taken":0,"max_hp_gain":0,"max_hp_loss":0,"event_name":"Liars Game","floor":8,"gold_loss":0},{"damage_healed":21,"gold_gain":0,"player_choice":"Healed and dodged fight","damage_taken":0,"max_hp_gain":0,"max_hp_loss":0,"event_name":"Mushrooms","floor":10,"gold_loss":0,"cards_obtained":["Parasite"]},{"cards_removed":["Parasite"],"damage_healed":0,"gold_gain":0,"player_choice":"Purged","damage_taken":0,"max_hp_gain":0,"max_hp_loss":0,"event_name":"Purifier","floor":11,"gold_loss":0},{"damage_healed":0,"gold_gain":0,"player_choice":"Fought Bandits","damage_taken":0,"max_hp_gain":0,"max_hp_loss":0,"event_name":"Masked Bandits","floor":22,"gold_loss":0},{"damage_healed":0,"gold_gain":0,"player_choice":"Opened","damage_taken":0,"relics_obtained":["Bag of Marbles"],"max_hp_gain":0,"max_hp_loss":0,"event_name":"The Mausoleum","floor":25,"gold_loss":0,"cards_obtained":["Writhe"]},{"damage_healed":27,"gold_gain":0,"player_choice":"Heal","damage_taken":0,"max_hp_gain":0,"max_hp_loss":0,"event_name":"The Library","floor":27,"gold_loss":0},{"damage_healed":0,"gold_gain":0,"player_choice":"Ignored","damage_taken":0,"max_hp_gain":0,"max_hp_loss":0,"event_name":"Mysterious Sphere","floor":36,"gold_loss":0},{"damage_healed":0,"gold_gain":0,"player_choice":"Bought 0 Potions","damage_taken":0,"max_hp_gain":0,"max_hp_loss":0,"event_name":"The Woman in Blue","floor":37,"gold_loss":0},{"damage_healed":0,"gold_gain":0,"player_choice":"0 cards matched","damage_taken":0,"max_hp_gain":0,"max_hp_loss":0,"event_name":"Match and Keep!","floor":41,"gold_loss":0,"cards_obtained":[]}],"is_beta":false,"boss_relics":[{"not_picked":["Eternal Feather","Runic Dome"],"picked":"Cursed Key"},{"not_picked":["Astrolabe","White Beast Statue"],"picked":"Snecko Eye"}],"items_purged_floors":[28],"is_endless":false,"potions_floor_spawned":[4,7,16,20,21,22,29,40],"killed_by":"Reptomancer","ascension_level":6}