{"gold_per_floor":[111,36,54,73,86,86,116,116,116,130,147,147,19,31,31,109,109,122,156,156,179,189,189,19,50,50,69,69,84,100,50,50,50],"floor_reached":33,"playtime":1646,"items_purged":["Gash"],"score":484,"play_id":"47d3565c-d613-4f0f-9bfe-479f58a0d20e","local_time":"20181221041526","is_ascension_mode":true,"campfire_choices":[{"data":"Dualcast","floor":6,"key":"SMITH"},{"floor":8,"key":"REST"},{"floor":12,"key":"REST"},{"data":"Go for the Eyes","floor":15,"key":"SMITH"},{"floor":23,"key":"REST"},{"floor":28,"key":"REST"},{"floor":32,"key":"REST"}],"neow_cost":"NONE","seed_source_timestamp":38694513659940,"circlet_count":0,"master_deck":["AscendersBane","Defend_B","Defend_B","Defend_B","Defend_B","Zap+1","Dualcast+1","Go for the Eyes+1","Chill","Ball Lightning","Ball Lightning","BootSequence","Capacitor","Genetic Algorithm","Electrodynamics","Barrage+1","Darkness+1","Creative AI+1","Leap+1","Leap+1","Redo","Undo","Coolheaded"],"relics":["Cracked Core","Emotion Chip","The Courier","Lantern","Astrolabe","Red Mask","Smiling Mask","Runic Capacitor","Cables","Gremlin Horn"],"potions_floor_usage":[10,16,29,33],"damage_taken":[{"damage":0,"enemies":"Cultist","floor":1,"turns":3},{"damage":0,"enemies":"Small Slimes","floor":3,"turns":3},{"damage":5,"enemies":"Jaw Worm","floor":4,"turns":3},{"damage":8,"enemies":"Blue Slaver","floor":5,"turns":3},{"damage":26,"enemies":"Gremlin Nob","floor":7,"turns":4},{"damage":27,"enemies":"Gremlin Gang","floor":10,"turns":5},{"damage":3,"enemies":"Large Slime","floor":11,"turns":5},{"damage":2,"enemies":"Exordium Wildlife","floor":14,"turns":3},{"damage":5,"enemies":"Slime Boss","floor":16,"turns":8},{"damage":22,"enemies":"Spheric Guardian","floor":18,"turns":4},{"damage":23,"enemies":"Masked Bandits","floor":19,"turns":4},{"damage":1,"enemies":"Chosen","floor":22,"turns":4},{"damage":18,"enemies":"Gremlin Leader","floor":25,"turns":6},{"damage":7,"enemies":"Centurion and Healer","floor":27,"turns":5},{"damage":19,"enemies":"Sentry and Sphere","floor":29,"turns":4},{"damage":0,"enemies":"Cultist and Chosen","floor":30,"turns":6},{"damage":61,"enemies":"Automaton","floor":33,"turns":8}],"seed_played":"-1623129157373862448","potions_obtained":[{"floor":3,"key":"Poison Potion"},{"floor":4,"key":"FocusPotion"},{"floor":5,"key":"PowerPotion"},{"floor":14,"key":"FearPotion"},{"floor":16,"key":"Poison Potion"},{"floor":25,"key":"Energy Potion"},{"floor":27,"key":"SmokeBomb"},{"floor":29,"key":"Weak Potion"}],"is_trial":false,"path_per_floor":["M","?","M","M","M","R","E","R","T","M","M","R","$","M","R","B",null,"M","?","?","T","M","R","$","E","T","M","R","M","M","$","R","B"],"character_chosen":"DEFECT","items_purchased":["Lantern","Runic Capacitor"],"campfire_rested":5,"item_purchase_floors":[13,24],"current_hp_per_floor":[64,64,64,59,51,51,25,46,46,19,16,37,37,35,35,30,61,39,16,30,30,29,50,50,32,32,25,46,27,27,27,48,0],"gold":50,"neow_bonus":"UPGRADE_CARD","is_prod":false,"is_daily":false,"chose_seed":false,"campfire_upgraded":2,"win_rate":0,"timestamp":1545376526,"path_taken":["M","?","M","M","M","R","E","R","T","M","M","R","$","M","R","BOSS","M","?","?","?","M","R","$","E","T","?","R","M","M","$","R","BOSS"],"build_version":"2018-12-20","purchased_purges":1,"victory":false,"max_hp_per_floor":[71,71,71,71,71,71,71,71,71,71,71,71,71,71,71,71,71,71,71,71,71,71,71,71,71,71,71,71,71,71,71,71,71],"card_choices":[{"not_picked":["Lockon","BootSequence"],"picked":"Go for the Eyes","floor":1},{"not_picked":["Capacitor","Skim"],"picked":"Chill","floor":3},{"not_picked":["Barrage","Consume"],"picked":"Ball Lightning","floor":4},{"not_picked":["Sweeping Beam","Beam Cell"],"picked":"Ball Lightning","floor":5},{"not_picked":["Go for the Eyes","Beam Cell"],"picked":"BootSequence","floor":7},{"not_picked":["Rebound","Genetic Algorithm"],"picked":"Capacitor","floor":10},{"not_picked":["Sunder","Hologram"],"picked":"Genetic Algorithm","floor":11},{"not_picked":["Go for the Eyes","Blizzard"],"picked":"Gash","floor":14},{"not_picked":["Fission","Thunder Strike"],"picked":"Electrodynamics","floor":16},{"not_picked":["Ball Lightning","Reprogram"],"picked":"Leap+1","floor":18},{"not_picked":["Double Energy","Ball Lightning"],"picked":"Leap+1","floor":19},{"not_picked":["Streamline","Leap"],"picked":"Redo","floor":22},{"not_picked":["Machine Learning","Compile Driver"],"picked":"Undo","floor":25},{"not_picked":["Conserve Battery","Steam","Hologram"],"picked":"SKIP","floor":27},{"not_picked":["Redo+1","Turbo"],"picked":"Coolheaded","floor":29},{"not_picked":["Heatsinks","Skim","Leap+1"],"picked":"SKIP","floor":30}],"player_experience":580481,"relics_obtained":[{"floor":7,"key":"Emotion Chip"},{"floor":9,"key":"The Courier"},{"floor":19,"key":"Red Mask"},{"floor":21,"key":"Smiling Mask"},{"floor":25,"key":"Cables"},{"floor":26,"key":"Gremlin Horn"}],"event_choices":[{"cards_removed":["Strike_B"],"damage_healed":0,"gold_gain":0,"player_choice":"Card Removal","damage_taken":0,"max_hp_gain":0,"max_hp_loss":0,"event_name":"The Cleric","floor":2,"gold_loss":75},{"damage_healed":0,"gold_gain":0,"player_choice":"Fought Bandits","damage_taken":0,"max_hp_gain":0,"max_hp_loss":0,"event_name":"Masked Bandits","floor":19,"gold_loss":0},{"damage_healed":14,"gold_gain":0,"player_choice":"Heal","damage_taken":0,"max_hp_gain":0,"max_hp_loss":0,"event_name":"The Library","floor":20,"gold_loss":0}],"is_beta":false,"boss_relics":[{"not_picked":["Tiny House","White Beast Statue"],"picked":"Astrolabe"}],"items_purged_floors":[31],"is_endless":false,"potions_floor_spawned":[3,4,5,14,16,19,25,27,29,30],"killed_by":"Automaton","ascension_level":16}