{"gold_per_floor":[110,110,124,124,144,144,167,167,167,185,210,210,235,81,81,206,206,227,251,251,265,190,190,214,245,270,270,286,42,42,66,66,189,189,214,239,314,329,97,97,111,145,145,145,169,212,34,59,59,59],"floor_reached":51,"playtime":3388,"items_purged":["Strike_G","Strike_G","Strike_G"],"score":1001,"play_id":"609312ad-91d4-414f-bbab-4fb5e6da640d","local_time":"20181106235951","is_ascension_mode":true,"campfire_choices":[{"data":"Bouncing Flask","floor":6,"key":"SMITH"},{"data":"Deadly Poison","floor":8,"key":"SMITH"},{"data":"Well Laid Plans","floor":12,"key":"SMITH"},{"data":"Adrenaline","floor":15,"key":"SMITH"},{"floor":23,"key":"REST"},{"floor":32,"key":"REST"},{"data":"Catalyst","floor":40,"key":"SMITH"},{"data":"Leg Sweep","floor":44,"key":"SMITH"},{"floor":49,"key":"REST"}],"neow_cost":"NONE","seed_source_timestamp":21221587546674,"circlet_count":0,"master_deck":["Defend_G","Defend_G","Defend_G","Defend_G","Survivor","Neutralize","Well Laid Plans+1","Backstab","Deadly Poison+1","Bouncing Flask+1","Prepared","Poisoned Stab","Adrenaline+1","Backflip","Leg Sweep+1","Burst","Leg Sweep","Calculated Gamble","Catalyst+1","Escape Plan","Deflect+1","Blur","Poisoned Stab","Backflip"],"relics":["Ring of the Snake","Golden Idol","Matryoshka","Busted Crown","Enchiridion","Shuriken","Ninja Scroll","Omamori","Orrery","Snake Skull","Bottled Tornado","Bronze Scales","Oddly Smooth Stone","Mummified Hand"],"potions_floor_usage":[10,25,25,33,33,33,42,45,50],"damage_taken":[{"damage":14,"enemies":"Jaw Worm","floor":1,"turns":4},{"damage":0,"enemies":"Cultist","floor":3,"turns":4},{"damage":1,"enemies":"Small Slimes","floor":5,"turns":3},{"damage":4,"enemies":"2 Fungi Beasts","floor":7,"turns":3},{"damage":0,"enemies":"Large Slime","floor":10,"turns":6},{"damage":2,"enemies":"Exordium Wildlife","floor":11,"turns":5},{"damage":4,"enemies":"Red Slaver","floor":13,"turns":3},{"damage":6,"enemies":"The Guardian","floor":16,"turns":7},{"damage":1,"enemies":"3 Byrds","floor":18,"turns":5},{"damage":0,"enemies":"Chosen","floor":19,"turns":4},{"damage":2,"enemies":"Snecko","floor":21,"turns":5},{"damage":0,"enemies":"Snake Plant","floor":24,"turns":3},{"damage":23,"enemies":"Gremlin Leader","floor":25,"turns":8},{"damage":0,"enemies":"Centurion and Healer","floor":28,"turns":6},{"damage":7,"enemies":"Cultist and Chosen","floor":31,"turns":5},{"damage":52,"enemies":"Collector","floor":33,"turns":9},{"damage":0,"enemies":"Orb Walker","floor":35,"turns":3},{"damage":0,"enemies":"3 Shapes","floor":36,"turns":5},{"damage":7,"enemies":"Maw","floor":38,"turns":6},{"damage":5,"enemies":"Jaw Worm Horde","floor":41,"turns":4},{"damage":0,"enemies":"Giant Head","floor":42,"turns":5},{"damage":14,"enemies":"3 Darklings","floor":45,"turns":9},{"damage":8,"enemies":"Nemesis","floor":46,"turns":5},{"damage":0,"enemies":"Maw","floor":48,"turns":5},{"damage":5,"enemies":"Time Eater","floor":50,"turns":6}],"seed_played":"-6166019179232431750","potions_obtained":[{"floor":1,"key":"Block Potion"},{"floor":5,"key":"Ancient Potion"},{"floor":16,"key":"SkillPotion"},{"floor":21,"key":"SpeedPotion"},{"floor":28,"key":"Poison Potion"},{"floor":31,"key":"EssenceOfSteel"},{"floor":33,"key":"EssenceOfSteel"},{"floor":35,"key":"GhostInAJar"},{"floor":38,"key":"Swift Potion"},{"floor":41,"key":"Regen Potion"}],"is_trial":false,"path_per_floor":["M","?","M","?","M","R","M","R","T","M","M","R","M","$","R","B",null,"M","M","?","M","?","R","M","E","T","?","M","$","?","M","R","B",null,"M","M","?","M","$","R","M","E","T","R","M","E","$","M","R","B",null],"character_chosen":"THE_SILENT","items_purchased":["Backflip","Leg Sweep","Escape Plan","Regen Potion","Snake Skull","Blur","Poisoned Stab"],"campfire_rested":3,"item_purchase_floors":[14,14,29,29,39,39,47],"current_hp_per_floor":[49,49,49,49,48,48,44,44,44,44,42,42,38,38,38,32,57,56,56,40,38,38,57,57,34,34,34,34,34,34,27,46,9,51,51,51,45,38,38,38,33,48,48,48,34,26,26,26,45,40],"gold":59,"neow_bonus":"TRANSFORM_CARD","is_prod":false,"is_daily":false,"chose_seed":false,"campfire_upgraded":6,"win_rate":0,"timestamp":1541559591,"path_taken":["M","?","M","?","?","R","M","R","T","M","M","R","M","$","R","BOSS","M","?","?","M","?","R","M","E","T","?","M","$","?","M","R","BOSS","M","M","?","M","$","R","M","E","T","R","?","E","$","M","R","BOSS"],"build_version":"2018-11-01","purchased_purges":3,"victory":true,"max_hp_per_floor":[70,65,65,65,65,65,65,65,65,65,65,65,65,65,65,65,65,65,65,65,65,65,65,65,65,65,65,65,65,65,65,65,65,65,65,65,65,65,65,65,65,65,65,65,65,65,65,65,65,65],"card_choices":[{"not_picked":["Distraction","Choke"],"picked":"Backstab","floor":1},{"not_picked":["Blade Dance","PiercingWail"],"picked":"Deadly Poison","floor":3},{"not_picked":["Sucker Punch","Dagger Throw"],"picked":"Bouncing Flask","floor":5},{"not_picked":["Sucker Punch","Underhanded Strike","All Out Attack"],"picked":"SKIP","floor":7},{"not_picked":["Outmaneuver","Dagger Spray"],"picked":"Prepared","floor":10},{"not_picked":["Flying Knee","Outmaneuver"],"picked":"Poisoned Stab","floor":11},{"not_picked":["Sucker Punch","Slice"],"picked":"Adrenaline","floor":13},{"not_picked":["Wraith Form v2","Malaise"],"picked":"Burst","floor":16},{"not_picked":[],"picked":"Leg Sweep","floor":18},{"not_picked":["Flying Knee"],"picked":"SKIP","floor":19},{"not_picked":["Dagger Spray+1"],"picked":"SKIP","floor":21},{"not_picked":["Concentrate+1"],"picked":"SKIP","floor":24},{"not_picked":[],"picked":"Calculated Gamble","floor":25},{"not_picked":[],"picked":"Catalyst","floor":28},{"not_picked":["Finisher"],"picked":"SKIP","floor":31},{"not_picked":[],"picked":"Deflect+1","floor":34},{"not_picked":["Cloak And Dagger"],"picked":"SKIP","floor":35},{"not_picked":["Deflect+1"],"picked":"SKIP","floor":36},{"not_picked":["Choke"],"picked":"SKIP","floor":38},{"not_picked":["Infinite Blades"],"picked":"SKIP","floor":41},{"not_picked":["Dagger Spray"],"picked":"SKIP","floor":42},{"not_picked":["Concentrate"],"picked":"SKIP","floor":45},{"not_picked":["Sucker Punch"],"picked":"SKIP","floor":46},{"not_picked":[],"picked":"Backflip","floor":48}],"player_experience":306107,"relics_obtained":[{"floor":9,"key":"Matryoshka"},{"floor":20,"key":"Enchiridion"},{"floor":25,"key":"Shuriken"},{"floor":26,"key":"Ninja Scroll"},{"floor":26,"key":"Omamori"},{"floor":42,"key":"Bottled Tornado"},{"floor":43,"key":"Bronze Scales"},{"floor":43,"key":"Oddly Smooth Stone"},{"floor":46,"key":"Mummified Hand"}],"event_choices":[{"damage_healed":0,"gold_gain":0,"player_choice":"Lose Max HP","damage_taken":0,"relics_obtained":["Golden Idol"],"max_hp_gain":0,"max_hp_loss":5,"event_name":"Golden Idol","floor":2,"gold_loss":0},{"cards_removed":["Strike_G"],"damage_healed":0,"gold_gain":0,"player_choice":"Purged","damage_taken":0,"max_hp_gain":0,"max_hp_loss":0,"event_name":"Purifier","floor":4,"gold_loss":0},{"damage_healed":0,"gold_gain":0,"player_choice":"Obtained Book","damage_taken":16,"max_hp_gain":0,"max_hp_loss":0,"event_name":"Cursed Tome","floor":20,"gold_loss":0},{"cards_removed":["Strike_G"],"damage_healed":0,"gold_gain":0,"player_choice":"Gave Gold","damage_taken":0,"max_hp_gain":0,"max_hp_loss":0,"event_name":"Beggar","floor":22,"gold_loss":75},{"damage_healed":0,"gold_gain":0,"player_choice":"Ignored","damage_taken":0,"max_hp_gain":0,"max_hp_loss":0,"event_name":"Vampires","floor":27,"gold_loss":0},{"damage_healed":0,"gold_gain":0,"player_choice":"Ignored","damage_taken":0,"max_hp_gain":0,"max_hp_loss":0,"event_name":"Ghosts","floor":30,"gold_loss":0},{"damage_healed":0,"gold_gain":75,"player_choice":"Touch","damage_taken":6,"max_hp_gain":0,"max_hp_loss":0,"event_name":"FaceTrader","floor":37,"gold_loss":0}],"is_beta":false,"boss_relics":[{"not_picked":["Ectoplasm","Black Star"],"picked":"Busted Crown"},{"not_picked":["Runic Pyramid","Sozu"],"picked":"Orrery"}],"items_purged_floors":[14,29,47],"is_endless":false,"potions_floor_spawned":[1,5,16,21,28,31,33,35,38,41],"ascension_level":7}