{"gold_per_floor":[111,36,47,57,67,98,108,121,121,121,136,59,87,98,98,198,198,208,208,208,308,10,10,40,40,64,64,0,0,0,15,15,115,115,134,147,26,45,45,45,78,78,104,118,118,118,118,143,143,143],"floor_reached":51,"playtime":3883,"items_purged":["Regret","Writhe"],"score":1037,"play_id":"6e3717b0-4a72-41dc-8a89-9284b1a5a679","local_time":"20190613205153","is_ascension_mode":true,"campfire_choices":[{"floor":15.0,"key":"REST"},{"floor":23.0,"key":"REST"},{"floor":27.0,"key":"REST"},{"data":"Demon Form","floor":29.0,"key":"SMITH"},{"floor":32.0,"key":"REST"},{"floor":40.0,"key":"REST"},{"data":"Inflame","floor":42.0,"key":"SMITH"},{"data":"Flame Barrier","floor":49,"key":"SMITH"}],"neow_cost":"CURSE","seed_source_timestamp":0,"circlet_count":0,"master_deck":["AscendersBane","Strike_R","Strike_R","Strike_R","Strike_R","Strike_R","Defend_R","Defend_R","Defend_R","Defend_R","Bash","Cleave","Inflame+1","Pummel","Iron Wave","Hemokinesis","Flame Barrier+1","Dropkick","Demon Form+1","Headbutt+1","Ghostly","Ghostly","Ghostly","Ghostly","Ghostly","Warcry+1","Seeing Red+1","Offering","Flex+1","Battle Trance","Metallicize+1","Armaments+1","Finesse"],"special_seed":0,"relics":["Burning Blood","Champion Belt","Magic Flower","PreservedInsect","Gremlin Horn","Red Skull","Runic Cube","Incense Burner","Kunai","Torii","Pear","The Courier","Juzu Bracelet","Orrery","Ancient Tea Set","Orichalcum","Smiling Mask"],"potions_floor_usage":[50,50],"damage_taken":[{"damage":2.0,"enemies":"Small Slimes","floor":1.0,"turns":3.0},{"damage":1.0,"enemies":"Cultist","floor":3.0,"turns":3.0},{"damage":12.0,"enemies":"2 Louse","floor":4.0,"turns":3.0},{"damage":6.0,"enemies":"2 Fungi Beasts","floor":5.0,"turns":3.0},{"damage":28.0,"enemies":"Gremlin Nob","floor":6.0,"turns":4.0},{"damage":14.0,"enemies":"Looter","floor":7.0,"turns":4.0},{"damage":14.0,"enemies":"Blue Slaver","floor":8.0,"turns":3.0},{"damage":11.0,"enemies":"3 Louse","floor":11.0,"turns":3.0},{"damage":20.0,"enemies":"3 Sentries","floor":13.0,"turns":7.0},{"damage":5.0,"enemies":"Lots of Slimes","floor":14.0,"turns":2.0},{"damage":47.0,"enemies":"The Guardian","floor":16.0,"turns":14.0},{"damage":6.0,"enemies":"Spheric Guardian","floor":18.0,"turns":3.0},{"damage":24.0,"enemies":"Colosseum Slavers","floor":21.0,"turns":6.0},{"damage":14.0,"enemies":"Colosseum Nobs","floor":21.0,"turns":5.0},{"damage":25.0,"enemies":"Book of Stabbing","floor":24.0,"turns":7.0},{"damage":12.0,"enemies":"2 Thieves","floor":28.0,"turns":5.0},{"damage":13.0,"enemies":"Cultist and Chosen","floor":31.0,"turns":8.0},{"damage":32.0,"enemies":"Champ","floor":33.0,"turns":11.0},{"damage":34.0,"enemies":"3 Darklings","floor":35.0,"turns":7.0},{"damage":9.0,"enemies":"3 Shapes","floor":36.0,"turns":3.0},{"damage":4.0,"enemies":"Jaw Worm Horde","floor":38.0,"turns":4.0},{"damage":4.0,"enemies":"Giant Head","floor":41.0,"turns":6.0},{"damage":7,"enemies":"3 Darklings","floor":44,"turns":6},{"damage":38,"enemies":"Donu and Deca","floor":50,"turns":10}],"seed_played":"6695313329979160201","potions_obtained":[{"floor":1.0,"key":"Dexterity Potion"},{"floor":4.0,"key":"PowerPotion"},{"floor":14.0,"key":"SteroidPotion"},{"floor":33.0,"key":"GamblersBrew"},{"floor":35.0,"key":"Weak Potion"},{"floor":41.0,"key":"Swift Potion"},{"floor":44,"key":"Ancient Potion"}],"is_trial":false,"path_per_floor":["M","$","M","M","M","E","M","M","T","?","M","$","E","M","R","B",null,"M","?","?","?","$","R","E","?","T","R","M","R","?","M","R","B",null,"M","M","$","M","?","R","E","R","T","M","?","?","?","T","R","B",null],"character_chosen":"IRONCLAD","items_purchased":["Inflame","Torii","PowerPotion"],"campfire_rested":5,"item_purchase_floors":[12,22,37],"current_hp_per_floor":[76,76,80,74,74,52,47,42,42,42,40,40,29,33,57,19,65,68,53,42,22,22,34,28,28,28,43,40,40,40,36,51,28,46,21,21,21,26,26,41,46,46,46,48,48,48,48,48,48,19],"gold":143,"neow_bonus":"ONE_RARE_RELIC","is_prod":false,"is_daily":false,"chose_seed":false,"campfire_upgraded":3,"win_rate":0,"timestamp":1560484313,"path_taken":["M","$","M","M","M","E","M","M","T","?","M","?","E","M","R","BOSS","M","?","?","?","$","R","E","?","T","R","M","R","?","M","R","BOSS","M","M","$","M","?","R","E","R","T","M","?","?","?","?","R","BOSS"],"build_version":"2019-01-23","purchased_purges":2,"victory":true,"max_hp_per_floor":[80,80,80,80,80,80,80,80,80,80,80,80,80,80,80,80,80,80,85,42,42,42,42,52,52,52,52,52,52,52,52,52,52,52,52,52,52,52,52,52,52,52,52,52,52,52,49,49,49,49],"card_choices":[{"not_picked":["Rage","Bloodletting"],"picked":"Cleave","floor":1.0},{"not_picked":["Rupture","Thunderclap"],"picked":"Inflame","floor":3.0},{"not_picked":["Clash","Sentinel"],"picked":"Pummel","floor":4.0},{"not_picked":["Warcry","Anger"],"picked":"Iron Wave","floor":5.0},{"not_picked":["Pommel Strike","Shockwave"],"picked":"Hemokinesis","floor":6.0},{"not_picked":["Sword Boomerang","Intimidate","Rampage"],"picked":"SKIP","floor":7.0},{"not_picked":["Sword Boomerang","Intimidate","Rampage"],"picked":"SKIP","floor":7.0},{"not_picked":["Battle Trance","Wild Strike"],"picked":"True Grit","floor":8.0},{"not_picked":["Intimidate","Offering"],"picked":"Flame Barrier","floor":11.0},{"not_picked":["Havoc","Perfected Strike"],"picked":"Dropkick","floor":13.0},{"not_picked":["Second Wind","Sword Boomerang","Clothesline"],"picked":"SKIP","floor":14.0},{"not_picked":["Feed","Offering"],"picked":"Demon Form","floor":16.0},{"not_picked":["Thunderclap+1","Havoc"],"picked":"Headbutt+1","floor":18.0},{"not_picked":["True Grit","Inflame+1"],"picked":"Warcry+1","floor":21.0},{"not_picked":["Pommel Strike","Metallicize","Twin Strike"],"picked":"SKIP","floor":24.0},{"not_picked":["Burning Pact","Rage","Metallicize"],"picked":"SKIP","floor":28.0},{"not_picked":["Burning Pact","Rage","Metallicize"],"picked":"SKIP","floor":28.0},{"not_picked":["Flex","Headbutt"],"picked":"Seeing Red+1","floor":31.0},{"not_picked":["Fiend Fire","Impervious"],"picked":"Offering","floor":33.0},{"not_picked":["Body Slam+1","Cleave+1"],"picked":"Flex+1","floor":34.0},{"not_picked":["Reckless Charge+1","Wild Strike"],"picked":"Battle Trance","floor":34.0},{"not_picked":["Intimidate","Heavy Blade+1","Warcry"],"picked":"SKIP","floor":35.0},{"not_picked":["Demon Form","Body Slam+1","Flex+1"],"picked":"SKIP","floor":36.0},{"not_picked":["Reckless Charge+1","Metallicize","Armaments"],"picked":"SKIP","floor":38.0},{"not_picked":["Metallicize+1","Heavy Blade+1","Second Wind+1"],"picked":"SKIP","floor":41.0},{"not_picked":["Heavy Blade+1","Second Wind+1"],"picked":"Metallicize+1","floor":41.0},{"not_picked":["Perfected Strike+1","Dual Wield+1"],"picked":"Armaments+1","floor":44},{"not_picked":["Bandage Up","Mind Blast"],"picked":"Finesse","floor":46}],"player_experience":237884,"relics_obtained":[{"floor":6.0,"key":"Magic Flower"},{"floor":9.0,"key":"PreservedInsect"},{"floor":13.0,"key":"Red Skull"},{"floor":21.0,"key":"Incense Burner"},{"floor":21.0,"key":"Kunai"},{"floor":24.0,"key":"Pear"},{"floor":26.0,"key":"Juzu Bracelet"},{"floor":41.0,"key":"Ancient Tea Set"},{"floor":43.0,"key":"Orichalcum"},{"floor":48,"key":"Smiling Mask"}],"event_choices":[{"cards_removed":["True Grit"],"damage_healed":0.0,"max_hp_gain":0.0,"max_hp_loss":0.0,"gold_gain":0.0,"event_name":"WeMeetAgain","player_choice":"Gave Card","floor":10.0,"gold_loss":0.0,"damage_taken":0.0,"relics_obtained":["Gremlin Horn"]},{"damage_healed":0.0,"max_hp_gain":5.0,"max_hp_loss":0.0,"gold_gain":0.0,"event_name":"Forgotten Altar","player_choice":"Shed Blood","floor":19.0,"gold_loss":0.0,"damage_taken":20.0},{"damage_healed":0.0,"max_hp_gain":0.0,"max_hp_loss":43.0,"gold_gain":0.0,"event_name":"Ghosts","player_choice":"Became a Ghost","floor":20.0,"gold_loss":0.0,"damage_taken":0.0,"cards_obtained":["Ghostly","Ghostly","Ghostly","Ghostly","Ghostly"]},{"damage_healed":0.0,"max_hp_gain":0.0,"max_hp_loss":0.0,"gold_gain":0.0,"event_name":"Colosseum","player_choice":"Fight","floor":21.0,"gold_loss":0.0,"damage_taken":0.0},{"damage_healed":0.0,"max_hp_gain":0.0,"max_hp_loss":0.0,"gold_gain":0.0,"event_name":"Colosseum","player_choice":"Fought Nobs","floor":21.0,"gold_loss":0.0,"damage_taken":0.0},{"damage_healed":0.0,"max_hp_gain":0.0,"max_hp_loss":0.0,"gold_gain":0.0,"event_name":"The Mausoleum","player_choice":"Opened","floor":25.0,"gold_loss":0.0,"damage_taken":0.0,"relics_obtained":["The Courier"],"cards_obtained":["Writhe"]},{"cards_removed":["Inflame"],"damage_healed":0.0,"max_hp_gain":0.0,"max_hp_loss":0.0,"gold_gain":0.0,"event_name":"Falling","player_choice":"Removed Power","floor":39.0,"gold_loss":0.0,"damage_taken":0.0},{"damage_healed":0,"gold_gain":0,"player_choice":"Ignored","damage_taken":0,"max_hp_gain":0,"max_hp_loss":0,"event_name":"SecretPortal","floor":45,"gold_loss":0},{"damage_healed":0,"gold_gain":0,"player_choice":"Memory 1","damage_taken":0,"max_hp_gain":0,"max_hp_loss":0,"event_name":"SensoryStone","floor":46,"gold_loss":0},{"damage_healed":0,"gold_gain":0,"player_choice":"Max HP","damage_taken":0,"max_hp_gain":0,"max_hp_loss":3,"event_name":"Winding Halls","floor":47,"gold_loss":0}],"is_beta":false,"boss_relics":[{"not_picked":["Empty Cage","Runic Dome"],"picked":"Runic Cube"},{"not_picked":["Cursed Key","Snecko Eye"],"picked":"Orrery"}],"items_purged_floors":[2,37],"is_endless":false,"potions_floor_spawned":[1,4,5,7,11,14,21,33,35,41,44],"ascension_level":11}