{"gold_per_floor":[109,119,51,126,143,168,198,198,198,214,249,249,2,14,14,110,140,155,155,172,46,56,56,87,87,87,87,87,100,118,118,118,118],"floor_reached":33,"playtime":1545,"items_purged":["Doubt"],"score":358,"play_id":"279e1d97-b132-4d31-a507-86bbf50d212a","local_time":"20181226153547","is_ascension_mode":true,"campfire_choices":[{"data":"Shockwave","floor":8,"key":"SMITH"},{"data":"Inflame","floor":12,"key":"SMITH"},{"floor":15,"key":"REST"},{"floor":23,"key":"REST"},{"floor":25,"key":"REST"},{"data":"Armaments","floor":28,"key":"SMITH"},{"floor":32,"key":"REST"}],"neow_cost":"NONE","seed_source_timestamp":355675642127131,"circlet_count":0,"master_deck":["Strike_R","Strike_R","Strike_R","Strike_R","Defend_R","Defend_R","Defend_R","Defend_R","Bash","Cleave","Shockwave+1","Flame Barrier","Cleave","Armaments+1","Inflame+1","Dropkick","Clothesline","Limit Break","Parasite","Parasite","Dual Wield+1","Flame Barrier","Cleave+1","Heavy Blade","Flex","True Grit","Flame Barrier","Decay"],"relics":["Burning Blood","Art of War","Letter Opener","Bronze Scales","Dodecahedron","Bottled Tornado","Calling Bell","Tiny Chest","Kunai","Mango","Molten Egg 2","Pen Nib","PreservedInsect"],"potions_floor_usage":[10,11,24,24,29,29],"damage_taken":[{"damage":7,"enemies":"Jaw Worm","floor":1,"turns":3},{"damage":0,"enemies":"Small Slimes","floor":2,"turns":3},{"damage":7,"enemies":"2 Louse","floor":5,"turns":3},{"damage":18,"enemies":"3 Sentries","floor":6,"turns":5},{"damage":21,"enemies":"Gremlin Gang","floor":10,"turns":5},{"damage":13,"enemies":"Lagavulin","floor":11,"turns":7},{"damage":28,"enemies":"Exordium Wildlife","floor":14,"turns":4},{"damage":15,"enemies":"Hexaghost","floor":16,"turns":10},{"damage":31,"enemies":"Shell Parasite","floor":18,"turns":7},{"damage":38,"enemies":"Chosen","floor":20,"turns":5},{"damage":19,"enemies":"Centurion and Healer","floor":22,"turns":5},{"damage":27,"enemies":"Gremlin Leader","floor":24,"turns":4},{"damage":27,"enemies":"Shelled Parasite and Fungi","floor":29,"turns":3},{"damage":18,"enemies":"Snecko","floor":30,"turns":4},{"damage":55,"enemies":"Collector","floor":33,"turns":5}],"seed_played":"-7290321969483077637","potions_obtained":[{"floor":6,"key":"Dexterity Potion"},{"floor":10,"key":"PowerPotion"},{"floor":20,"key":"Explosive Potion"},{"floor":22,"key":"AttackPotion"},{"floor":24,"key":"Energy Potion"}],"is_trial":false,"path_per_floor":["M","M","$","?","M","E","?","R","T","M","E","R","$","M","R","B",null,"M","?","M","$","M","R","E","R","T","T","R","M","M","?","R","B"],"character_chosen":"IRONCLAD","items_purchased":["Flame Barrier","Bottled Tornado","Strength Potion"],"campfire_rested":4,"item_purchase_floors":[3,13,21],"current_hp_per_floor":[71,77,77,66,65,53,53,53,53,38,31,31,31,9,33,24,80,55,55,23,23,10,38,17,45,45,45,45,24,12,12,40,0],"gold":118,"neow_bonus":"RANDOM_COMMON_RELIC","is_prod":false,"is_daily":false,"chose_seed":false,"campfire_upgraded":3,"win_rate":0,"timestamp":1545867347,"path_taken":["M","M","$","?","M","E","?","R","T","M","E","R","$","M","R","BOSS","M","?","?","$","M","R","E","R","T","?","R","M","M","?","R","BOSS"],"build_version":"2018-12-20","purchased_purges":1,"victory":false,"max_hp_per_floor":[80,80,80,80,80,80,80,80,80,80,80,80,80,80,80,80,94,94,94,94,94,94,94,94,94,94,94,94,94,94,94,94,94],"card_choices":[{"not_picked":["Warcry","Perfected Strike"],"picked":"Cleave","floor":1},{"not_picked":["Havoc","Whirlwind"],"picked":"Shockwave","floor":2},{"not_picked":["Sword Boomerang","Clash"],"picked":"Cleave","floor":5},{"not_picked":["Body Slam","Heavy Blade"],"picked":"Armaments","floor":6},{"not_picked":["Double Tap","Reckless Charge"],"picked":"Inflame","floor":10},{"not_picked":["Second Wind","Havoc"],"picked":"Dropkick","floor":11},{"not_picked":["Clash","Wild Strike"],"picked":"Clothesline","floor":14},{"not_picked":["Dark Embrace","Juggernaut"],"picked":"Limit Break","floor":16},{"not_picked":["Power Through","Shockwave"],"picked":"Dual Wield+1","floor":18},{"not_picked":["Clash","Hemokinesis+1"],"picked":"Cleave+1","floor":20},{"not_picked":["Flex+1","Metallicize"],"picked":"Heavy Blade","floor":22},{"not_picked":["Perfected Strike","Body Slam"],"picked":"Flex","floor":24},{"not_picked":["Flex","Pommel Strike+1"],"picked":"True Grit","floor":29},{"not_picked":["Feed+1","Perfected Strike+1"],"picked":"Flame Barrier","floor":30}],"player_experience":120919,"relics_obtained":[{"floor":6,"key":"Letter Opener"},{"floor":9,"key":"Bronze Scales"},{"floor":11,"key":"Dodecahedron"},{"floor":17,"key":"Tiny Chest"},{"floor":17,"key":"Kunai"},{"floor":17,"key":"Mango"},{"floor":24,"key":"Molten Egg 2"},{"floor":26,"key":"Pen Nib"},{"floor":27,"key":"PreservedInsect"}],"event_choices":[{"damage_healed":0,"gold_gain":75,"player_choice":"Gather Gold","damage_taken":11,"max_hp_gain":0,"max_hp_loss":0,"event_name":"World of Goop","floor":4,"gold_loss":0},{"damage_healed":0,"gold_gain":30,"player_choice":"Searched \u00272\u0027 times","damage_taken":0,"max_hp_gain":0,"max_hp_loss":0,"event_name":"Dead Adventurer","floor":7,"gold_loss":0},{"damage_healed":0,"gold_gain":0,"cards_transformed":["Strike_R"],"player_choice":"Transformed","damage_taken":0,"max_hp_gain":0,"max_hp_loss":0,"event_name":"Transmorgrifier","floor":19,"gold_loss":0,"cards_obtained":["Flame Barrier"]},{"damage_healed":0,"gold_gain":0,"player_choice":"Smashed Altar","damage_taken":0,"max_hp_gain":0,"max_hp_loss":0,"event_name":"Forgotten Altar","floor":31,"gold_loss":0,"cards_obtained":["Decay"]}],"is_beta":false,"boss_relics":[{"not_picked":["Tiny House","White Beast Statue"],"picked":"Calling Bell"}],"items_purged_floors":[21],"is_endless":false,"potions_floor_spawned":[6,10,20,22,24],"killed_by":"Collector","ascension_level":6}