{"gold_per_floor":[113,113,59,74,87,114,114,125,125,150,168,168,187,20,20,94,94,107,121,121,140,140,166,166,179,258,4,34,34,34],"floor_reached":30,"playtime":12252,"items_purged":["Setup"],"score":532,"play_id":"50e6f0fd-5f93-4184-906c-e7b476adbe68","local_time":"20190603153450","is_ascension_mode":true,"campfire_choices":[{"floor":7,"key":"REST"},{"floor":12,"key":"REST"},{"floor":15,"key":"REST"},{"floor":24,"key":"REST"}],"neow_cost":"NONE","seed_source_timestamp":1672989928081204,"circlet_count":0,"master_deck":["AscendersBane","Survivor","Neutralize","Quick Slash","Sucker Punch","Footwork","A Thousand Cuts","Noxious Fumes","Choke+1","Dagger Spray+1","Escape Plan","Malaise","Malaise","Malaise","Leg Sweep","Blade Dance","Glass Knife+1","Unload+1","Acrobatics","Escape Plan","Heel Hook+1","Blur","Footwork","PiercingWail","Cloak And Dagger","Catalyst","Backstab+1","Ghostly","Ghostly","Ghostly"],"relics":["Ring of the Snake","Juzu Bracelet","War Paint","Molten Egg 2","Pandora\u0027s Box","Du-Vu Doll","The Courier","Membership Card","Smiling Mask"],"potions_floor_usage":[6,10,10,13,21,23,28],"damage_taken":[{"damage":12,"enemies":"Jaw Worm","floor":1,"turns":8},{"damage":1,"enemies":"Small Slimes","floor":4,"turns":4},{"damage":1,"enemies":"Cultist","floor":5,"turns":3},{"damage":30,"enemies":"3 Sentries","floor":6,"turns":13},{"damage":16,"enemies":"2 Fungi Beasts","floor":8,"turns":5},{"damage":7,"enemies":"Gremlin Nob","floor":10,"turns":4},{"damage":15,"enemies":"Exordium Thugs","floor":11,"turns":5},{"damage":16,"enemies":"Lots of Slimes","floor":13,"turns":6},{"damage":30,"enemies":"The Guardian","floor":16,"turns":14},{"damage":0,"enemies":"3 Byrds","floor":18,"turns":5},{"damage":6,"enemies":"Shell Parasite","floor":19,"turns":7},{"damage":11,"enemies":"Centurion and Healer","floor":21,"turns":8},{"damage":11,"enemies":"Book of Stabbing","floor":23,"turns":8},{"damage":4,"enemies":"Snake Plant","floor":25,"turns":6},{"damage":33,"enemies":"Slavers","floor":28,"turns":6},{"damage":8,"enemies":"Book of Stabbing","floor":30,"turns":2}],"seed_played":"7656128963782203223","potions_obtained":[{"floor":1,"key":"Ancient Potion"},{"floor":5,"key":"FearPotion"},{"floor":8,"key":"GhostInAJar"},{"floor":11,"key":"Regen Potion"},{"floor":19,"key":"Explosive Potion"},{"floor":21,"key":"AttackPotion"},{"floor":23,"key":"Swift Potion"}],"is_trial":false,"path_per_floor":["M","?","$","M","M","E","R","M","T","E","M","R","M","$","R","B",null,"M","M","?","M","?","E","R","M","T","$","E","?","E"],"character_chosen":"THE_SILENT","items_purchased":["Strength Potion","Malaise","Membership Card","Catalyst"],"campfire_rested":4,"item_purchase_floors":[3,14,27,27],"current_hp_per_floor":[53,53,53,52,51,21,42,26,26,19,4,25,24,24,45,15,58,58,52,52,41,34,23,44,40,40,40,7,7,0],"gold":34,"neow_bonus":"TEN_PERCENT_HP_BONUS","is_prod":false,"is_daily":false,"chose_seed":false,"campfire_upgraded":0,"win_rate":0,"timestamp":1559590490,"path_taken":["M","?","?","M","M","E","R","M","T","E","M","R","M","$","R","BOSS","M","M","?","M","?","E","R","M","T","$","E","?","E"],"build_version":"2019-01-23","purchased_purges":1,"victory":false,"max_hp_per_floor":[72,72,72,72,72,72,72,72,72,72,72,72,72,72,72,72,72,72,72,72,72,72,72,72,72,72,72,72,36,36],"card_choices":[{"not_picked":["Escape Plan","Flying Knee"],"picked":"Quick Slash","floor":1},{"not_picked":["Cloak And Dagger","Underhanded Strike"],"picked":"Sucker Punch","floor":4},{"not_picked":["Dagger Spray","Escape Plan"],"picked":"Footwork","floor":5},{"not_picked":["Flechettes","Blade Dance"],"picked":"A Thousand Cuts","floor":6},{"not_picked":["Expertise","Caltrops"],"picked":"Noxious Fumes","floor":8},{"not_picked":["Infinite Blades","Blade Dance"],"picked":"Choke","floor":10},{"not_picked":["Reflex","Skewer+1"],"picked":"Dagger Spray+1","floor":11},{"not_picked":["Catalyst","Cloak And Dagger"],"picked":"Escape Plan","floor":13},{"not_picked":["Bullet Time","Phantasmal Killer"],"picked":"Malaise","floor":16},{"not_picked":["Sucker Punch+1","Outmaneuver+1","Poisoned Stab+1"],"picked":"SKIP","floor":18},{"not_picked":["Dodge and Roll","Deadly Poison"],"picked":"Footwork","floor":19},{"not_picked":["Terror","Blade Dance"],"picked":"PiercingWail","floor":21},{"not_picked":["Storm of Steel","Outmaneuver"],"picked":"Cloak And Dagger","floor":23},{"not_picked":["Caltrops","Poisoned Stab+1","Quick Slash+1"],"picked":"SKIP","floor":25},{"not_picked":["Underhanded Strike+1","A Thousand Cuts"],"picked":"Backstab+1","floor":28}],"player_experience":765755,"relics_obtained":[{"floor":6,"key":"Juzu Bracelet"},{"floor":9,"key":"War Paint"},{"floor":10,"key":"Molten Egg 2"},{"floor":23,"key":"Du-Vu Doll"},{"floor":26,"key":"The Courier"},{"floor":28,"key":"Smiling Mask"}],"event_choices":[{"damage_healed":0,"gold_gain":0,"player_choice":"Ignored","damage_taken":0,"max_hp_gain":0,"max_hp_loss":0,"event_name":"Liars Game","floor":2,"gold_loss":0},{"damage_healed":0,"gold_gain":0,"player_choice":"Simplicity","damage_taken":0,"max_hp_gain":0,"max_hp_loss":0,"event_name":"Back to Basics","floor":20,"gold_loss":0,"cards_upgraded":[]},{"damage_healed":0,"gold_gain":0,"player_choice":"","damage_taken":7,"max_hp_gain":0,"max_hp_loss":0,"event_name":"Knowing Skull","floor":22,"potions_obtained":[],"gold_loss":0,"cards_obtained":[]},{"damage_healed":0,"gold_gain":0,"player_choice":"Became a Ghost","damage_taken":0,"max_hp_gain":0,"max_hp_loss":36,"event_name":"Ghosts","floor":29,"gold_loss":0,"cards_obtained":["Ghostly","Ghostly","Ghostly"]}],"is_beta":false,"boss_relics":[{"not_picked":["Empty Cage","WristBlade"],"picked":"Pandora\u0027s Box"}],"items_purged_floors":[27],"is_endless":false,"potions_floor_spawned":[1,5,8,11,19,21,23],"killed_by":"Book of Stabbing","ascension_level":18}