{"gold_per_floor":[111,128,198,215,61,88,88,104,175,140,151,151,181,213,213,309,309,320,12,12],"floor_reached":20,"playtime":812,"items_purged":[],"score":228,"play_id":"6c19853a-48d1-4993-9c03-4be824d958ed","local_time":"20190104183938","is_ascension_mode":true,"campfire_choices":[{"floor":7,"key":"REST"},{"floor":12,"key":"REST"},{"floor":15,"key":"REST"}],"neow_cost":"NONE","seed_source_timestamp":8381153072942023,"circlet_count":0,"master_deck":["Strike_B","Strike_B","Strike_B","Strike_B","Defend_B","Defend_B","Defend_B","Defend_B","Zap","Dualcast","Conserve Battery","Streamline","Streamline","Go for the Eyes","Coolheaded","Sweeping Beam","Ball Lightning","Melter","Redo","BootSequence","Buffer","Leap","Turbo"],"relics":["Cracked Core","NeowsBlessing","Orichalcum","Prayer Wheel","Kunai","Odd Mushroom","Omamori","Inserter","Unceasing Top"],"potions_floor_usage":[16,20,20],"damage_taken":[{"damage":0,"enemies":"Cultist","floor":1,"turns":1},{"damage":0,"enemies":"Small Slimes","floor":2,"turns":1},{"damage":0,"enemies":"2 Louse","floor":4,"turns":1},{"damage":47,"enemies":"Lagavulin","floor":6,"turns":8},{"damage":9,"enemies":"2 Fungi Beasts","floor":8,"turns":3},{"damage":5,"enemies":"Looter","floor":11,"turns":3},{"damage":20,"enemies":"The Mushroom Lair","floor":13,"turns":3},{"damage":17,"enemies":"3 Sentries","floor":14,"turns":5},{"damage":6,"enemies":"Slime Boss","floor":16,"turns":10},{"damage":36,"enemies":"3 Byrds","floor":18,"turns":5},{"damage":17,"enemies":"Colosseum Slavers","floor":20,"turns":4},{"damage":32,"enemies":"Colosseum Nobs","floor":20,"turns":3}],"seed_played":"-4290979900357343000","potions_obtained":[{"floor":2,"key":"Poison Potion"},{"floor":6,"key":"Strength Potion"},{"floor":14,"key":"Ancient Potion"}],"is_trial":false,"path_per_floor":["M","M","?","M","$","E","R","M","T","?","M","R","?","E","R","B",null,"M","$","?"],"character_chosen":"DEFECT","items_purchased":["Orichalcum","Unceasing Top"],"campfire_rested":3,"item_purchase_floors":[5,19],"current_hp_per_floor":[75,75,75,75,75,28,50,41,41,59,54,75,55,38,60,54,70,34,34,0],"gold":12,"neow_bonus":"THREE_ENEMY_KILL","is_prod":false,"is_daily":false,"chose_seed":false,"campfire_upgraded":0,"win_rate":0,"timestamp":1546645178,"path_taken":["M","?","?","M","$","E","R","M","T","?","M","R","?","E","R","BOSS","M","$","?"],"build_version":"2019-01-03v4","purchased_purges":0,"victory":false,"max_hp_per_floor":[75,75,75,75,75,75,75,75,75,75,75,75,75,75,75,75,75,75,75,75],"card_choices":[{"not_picked":["Compile Driver","Stack"],"picked":"Conserve Battery","floor":1},{"not_picked":["Capacitor","Turbo"],"picked":"Streamline","floor":2},{"not_picked":["Beam Cell","Blizzard"],"picked":"Streamline","floor":4},{"not_picked":["Rebound","Coolheaded"],"picked":"Go for the Eyes","floor":6},{"not_picked":["Reboot","Aggregate"],"picked":"Coolheaded","floor":8},{"not_picked":["Steam","Leap"],"picked":"Sweeping Beam","floor":8},{"not_picked":["Coolheaded","Beam Cell"],"picked":"Ball Lightning","floor":11},{"not_picked":["Compile Driver","Steam Power"],"picked":"Melter","floor":11},{"not_picked":["Rebound","Blizzard"],"picked":"Redo","floor":13},{"not_picked":["Coolheaded","Capacitor"],"picked":"BootSequence","floor":14},{"not_picked":["Meteor Strike","Reboot"],"picked":"Buffer","floor":16},{"not_picked":["Conserve Battery","Steam Power"],"picked":"Leap","floor":18},{"not_picked":["Leap","Beam Cell"],"picked":"Turbo","floor":18}],"player_experience":276338,"relics_obtained":[{"floor":6,"key":"Prayer Wheel"},{"floor":9,"key":"Kunai"},{"floor":13,"key":"Odd Mushroom"},{"floor":14,"key":"Omamori"}],"event_choices":[{"damage_healed":0,"gold_gain":70,"player_choice":"Gained Gold","damage_taken":0,"max_hp_gain":0,"max_hp_loss":0,"event_name":"Golden Wing","floor":3,"gold_loss":0},{"damage_healed":18,"gold_gain":0,"player_choice":"Healed","damage_taken":0,"max_hp_gain":0,"max_hp_loss":0,"event_name":"The Cleric","floor":10,"gold_loss":35},{"damage_healed":0,"gold_gain":0,"player_choice":"Fought Mushrooms","damage_taken":0,"max_hp_gain":0,"max_hp_loss":0,"event_name":"Mushrooms","floor":13,"gold_loss":0},{"damage_healed":0,"gold_gain":0,"player_choice":"Fight","damage_taken":0,"max_hp_gain":0,"max_hp_loss":0,"event_name":"Colosseum","floor":20,"gold_loss":0},{"damage_healed":0,"gold_gain":0,"player_choice":"Fought Nobs","damage_taken":0,"max_hp_gain":0,"max_hp_loss":0,"event_name":"Colosseum","floor":20,"gold_loss":0}],"is_beta":false,"boss_relics":[{"not_picked":["Runic Pyramid","Snecko Eye"],"picked":"Inserter"}],"items_purged_floors":[],"is_endless":false,"potions_floor_spawned":[2,6,14,20],"killed_by":"Colosseum Nobs","ascension_level":5}