{"gold_per_floor":[114,114,130,142,142,142,157,112,112,132,148,148,148,160,160,160],"floor_reached":16,"playtime":1042,"items_purged":[],"score":99,"play_id":"66a102f0-694b-45b2-8ded-3f6263fd7dfc","local_time":"20190116231123","is_ascension_mode":true,"campfire_choices":[{"data":"Neutralize","floor":6,"key":"SMITH"},{"floor":12,"key":"REST"},{"floor":15,"key":"RECALL"}],"neow_cost":"NONE","seed_source_timestamp":674714078503368,"circlet_count":0,"master_deck":["Defend_G","Defend_G","Defend_G","Defend_G","Strike_G","Strike_G","Strike_G","Strike_G","Survivor","Neutralize+1","Blade Dance","Heel Hook","Choke","Footwork","Accuracy","Backflip","Adrenaline","Dagger Spray","Leg Sweep"],"relics":["Ring of the Snake"],"potions_floor_usage":[16,16,16],"damage_taken":[{"damage":0,"enemies":"Small Slimes","floor":1,"turns":4},{"damage":6,"enemies":"Cultist","floor":3,"turns":3},{"damage":0,"enemies":"Jaw Worm","floor":4,"turns":3},{"damage":18,"enemies":"Lots of Slimes","floor":7,"turns":5},{"damage":1,"enemies":"Large Slime","floor":10,"turns":6},{"damage":10,"enemies":"3 Louse","floor":11,"turns":3},{"damage":0,"enemies":"Exordium Thugs","floor":14,"turns":3},{"damage":58,"enemies":"Hexaghost","floor":16,"turns":16}],"seed_played":"-1413700325816418789","potions_obtained":[{"floor":0,"key":"FearPotion"},{"floor":0,"key":"SpeedPotion"},{"floor":0,"key":"SteroidPotion"}],"is_trial":false,"path_per_floor":["M","?","M","M","$","R","M","$","T","M","M","R","?","M","R","B"],"character_chosen":"THE_SILENT","items_purchased":["Backflip"],"campfire_rested":1,"item_purchase_floors":[8],"current_hp_per_floor":[70,70,64,64,64,64,46,46,46,45,35,56,56,56,56,0],"gold":160,"neow_bonus":"THREE_SMALL_POTIONS","is_prod":false,"is_daily":false,"chose_seed":false,"campfire_upgraded":1,"win_rate":0,"timestamp":1547698283,"path_taken":["M","?","?","M","$","R","M","$","T","M","M","R","?","M","R","BOSS"],"build_version":"2019-01-10","purchased_purges":0,"victory":false,"max_hp_per_floor":[70,70,70,70,70,70,70,70,70,70,70,70,70,70,70,70],"card_choices":[{"not_picked":["Dodge and Roll","Heel Hook"],"picked":"Blade Dance","floor":1},{"not_picked":["Deadly Poison","Expertise"],"picked":"Choke","floor":3},{"not_picked":["Outmaneuver","Bane"],"picked":"Footwork","floor":4},{"not_picked":["Blur","PiercingWail"],"picked":"Accuracy","floor":7},{"not_picked":["Dodge and Roll","Backflip"],"picked":"Adrenaline","floor":10},{"not_picked":["Flying Knee","Endless Agony"],"picked":"Dagger Spray","floor":11},{"not_picked":["Sucker Punch","Dagger Throw"],"picked":"Leg Sweep","floor":14}],"player_experience":73880,"relics_obtained":[],"event_choices":[{"damage_healed":0,"gold_gain":0,"cards_transformed":["Defend_G"],"player_choice":"Transformed","damage_taken":0,"max_hp_gain":0,"max_hp_loss":0,"event_name":"Transmorgrifier","floor":2,"gold_loss":0,"cards_obtained":["Heel Hook"]},{"cards_removed":["Strike_G"],"damage_healed":0,"gold_gain":0,"player_choice":"Purged","damage_taken":0,"max_hp_gain":0,"max_hp_loss":0,"event_name":"Purifier","floor":13,"gold_loss":0}],"is_beta":false,"boss_relics":[],"items_purged_floors":[],"is_endless":false,"potions_floor_spawned":[7,14],"killed_by":"Hexaghost","ascension_level":1}