{"path_per_floor":["M","?","?","M","M","E","M","R","T","R","M","M","R","M","R","B",null,"M","M","?","?","?","R","$","M","T","R","M","M"],"character_chosen":"THE_SILENT","items_purchased":["Meat on the Bone"],"gold_per_floor":[99,99,99,119,131,162,177,177,245,245,257,270,270,288,288,390,390,373,392,392,392,392,392,141,160,160,160,175,188],"floor_reached":30,"campfire_rested":4,"playtime":1513,"current_hp_per_floor":[77,77,77,77,71,36,24,24,24,24,6,4,27,27,50,26,77,60,34,34,18,18,41,41,38,38,61,42,25],"items_purged":[],"gold":188,"score":234,"play_id":"30113621-923e-41d8-9724-33f8d6307372","is_prod":false,"is_daily":false,"is_ascension_mode":false,"campfire_upgraded":0,"path_taken":["M","?","?","M","M","E","M","R","T","R","M","?","R","M","R","BOSS","M","?","?","?","?","R","$","?","T","R","M","M","E"],"build_version":"2018-02-08-PROD1","purchased_purges":0,"victory":false,"master_deck":["Defend_G","Defend_G","Defend_G","Defend_G","Defend_G","Strike_G","Strike_G","Strike_G","Strike_G","Strike_G+1","Survivor+1","Neutralize","Flying Knee+1","A Thousand Cuts","Slice","Infinite Blades","Dagger Spray","Flying Knee","Skewer","Caltrops","Tools of the Trade","Noxious Fumes+1","Backflip+1","Endless Agony","Slice","Night Terror"],"max_hp_per_floor":[77,77,77,77,77,77,77,77,77,77,77,77,77,77,77,77,77,77,77,77,77,77,77,77,77,77,77,77,77],"relics":["Ring of the Snake","Shovel","Lantern","Toolbox","Bottled Lightning","Question Card","Enchiridion","Meat on the Bone","Whetstone"],"card_choices":[{"not_picked":["Crippling Poison","Catalyst"],"picked":"Flying Knee"},{"not_picked":["Prepared","Distraction"],"picked":"A Thousand Cuts"},{"not_picked":["Prepared","Deadly Poison"],"picked":"Slice"},{"not_picked":["Poisoned Stab","Leg Sweep"],"picked":"Infinite Blades"},{"not_picked":["Acrobatics","Prepared"],"picked":"Dagger Spray"},{"not_picked":["Catalyst","Sucker Punch"],"picked":"Flying Knee"},{"not_picked":["Bane","Deadly Poison"],"picked":"Skewer"},{"not_picked":["Distraction","Sucker Punch"],"picked":"Caltrops"},{"not_picked":["Unload","Envenom"],"picked":"Tools of the Trade"},{"not_picked":["Skewer","Slice","Well Laid Plans"],"picked":"Noxious Fumes"},{"not_picked":["Dagger Spray","Flying Knee","Riddle With Holes"],"picked":"Backflip"},{"not_picked":["Poisoned Stab","Slice","Backflip"],"picked":"Endless Agony"},{"not_picked":["Prepared","Quick Slash","Poisoned Stab"],"picked":"Slice"},{"not_picked":["Sucker Punch","PiercingWail","Malaise"],"picked":"Night Terror"}],"player_experience":20060,"potions_floor_usage":[6,16,16,19,29,30],"damage_taken":[{"damage":0,"enemies":"Blue Slaver","floor":1,"turns":7},{"damage":0,"enemies":"Cultist","floor":4,"turns":4},{"damage":6,"enemies":"Jaw Worm","floor":5,"turns":4},{"damage":35,"enemies":"Lagavulin","floor":6,"turns":8},{"damage":12,"enemies":"Exordium Wildlife","floor":7,"turns":8},{"damage":18,"enemies":"Exordium Thugs","floor":11,"turns":4},{"damage":2,"enemies":"Lots of Slimes","floor":12,"turns":2},{"damage":0,"enemies":"2 Fungi Beasts","floor":14,"turns":2},{"damage":28,"enemies":"The Guardian","floor":16,"turns":10},{"damage":17,"enemies":"2 Thieves","floor":18,"turns":4},{"damage":26,"enemies":"3 Byrds","floor":19,"turns":5},{"damage":15,"enemies":"Centurion and Healer","floor":25,"turns":6},{"damage":31,"enemies":"Sentry and Sphere","floor":28,"turns":5},{"damage":29,"enemies":"Slaver and Parasite","floor":29,"turns":6},{"damage":25,"enemies":"Gremlin Leader","floor":30,"turns":3}],"event_choices":[{"event_name":"Golden Wing","player_choice":"Ignored","floor":2,"damage_taken":0},{"event_name":"Living Wall","player_choice":"Grow","floor":3,"damage_taken":0},{"event_name":"Beggar","player_choice":"Ignored","floor":20,"damage_taken":0},{"event_name":"Cursed Tome","player_choice":"Obtained Book","floor":21,"damage_taken":0},{"event_name":"Purifier","player_choice":"Skipped","floor":22,"damage_taken":0}],"boss_relics":[{"not_picked":["Ectoplasm","Snecko Eye"],"picked":"Question Card"}],"potions_floor_spawned":[4,6,7,11,18,28],"seed_played":"623649294390578402","killed_by":"Gremlin Leader","ascension_level":0,"is_trial":false}