{"gold_per_floor":[112,123,138,98,10,10,37,37,113,74,104,104,115,134,134,206,206,178,178,228,241,255,255,255],"floor_reached":24,"playtime":1640,"items_purged":[],"score":392,"play_id":"6c9d61b2-8613-4347-a0ce-0fb939248fd9","local_time":"20190102205212","is_ascension_mode":true,"campfire_choices":[{"data":"Skewer","floor":6,"key":"SMITH"},{"data":"Dagger Spray","floor":8,"key":"SMITH"},{"data":"Adrenaline","floor":12,"key":"SMITH"},{"floor":15,"key":"REST"},{"data":"Wraith Form v2","floor":23,"key":"SMITH"}],"neow_cost":"NONE","seed_source_timestamp":19024108444963,"circlet_count":0,"master_deck":["AscendersBane","Defend_G","Defend_G","Defend_G","Defend_G","Defend_G","Strike_G","Strike_G","Strike_G","Survivor","Neutralize+1","Dagger Spray+1","Well Laid Plans","Bouncing Flask","Skewer+1","Adrenaline+1","Footwork","Dodge and Roll","Deflect","Wraith Form v2+1","Glass Knife","Finisher","Blur","Cloak And Dagger"],"relics":["Ring of the Snake","Smiling Mask","Pear","Odd Mushroom","Eternal Feather"],"potions_floor_usage":[16,16,24],"damage_taken":[{"damage":1,"enemies":"Jaw Worm","floor":1,"turns":3},{"damage":2,"enemies":"Small Slimes","floor":2,"turns":4},{"damage":2,"enemies":"2 Louse","floor":3,"turns":2},{"damage":3,"enemies":"Looter","floor":4,"turns":4},{"damage":24,"enemies":"Gremlin Nob","floor":7,"turns":4},{"damage":5,"enemies":"The Mushroom Lair","floor":11,"turns":3},{"damage":10,"enemies":"Exordium Thugs","floor":13,"turns":4},{"damage":0,"enemies":"Lots of Slimes","floor":14,"turns":1},{"damage":28,"enemies":"Slime Boss","floor":16,"turns":12},{"damage":17,"enemies":"2 Thieves","floor":18,"turns":4},{"damage":18,"enemies":"Shell Parasite","floor":21,"turns":8},{"damage":22,"enemies":"Snake Plant","floor":22,"turns":6},{"damage":19,"enemies":"Chosen and Byrds","floor":24,"turns":7}],"seed_played":"9007760385438741522","potions_obtained":[{"floor":7,"key":"GamblersBrew"},{"floor":11,"key":"SkillPotion"},{"floor":21,"key":"Ancient Potion"},{"floor":22,"key":"PowerPotion"}],"is_trial":false,"path_per_floor":["M","M","M","M","$","R","E","R","T","?","?","R","M","M","R","B",null,"M","?","?","M","M","R","M"],"character_chosen":"THE_SILENT","items_purchased":["Skewer"],"campfire_rested":1,"item_purchase_floors":[5],"current_hp_per_floor":[58,56,54,51,51,51,27,27,37,37,32,32,22,22,44,16,61,44,44,44,26,4,16,0],"gold":255,"neow_bonus":"UPGRADE_CARD","is_prod":false,"is_daily":false,"chose_seed":false,"campfire_upgraded":4,"win_rate":0,"timestamp":1546473132,"path_taken":["M","M","M","M","$","R","E","R","T","?","?","R","M","M","R","BOSS","M","?","?","?","M","R","M"],"build_version":"2018-12-20","purchased_purges":0,"victory":false,"max_hp_per_floor":[66,66,66,66,66,66,66,66,76,76,76,76,76,76,76,76,76,76,76,76,76,76,76,76],"card_choices":[{"not_picked":["Deflect","Dodge and Roll"],"picked":"Dagger Spray","floor":1},{"not_picked":["Blade Dance","Underhanded Strike"],"picked":"Well Laid Plans","floor":2},{"not_picked":["Setup","Acrobatics","Blade Dance"],"picked":"SKIP","floor":3},{"not_picked":["Blade Dance","Poisoned Stab"],"picked":"Bouncing Flask","floor":4},{"not_picked":["Footwork","Bouncing Flask"],"picked":"Adrenaline","floor":7},{"not_picked":["Underhanded Strike","Bane"],"picked":"Footwork","floor":11},{"not_picked":["Well Laid Plans","Endless Agony"],"picked":"Dodge and Roll","floor":13},{"not_picked":["Blade Dance","Sucker Punch"],"picked":"Deflect","floor":14},{"not_picked":["Doppelganger","Grand Finale"],"picked":"Wraith Form v2","floor":16},{"not_picked":["Deflect","All Out Attack","Flying Knee"],"picked":"SKIP","floor":18},{"not_picked":["Sucker Punch","Eviscerate+1"],"picked":"Blur","floor":21},{"not_picked":["Dagger Spray","Quick Slash+1"],"picked":"Cloak And Dagger","floor":22}],"player_experience":666330,"relics_obtained":[{"floor":7,"key":"Smiling Mask"},{"floor":9,"key":"Pear"},{"floor":11,"key":"Odd Mushroom"}],"event_choices":[{"damage_healed":0,"gold_gain":0,"player_choice":"Left Gold","damage_taken":0,"max_hp_gain":0,"max_hp_loss":0,"event_name":"World of Goop","floor":10,"gold_loss":39},{"damage_healed":0,"gold_gain":0,"player_choice":"Fought Mushrooms","damage_taken":0,"max_hp_gain":0,"max_hp_loss":0,"event_name":"Mushrooms","floor":11,"gold_loss":0},{"damage_healed":0,"gold_gain":0,"cards_transformed":["Strike_G","Strike_G"],"player_choice":"Became Test Subject","damage_taken":0,"max_hp_gain":0,"max_hp_loss":0,"event_name":"Drug Dealer","floor":19,"gold_loss":0,"cards_obtained":["Glass Knife","Finisher"]},{"damage_healed":0,"gold_gain":50,"player_choice":"Stole From Cult","damage_taken":0,"max_hp_gain":0,"max_hp_loss":0,"event_name":"Nest","floor":20,"gold_loss":0}],"is_beta":false,"boss_relics":[{"not_picked":["WristBlade","HoveringKite"],"picked":"Eternal Feather"}],"items_purged_floors":[],"is_endless":false,"potions_floor_spawned":[7,11,13,21,22],"killed_by":"Chosen and Byrds","ascension_level":20}