{"gold_per_floor":[144,144,193,242,122,220,269,544,544,593,642,740,740,740,740,1065,1065,1114,1114,1114,1163,1163,1163,394,394,394,492,142,61,110,159,159,484,484,533,582,55,104,153,202,300,300,300,0,0,49,98,196,196,196],"floor_reached":50,"playtime":2387,"items_purged":[],"score":709,"play_id":"8c937cf2-59f6-4e73-a68b-8a818d8940fe","local_time":"20180923113505","daily_mods":["Specialized","Midas","Night Terrors"],"is_ascension_mode":false,"campfire_choices":[{"floor":15,"key":"REST"},{"floor":23,"key":"REST"},{"data":"1","floor":32,"key":"LIFT"},{"floor":42,"key":"REST"},{"data":"2","floor":45,"key":"LIFT"},{"floor":49,"key":"REST"}],"neow_cost":"","seed_source_timestamp":0,"circlet_count":0,"master_deck":["Strike_R","Strike_R","Strike_R","Strike_R","Strike_R","Defend_R","Defend_R","Defend_R","Defend_R","Bash","Fiend Fire","Fiend Fire","Fiend Fire","Fiend Fire","Fiend Fire","Anger","Injury","Infernal Blade+1","Twin Strike","Perfected Strike","Anger","Regret","Shrug It Off","Thunderclap","Bludgeon","Exhume","Corruption","Battle Trance","RitualDagger","Havoc","Chrysalis","True Grit+1","Feel No Pain","Cleave","Twin Strike+1","Iron Wave","Impervious+1","Cleave","Combust+1","Armaments+1","Go for the Eyes+1","Outmaneuver+1","Deflect+1","Quick Slash+1","Shrug It Off+1","Flechettes+1","Backstab+1","Dagger Spray","Bandage Up+1"],"special_seed":17797,"relics":["Burning Blood","Golden Idol","Tiny Chest","Du-Vu Doll","Omamori","Pantograph","Mercury Hourglass","Fusion Hammer","Nilry\u0027s Codex","Nunchaku","Pear","Girya","Bottled Tornado","Toxic Egg 2","Toolbox","Pen Nib","White Beast Statue","PrismaticShard","Kunai","Bronze Scales","Champion Belt","Prayer Wheel","Gremlin Horn"],"potions_floor_usage":[11,11,12,16,21,33,38,38,40,41,46,46,46,48,48,48,50],"damage_taken":[{"damage":6,"enemies":"Jaw Worm","floor":1,"turns":2},{"damage":10,"enemies":"Small Slimes","floor":3,"turns":4},{"damage":0,"enemies":"Cultist","floor":4,"turns":2},{"damage":14,"enemies":"Gremlin Nob","floor":6,"turns":3},{"damage":5,"enemies":"Looter","floor":7,"turns":2},{"damage":13,"enemies":"Lots of Slimes","floor":10,"turns":4},{"damage":36,"enemies":"Gremlin Gang","floor":11,"turns":5},{"damage":21,"enemies":"Lagavulin","floor":12,"turns":3},{"damage":0,"enemies":"Slime Boss","floor":16,"turns":4},{"damage":5,"enemies":"Spheric Guardian","floor":18,"turns":3},{"damage":28,"enemies":"2 Thieves","floor":21,"turns":4},{"damage":33,"enemies":"Slavers","floor":27,"turns":5},{"damage":3,"enemies":"Shelled Parasite and Fungi","floor":30,"turns":3},{"damage":0,"enemies":"3 Cultists","floor":31,"turns":4},{"damage":67,"enemies":"Collector","floor":33,"turns":9},{"damage":9,"enemies":"3 Shapes","floor":35,"turns":3},{"damage":18,"enemies":"Orb Walker","floor":36,"turns":3},{"damage":21,"enemies":"Maw","floor":38,"turns":5},{"damage":0,"enemies":"Spire Growth","floor":39,"turns":2},{"damage":11,"enemies":"4 Shapes","floor":40,"turns":3},{"damage":51,"enemies":"2 Orb Walkers","floor":41,"turns":4},{"damage":43,"enemies":"Sphere and 2 Shapes","floor":46,"turns":4},{"damage":11,"enemies":"Maw","floor":47,"turns":6},{"damage":44,"enemies":"Giant Head","floor":48,"turns":7},{"damage":85,"enemies":"Awakened One","floor":50,"turns":8}],"seed_played":"-3341318107676815907","potions_obtained":[{"floor":1,"key":"SpeedPotion"},{"floor":6,"key":"EssenceOfSteel"},{"floor":11,"key":"SkillPotion"},{"floor":12,"key":"PowerPotion"},{"floor":21,"key":"Fruit Juice"},{"floor":30,"key":"EssenceOfSteel"},{"floor":35,"key":"Regen Potion"},{"floor":36,"key":"EntropicBrew"},{"floor":38,"key":"EssenceOfSteel"},{"floor":39,"key":"Explosive Potion"},{"floor":40,"key":"Regen Potion"},{"floor":41,"key":"Strength Potion"},{"floor":46,"key":"EssenceOfSteel"},{"floor":47,"key":"Fire Potion"},{"floor":48,"key":"FearPotion"}],"is_trial":false,"path_per_floor":["M","?","M","M","$","E","M","?","T","M","M","E","?","T","R","B",null,"M","?","?","M","?","R","$","?","T","E","$","$","M","M","R","B",null,"M","M","$","M","M","M","E","R","T","$","R","M","M","E","R"],"character_chosen":"IRONCLAD","items_purchased":["Tiny Chest","Nunchaku","Havoc","Pear","Chrysalis","Toolbox","Pen Nib","Feel No Pain","Cleave","PrismaticShard","Kunai","Armaments+1","PowerPotion","Prayer Wheel"],"campfire_rested":4,"item_purchase_floors":[5,24,24,24,24,28,28,29,29,37,37,37,37,44],"current_hp_per_floor":[80,80,76,80,80,72,73,73,73,66,36,21,21,21,75,75,75,75,75,59,61,55,75,85,85,85,58,58,58,61,67,67,24,85,82,70,70,60,66,61,28,80,80,80,80,43,38,8,75,0],"gold":196,"neow_bonus":"","is_prod":false,"is_daily":true,"chose_seed":false,"campfire_upgraded":0,"win_rate":0.0,"timestamp":1537716905,"path_taken":["M","?","?","M","$","E","M","?","T","M","?","E","?","?","R","BOSS","M","?","?","M","?","R","$","?","T","E","?","$","M","?","R","BOSS","M","M","$","M","M","M","E","R","T","$","R","M","M","E","R","BOSS"],"build_version":"2018-09-20","purchased_purges":0,"victory":false,"max_hp_per_floor":[80,80,80,80,80,80,80,80,80,80,80,80,80,80,75,75,75,75,75,75,80,80,75,85,85,85,85,85,85,85,85,85,85,85,85,85,85,85,85,85,85,80,80,80,80,80,80,80,75,78],"card_choices":[{"not_picked":["Wild Strike","Shrug It Off"],"picked":"Anger","floor":1},{"not_picked":["Havoc","Rage"],"picked":"Infernal Blade","floor":3},{"not_picked":["Rage","Perfected Strike"],"picked":"Twin Strike","floor":4},{"not_picked":["Clash","Sever Soul"],"picked":"Perfected Strike","floor":6},{"not_picked":["Body Slam","Whirlwind"],"picked":"Anger","floor":7},{"not_picked":["Clothesline","Seeing Red"],"picked":"Shrug It Off","floor":10},{"not_picked":["Rage","Clothesline"],"picked":"Thunderclap","floor":11},{"not_picked":["Rupture","Uppercut"],"picked":"Bludgeon","floor":12},{"not_picked":["Barricade","Berserk"],"picked":"Exhume","floor":16},{"not_picked":["True Grit","Rupture+1"],"picked":"Corruption","floor":18},{"not_picked":["Pummel","Perfected Strike"],"picked":"Battle Trance","floor":21},{"not_picked":["Impervious","Intimidate+1"],"picked":"True Grit","floor":27},{"not_picked":["Rampage","Shrug It Off+1"],"picked":"Twin Strike+1","floor":30},{"not_picked":["Headbutt+1","Intimidate+1"],"picked":"Iron Wave","floor":31},{"not_picked":["Berserk","Juggernaut"],"picked":"Impervious+1","floor":33},{"not_picked":["Intimidate+1","Rampage"],"picked":"Cleave","floor":35},{"not_picked":["Thunderclap","Pummel"],"picked":"Combust+1","floor":36},{"not_picked":["Deep Breath+1","Twin Strike"],"picked":"Go for the Eyes+1","floor":38},{"not_picked":["Sword Boomerang","Blind+1"],"picked":"Outmaneuver+1","floor":39},{"not_picked":["Impervious+1","Clothesline"],"picked":"Deflect+1","floor":40},{"not_picked":["Fission+1","Fission+1"],"picked":"Quick Slash+1","floor":41},{"not_picked":["Combust","True Grit+1"],"picked":"Shrug It Off+1","floor":46},{"not_picked":["Tempest+1","Loop"],"picked":"Flechettes+1","floor":46},{"not_picked":["Consume+1","Feed"],"picked":"Backstab+1","floor":47},{"not_picked":["Heel Hook+1","Evolve+1"],"picked":"Dagger Spray","floor":47},{"not_picked":["Chill+1","Coolheaded+1"],"picked":"Bandage Up+1","floor":48}],"player_experience":177977,"relics_obtained":[{"floor":6,"key":"Du-Vu Doll"},{"floor":9,"key":"Omamori"},{"floor":12,"key":"Pantograph"},{"floor":14,"key":"Mercury Hourglass"},{"floor":20,"key":"Nilry\u0027s Codex"},{"floor":26,"key":"Bottled Tornado"},{"floor":27,"key":"Toxic Egg 2"},{"floor":41,"key":"Bronze Scales"},{"floor":43,"key":"Champion Belt"},{"floor":48,"key":"Gremlin Horn"}],"event_choices":[{"event_name":"Golden Idol","player_choice":"Take Wound","floor":2,"damage_taken":0},{"event_name":"Golden Shrine","player_choice":"Desecrate","floor":8,"damage_taken":0},{"event_name":"Upgrade Shrine","player_choice":"Upgraded","floor":13,"damage_taken":0},{"event_name":"Beggar","player_choice":"Ignored","floor":19,"damage_taken":0},{"event_name":"Cursed Tome","player_choice":"Obtained Book","floor":20,"damage_taken":0},{"event_name":"Nest","player_choice":"Joined the Cult","floor":22,"damage_taken":0},{"event_name":"Addict","player_choice":"Stole Relic","floor":25,"damage_taken":0}],"is_beta":false,"boss_relics":[{"not_picked":["Runic Dome","Philosopher\u0027s Stone"],"picked":"Fusion Hammer"},{"not_picked":["Mark of Pain","Coffee Dripper"],"picked":"White Beast Statue"}],"items_purged_floors":[],"is_endless":false,"potions_floor_spawned":[1,6,11,12,21,30,35,36,38,39,40,41,46,47,48],"killed_by":"Awakened One","ascension_level":0}