{"gold_per_floor":[113,124,124,142,142,181,53,72,97,97,97,97,24,60,60,185,185,208,208,224,237,237,237],"floor_reached":23,"playtime":885,"items_purged":["Injury"],"score":249,"play_id":"d0eba256-2fb7-4eee-8eb2-f938077f00ba","local_time":"20190321111905","is_ascension_mode":true,"campfire_choices":[{"floor":12.0,"key":"REST"},{"floor":15,"key":"REST"}],"neow_cost":"PERCENT_DAMAGE","seed_source_timestamp":670221126952097,"circlet_count":0,"master_deck":["Strike_R","Strike_R","Strike_R","Strike_R","Defend_R","Defend_R","Defend_R","Defend_R","Bash","Immolate","Inflame+1","Uppercut","Rampage","Shrug It Off","Corruption","Inflame","Pummel","Limit Break+1","Pummel","Shame"],"special_seed":0,"relics":["Burning Blood","Golden Idol","Juzu Bracelet","Pen Nib","Potion Belt","Bag of Preparation","Black Star","Paper Frog"],"potions_floor_usage":[14,16,23,23,23,23,23,23],"damage_taken":[{"damage":8.0,"enemies":"Small Slimes","floor":1.0,"turns":3.0},{"damage":0.0,"enemies":"Cultist","floor":2.0,"turns":2.0},{"damage":10.0,"enemies":"Jaw Worm","floor":4.0,"turns":4.0},{"damage":35.0,"enemies":"3 Sentries","floor":6.0,"turns":6.0},{"damage":0.0,"enemies":"3 Louse","floor":8.0,"turns":1.0},{"damage":35,"enemies":"Lagavulin","floor":14,"turns":6},{"damage":36,"enemies":"The Guardian","floor":16,"turns":11},{"damage":24,"enemies":"Shell Parasite","floor":18,"turns":5},{"damage":20,"enemies":"2 Thieves","floor":20,"turns":4},{"damage":32,"enemies":"Centurion and Healer","floor":21,"turns":4},{"damage":2,"enemies":"Book of Stabbing","floor":23,"turns":2}],"seed_played":"-311977798549705384","potions_obtained":[{"floor":1.0,"key":"Fire Potion"},{"floor":6.0,"key":"PowerPotion"},{"floor":8.0,"key":"Regen Potion"},{"floor":21,"key":"EntropicBrew"}],"is_trial":false,"path_per_floor":["M","M","?","M","?","E","$","M","T","?","?","R","$","E","R","B",null,"M","?","M","M","?","E"],"character_chosen":"IRONCLAD","items_purchased":["Shrug It Off","Inflame"],"campfire_rested":2,"item_purchase_floors":[7,13],"current_hp_per_floor":[54,60,60,56,56,27,27,33,33,33,15,39,39,25,49,19,65,47,47,33,7,7,13],"gold":237,"neow_bonus":"THREE_RARE_CARDS","is_prod":false,"is_daily":false,"chose_seed":false,"campfire_upgraded":0,"win_rate":0,"timestamp":1553181545,"path_taken":["M","M","?","?","?","E","$","M","T","?","?","R","?","E","R","BOSS","M","?","M","M","?","E"],"build_version":"2019-01-23","purchased_purges":1,"victory":false,"max_hp_per_floor":[80,80,80,80,80,80,80,80,80,80,80,80,80,80,80,80,80,80,80,80,80,80,80],"card_choices":[{"not_picked":["Double Tap","Berserk"],"picked":"Immolate","floor":0.0},{"not_picked":["Clash","True Grit"],"picked":"Inflame","floor":1.0},{"not_picked":["Clash","Thunderclap"],"picked":"Uppercut","floor":2.0},{"not_picked":["Sword Boomerang","Searing Blow","Bloodletting"],"picked":"SKIP","floor":4.0},{"not_picked":["Clothesline","Intimidate"],"picked":"Rampage","floor":6.0},{"not_picked":["Havoc","Headbutt"],"picked":"Corruption","floor":8.0},{"not_picked":["Iron Wave","Wild Strike"],"picked":"Pummel","floor":14},{"not_picked":["Feed","Juggernaut"],"picked":"Limit Break","floor":16},{"not_picked":["Iron Wave","Dual Wield"],"picked":"Pummel","floor":18},{"not_picked":["Headbutt+1","Flex","Sword Boomerang"],"picked":"SKIP","floor":20},{"not_picked":["Clothesline","Perfected Strike","Dual Wield"],"picked":"SKIP","floor":21}],"player_experience":209715,"relics_obtained":[{"floor":6.0,"key":"Juzu Bracelet"},{"floor":9.0,"key":"Pen Nib"},{"floor":14,"key":"Bag of Preparation"}],"event_choices":[{"cards_removed":["Strike_R"],"damage_healed":0.0,"max_hp_gain":0.0,"max_hp_loss":0.0,"gold_gain":0.0,"event_name":"Purifier","player_choice":"Purged","floor":3.0,"gold_loss":0.0,"damage_taken":0.0},{"damage_healed":0.0,"max_hp_gain":0.0,"max_hp_loss":0.0,"gold_gain":0.0,"event_name":"Golden Idol","player_choice":"Take Wound","floor":5.0,"gold_loss":0.0,"damage_taken":0.0,"relics_obtained":["Golden Idol"],"cards_obtained":["Injury"]},{"damage_healed":0.0,"max_hp_gain":0.0,"max_hp_loss":0.0,"gold_gain":0.0,"event_name":"Living Wall","player_choice":"Grow","floor":10.0,"gold_loss":0.0,"damage_taken":0.0,"cards_upgraded":["Inflame"]},{"damage_healed":0.0,"max_hp_gain":0.0,"max_hp_loss":0.0,"gold_gain":0.0,"event_name":"Scrap Ooze","player_choice":"Success","floor":11.0,"gold_loss":0.0,"damage_taken":18.0,"relics_obtained":["Potion Belt"]},{"damage_healed":0,"gold_gain":0,"player_choice":"Stole Relic","damage_taken":0,"relics_obtained":["Paper Frog"],"max_hp_gain":0,"max_hp_loss":0,"event_name":"Addict","floor":19,"gold_loss":0,"cards_obtained":["Shame"]},{"damage_healed":0,"gold_gain":0,"player_choice":"Upgraded","damage_taken":0,"max_hp_gain":0,"max_hp_loss":0,"event_name":"Upgrade Shrine","floor":22,"gold_loss":0,"cards_upgraded":["Limit Break"]}],"is_beta":false,"boss_relics":[{"not_picked":["Lizard Tail","Snecko Eye"],"picked":"Black Star"}],"items_purged_floors":[7],"is_endless":false,"potions_floor_spawned":[1,6,8,21],"killed_by":"Book of Stabbing","ascension_level":5}