{"gold_per_floor":[114,36,51,62,79,79,110,128,177,452,452,627,656,248,248,347,397,413,338,388,328,343,369,219,231,257,289,289,319,319,319,319,424,424,440,453,473,487,487,520,533,558,583,583,593,609,609,636,636,636],"floor_reached":51,"playtime":3777,"items_purged":["Regret"],"score":906,"play_id":"2963ec72-cded-4e22-b1d6-27541bc2b3c8","local_time":"20190330003105","is_ascension_mode":true,"campfire_choices":[{"data":"White Noise","floor":6,"key":"SMITH"},{"floor":11,"key":"REST"},{"floor":15,"key":"REST"},{"floor":32,"key":"REST"},{"floor":44,"key":"REST"},{"floor":49,"key":"REST"}],"neow_cost":"NONE","seed_source_timestamp":1406056792692639,"circlet_count":0,"master_deck":["Strike_B","Strike_B","Strike_B","Strike_B","Defend_B","Defend_B","Defend_B","Defend_B","Zap","Dualcast","White Noise+1","Loop","FTL","White Noise+1","Cold Snap","Echo Form","Recycle","Self Repair","Coolheaded","Self Repair","Seek","Reinforced Body","Glacier","BootSequence","White Noise+1","Electrodynamics","Secret Technique","Mind Blast","Self Repair","Go for the Eyes","Core Surge","Auto Shields","Echo Form","Glacier+1","Loop+1","Cold Snap+1","Defragment+1","Echo Form","Blizzard","Lockon","Force Field","Cold Snap","Machine Learning"],"relics":["Cracked Core","Juzu Bracelet","Art of War","Dodecahedron","Membership Card","Regal Pillow","Tiny House","Vajra","Bag of Marbles","PreservedInsect","Cables","Pear","Sozu","Oddly Smooth Stone","Lantern","Anchor","Smiling Mask"],"potions_floor_usage":[5,16,27,33,33,37],"damage_taken":[{"damage":0,"enemies":"Cultist","floor":1,"turns":4},{"damage":16,"enemies":"Jaw Worm","floor":3,"turns":4},{"damage":2,"enemies":"2 Louse","floor":4,"turns":3},{"damage":6,"enemies":"Large Slime","floor":5,"turns":4},{"damage":8,"enemies":"3 Sentries","floor":7,"turns":7},{"damage":22,"enemies":"Red Slaver","floor":8,"turns":4},{"damage":18,"enemies":"Lagavulin","floor":13,"turns":6},{"damage":50,"enemies":"Hexaghost","floor":16,"turns":9},{"damage":23,"enemies":"Chosen","floor":18,"turns":5},{"damage":13,"enemies":"2 Thieves","floor":21,"turns":4},{"damage":6,"enemies":"Snake Plant","floor":22,"turns":7},{"damage":16,"enemies":"Book of Stabbing","floor":23,"turns":9},{"damage":29,"enemies":"Shelled Parasite and Fungi","floor":25,"turns":8},{"damage":7,"enemies":"Gremlin Leader","floor":27,"turns":6},{"damage":40,"enemies":"Book of Stabbing","floor":29,"turns":5},{"damage":18,"enemies":"Champ","floor":33,"turns":10},{"damage":11,"enemies":"3 Darklings","floor":35,"turns":5},{"damage":4,"enemies":"3 Shapes","floor":36,"turns":4},{"damage":17,"enemies":"3 Darklings","floor":37,"turns":4},{"damage":24,"enemies":"Maw","floor":38,"turns":8},{"damage":9,"enemies":"Giant Head","floor":40,"turns":5},{"damage":21,"enemies":"Spire Growth","floor":41,"turns":5},{"damage":54,"enemies":"Reptomancer","floor":42,"turns":5},{"damage":16,"enemies":"Jaw Worm Horde","floor":45,"turns":4},{"damage":19,"enemies":"Sphere and 2 Shapes","floor":46,"turns":5},{"damage":4,"enemies":"Giant Head","floor":48,"turns":9},{"damage":89,"enemies":"Time Eater","floor":50,"turns":10}],"seed_played":"-7931489965522623983","potions_obtained":[{"floor":1,"key":"SkillPotion"},{"floor":7,"key":"FocusPotion"},{"floor":8,"key":"SpeedPotion"},{"floor":13,"key":"Explosive Potion"},{"floor":17,"key":"Swift Potion"},{"floor":23,"key":"FocusPotion"},{"floor":33,"key":"SpeedPotion"}],"is_trial":false,"path_per_floor":["M","$","M","M","M","R","E","M","T","?","R","?","E","$","R","B",null,"M","?","?","M","M","E","$","M","T","E","?","E","?","?","R","B",null,"M","M","M","M","?","E","M","E","T","R","M","M","?","E","R","B",null],"character_chosen":"DEFECT","items_purchased":["Loop","Membership Card","Coolheaded","Self Repair","Regal Pillow","Secret Technique","Mind Blast","Self Repair"],"campfire_rested":5,"item_purchase_floors":[2,14,14,14,14,24,24,24],"current_hp_per_floor":[82,82,66,64,58,58,50,28,28,28,52,52,34,34,73,37,87,78,78,78,79,87,85,85,63,63,84,84,58,68,68,97,86,97,97,97,80,77,77,89,75,49,49,93,77,72,72,75,97,8],"gold":636,"neow_bonus":"TEN_PERCENT_HP_BONUS","is_prod":false,"is_daily":false,"chose_seed":false,"campfire_upgraded":1,"win_rate":0,"timestamp":1553920265,"path_taken":["M","?","M","M","M","R","E","M","T","?","R","?","E","$","R","BOSS","M","?","?","M","M","E","$","M","T","E","?","E","?","?","R","BOSS","M","M","M","M","?","E","M","E","T","R","M","M","?","E","R","BOSS"],"build_version":"2019-01-23","purchased_purges":1,"victory":true,"max_hp_per_floor":[82,82,82,82,82,82,82,82,82,82,82,82,82,82,82,82,87,87,87,87,87,87,87,87,87,87,87,87,87,97,97,97,97,97,97,97,97,97,97,97,97,97,97,97,97,97,97,97,97,97],"card_choices":[{"not_picked":["Tempest","Hologram"],"picked":"White Noise","floor":1},{"not_picked":["Barrage","Streamline"],"picked":"FTL","floor":3},{"not_picked":["Gash","Rebound"],"picked":"White Noise","floor":4},{"not_picked":["Ball Lightning","Gash"],"picked":"Cold Snap","floor":5},{"not_picked":["Rip and Tear","Hologram"],"picked":"Echo Form","floor":7},{"not_picked":["Streamline","Leap"],"picked":"Recycle","floor":8},{"not_picked":["Steam Power","Redo"],"picked":"Self Repair","floor":13},{"not_picked":["Reboot","Core Surge"],"picked":"Seek","floor":16},{"not_picked":["Gash","Leap"],"picked":"Reinforced Body","floor":17},{"not_picked":["Redo","Chaos"],"picked":"Glacier","floor":18},{"not_picked":["Streamline","Turbo"],"picked":"BootSequence","floor":21},{"not_picked":["Turbo","Streamline"],"picked":"White Noise+1","floor":22},{"not_picked":["Streamline+1","Coolheaded"],"picked":"Electrodynamics","floor":23},{"not_picked":["Rebound","Conserve Battery","Recycle"],"picked":"SKIP","floor":25},{"not_picked":["Barrage","Gash"],"picked":"Go for the Eyes","floor":27},{"not_picked":["Beam Cell","Fusion"],"picked":"Auto Shields","floor":29},{"not_picked":["Thunder Strike","Electrodynamics"],"picked":"Echo Form","floor":33},{"not_picked":["Melter","Go for the Eyes"],"picked":"Glacier+1","floor":35},{"not_picked":["Sweeping Beam","Go for the Eyes"],"picked":"Loop+1","floor":36},{"not_picked":["Static Discharge","Fusion+1"],"picked":"Cold Snap+1","floor":37},{"not_picked":["Undo","Sweeping Beam"],"picked":"Defragment+1","floor":38},{"not_picked":["Ball Lightning","Scrape","Thunder Strike"],"picked":"SKIP","floor":40},{"not_picked":["Compile Driver","Rebound"],"picked":"Blizzard","floor":41},{"not_picked":["Streamline","Beam Cell"],"picked":"Lockon","floor":42},{"not_picked":["Rebound","Redo+1"],"picked":"Force Field","floor":45},{"not_picked":["Leap","Aggregate"],"picked":"Cold Snap","floor":46},{"not_picked":["Coolheaded","Sunder+1"],"picked":"Machine Learning","floor":48}],"player_experience":428910,"relics_obtained":[{"floor":7,"key":"Juzu Bracelet"},{"floor":9,"key":"Art of War"},{"floor":13,"key":"Dodecahedron"},{"floor":23,"key":"Vajra"},{"floor":26,"key":"Bag of Marbles"},{"floor":27,"key":"PreservedInsect"},{"floor":29,"key":"Cables"},{"floor":40,"key":"Oddly Smooth Stone"},{"floor":42,"key":"Lantern"},{"floor":43,"key":"Anchor"},{"floor":48,"key":"Smiling Mask"}],"event_choices":[{"damage_healed":0,"gold_gain":275,"player_choice":"Desecrate","damage_taken":0,"max_hp_gain":0,"max_hp_loss":0,"event_name":"Golden Shrine","floor":10,"gold_loss":0,"cards_obtained":["Regret"]},{"damage_healed":0,"gold_gain":175,"player_choice":"AGREE","damage_taken":0,"max_hp_gain":0,"max_hp_loss":0,"event_name":"Liars Game","floor":12,"gold_loss":0,"cards_obtained":["Doubt"]},{"cards_removed":["Doubt"],"damage_healed":0,"gold_gain":0,"player_choice":"Gave Gold","damage_taken":0,"max_hp_gain":0,"max_hp_loss":0,"event_name":"Beggar","floor":19,"gold_loss":75},{"damage_healed":0,"gold_gain":100,"player_choice":"Bet on Murderer","damage_taken":0,"max_hp_gain":0,"max_hp_loss":0,"event_name":"The Joust","floor":20,"gold_loss":50},{"damage_healed":0,"gold_gain":0,"player_choice":"Read","damage_taken":0,"max_hp_gain":0,"max_hp_loss":0,"event_name":"The Library","floor":28,"gold_loss":0,"cards_obtained":["Core Surge"]},{"damage_healed":0,"gold_gain":0,"player_choice":"Opened","damage_taken":0,"relics_obtained":["Pear"],"max_hp_gain":0,"max_hp_loss":0,"event_name":"The Mausoleum","floor":30,"gold_loss":0},{"damage_healed":0,"gold_gain":0,"player_choice":"Ignored","damage_taken":0,"max_hp_gain":0,"max_hp_loss":0,"event_name":"Vampires","floor":31,"gold_loss":0},{"damage_healed":0,"gold_gain":0,"player_choice":"Copied","damage_taken":0,"max_hp_gain":0,"max_hp_loss":0,"event_name":"Duplicator","floor":39,"gold_loss":0,"cards_obtained":["Echo Form"]},{"damage_healed":0,"gold_gain":0,"player_choice":"Bought 0 Potions","damage_taken":0,"max_hp_gain":0,"max_hp_loss":0,"event_name":"The Woman in Blue","floor":47,"gold_loss":0}],"is_beta":false,"boss_relics":[{"not_picked":["Velvet Choker","Busted Crown"],"picked":"Tiny House"},{"not_picked":["Calling Bell","Coffee Dripper"],"picked":"Sozu"}],"items_purged_floors":[14],"is_endless":false,"potions_floor_spawned":[1,7,8,13,22,23,33,38,40,42,48],"ascension_level":2}