{"gold_per_floor":[118,68,68,82,99,99,159,3,53,53,53,73,86,102,102,207,207,222,66,66,79,96,124,138,138,187,197,197,77,97,110,110,110],"floor_reached":33,"playtime":867,"items_purged":["Strike_R"],"score":271,"play_id":"6f2a4922-14de-4f00-94d3-82768df208dd","local_time":"20190212203731","is_ascension_mode":false,"campfire_choices":[{"data":"Hemokinesis","floor":6,"key":"SMITH"},{"data":"Double Tap","floor":10,"key":"SMITH"},{"data":"Armaments","floor":15,"key":"SMITH"},{"data":"Immolate","floor":25,"key":"SMITH"},{"data":"Uppercut","floor":32,"key":"SMITH"}],"neow_cost":"NONE","seed_source_timestamp":12788421354971,"circlet_count":0,"master_deck":["Strike_R","Strike_R","Strike_R","Defend_R","Defend_R","Defend_R","Defend_R","Bash","Anger","Armaments+1","Uppercut+1","Hemokinesis+1","Reaper","Double Tap+1","Flame Barrier","Pommel Strike","Immolate+1","Power Through+1","Feel No Pain","Spot Weakness+1","Shrug It Off","Disarm","Rage","Headbutt"],"relics":["Burning Blood","Tiny Chest","Art of War","Eternal Feather","Enchiridion","The Courier","Dream Catcher","Lantern"],"potions_floor_usage":[18,23,24,31,31,33],"damage_taken":[{"damage":10,"enemies":"Small Slimes","floor":1,"turns":4},{"damage":11,"enemies":"Jaw Worm","floor":4,"turns":4},{"damage":4,"enemies":"Cultist","floor":5,"turns":3},{"damage":33,"enemies":"Lagavulin","floor":7,"turns":5},{"damage":9,"enemies":"Looter","floor":12,"turns":3},{"damage":7,"enemies":"2 Fungi Beasts","floor":13,"turns":3},{"damage":18,"enemies":"Lots of Slimes","floor":14,"turns":4},{"damage":51,"enemies":"The Guardian","floor":16,"turns":12},{"damage":8,"enemies":"3 Byrds","floor":18,"turns":3},{"damage":12,"enemies":"Chosen","floor":21,"turns":6},{"damage":33,"enemies":"Shelled Parasite and Fungi","floor":22,"turns":4},{"damage":17,"enemies":"Gremlin Leader","floor":23,"turns":6},{"damage":28,"enemies":"Snake Plant","floor":24,"turns":5},{"damage":18,"enemies":"Snecko","floor":27,"turns":4},{"damage":30,"enemies":"Centurion and Healer","floor":30,"turns":7},{"damage":34,"enemies":"3 Cultists","floor":31,"turns":6},{"damage":61,"enemies":"Automaton","floor":33,"turns":8}],"seed_played":"-2073730474951327801","potions_obtained":[{"floor":0,"key":"SneckoOil"},{"floor":0,"key":"Dexterity Potion"},{"floor":0,"key":"SteroidPotion"},{"floor":4,"key":"LiquidBronze"},{"floor":5,"key":"SkillPotion"},{"floor":18,"key":"EssenceOfSteel"},{"floor":23,"key":"BloodPotion"},{"floor":30,"key":"Dexterity Potion"}],"is_trial":false,"path_per_floor":["M","$","?","M","M","R","E","$","T","R","?","M","M","M","R","B",null,"M","$","?","M","M","E","M","R","T","M","?","$","M","M","R","B"],"character_chosen":"IRONCLAD","items_purchased":["Armaments","Double Tap","Feel No Pain","Lantern"],"campfire_rested":0,"item_purchase_floors":[2,8,19,29],"current_hp_per_floor":[76,76,81,76,78,78,51,51,51,51,51,48,55,63,63,18,85,83,83,67,62,35,34,28,40,40,34,18,18,18,44,56,0],"gold":110,"neow_bonus":"THREE_SMALL_POTIONS","is_prod":false,"is_daily":false,"chose_seed":false,"campfire_upgraded":5,"win_rate":0,"timestamp":1550014651,"path_taken":["M","$","?","M","M","R","E","$","T","R","?","?","M","M","R","BOSS","M","$","?","M","M","E","M","R","T","M","?","$","M","M","R","BOSS"],"build_version":"2019-01-23","purchased_purges":1,"victory":false,"max_hp_per_floor":[80,80,85,85,85,85,85,85,85,85,85,85,85,85,85,85,85,85,85,85,85,85,85,85,85,85,85,90,90,90,90,90,90],"card_choices":[{"not_picked":["Flex","Perfected Strike"],"picked":"Anger","floor":1},{"not_picked":["Anger","Sentinel"],"picked":"Uppercut","floor":4},{"not_picked":["Body Slam","Second Wind"],"picked":"Hemokinesis","floor":5},{"not_picked":["Combust","Sword Boomerang"],"picked":"Reaper","floor":7},{"not_picked":["Body Slam","Twin Strike","Dual Wield"],"picked":"SKIP","floor":12},{"not_picked":["Headbutt","Power Through"],"picked":"Flame Barrier","floor":13},{"not_picked":["Thunderclap","Searing Blow"],"picked":"Pommel Strike","floor":14},{"not_picked":["Barricade","Dark Embrace"],"picked":"Immolate","floor":16},{"not_picked":["Rupture+1","Heavy Blade"],"picked":"Power Through+1","floor":18},{"not_picked":["Entrench+1","Pommel Strike+1"],"picked":"Spot Weakness+1","floor":21},{"not_picked":["Ghostly Armor","Thunderclap+1"],"picked":"Shrug It Off","floor":22},{"not_picked":["Clash","True Grit","Clothesline"],"picked":"SKIP","floor":23},{"not_picked":["Thunderclap","Bloodletting"],"picked":"Disarm","floor":24},{"not_picked":["Iron Wave+1","Heavy Blade"],"picked":"Rage","floor":27},{"not_picked":["Pommel Strike","Sentinel+1","Clash"],"picked":"SKIP","floor":30},{"not_picked":["Barricade","Twin Strike"],"picked":"Headbutt","floor":31}],"player_experience":841784,"relics_obtained":[{"floor":7,"key":"Tiny Chest"},{"floor":9,"key":"Art of War"},{"floor":20,"key":"Enchiridion"},{"floor":23,"key":"The Courier"},{"floor":26,"key":"Dream Catcher"}],"event_choices":[{"damage_healed":0,"gold_gain":0,"player_choice":"Donut","damage_taken":0,"max_hp_gain":5,"max_hp_loss":0,"event_name":"Big Fish","floor":3,"gold_loss":0},{"cards_removed":["Strike_R"],"damage_healed":0,"gold_gain":0,"player_choice":"Offered Basic","damage_taken":0,"max_hp_gain":0,"max_hp_loss":0,"event_name":"Bonfire Elementals","floor":11,"gold_loss":0},{"damage_healed":0,"gold_gain":0,"player_choice":"Obtained Book","damage_taken":16,"max_hp_gain":0,"max_hp_loss":0,"event_name":"Cursed Tome","floor":20,"gold_loss":0},{"damage_healed":0,"gold_gain":0,"player_choice":"Shed Blood","damage_taken":21,"max_hp_gain":5,"max_hp_loss":0,"event_name":"Forgotten Altar","floor":28,"gold_loss":0}],"is_beta":false,"boss_relics":[{"not_picked":["Pandora\u0027s Box","Tiny House"],"picked":"Eternal Feather"}],"items_purged_floors":[19],"is_endless":false,"potions_floor_spawned":[4,5,12,16,18,21,23,30],"killed_by":"Automaton","ascension_level":0}