{"gold_per_floor":[115,115,190,209,209,209,134,146,146,180,180,214,214,233,233,233],"floor_reached":16,"playtime":917,"items_purged":["Strike_G"],"score":211,"play_id":"7df4e69f-9199-4089-b251-1bfcfb9d8313","local_time":"20190622103728","is_ascension_mode":true,"campfire_choices":[{"data":"Dagger Spray","floor":6,"key":"SMITH"},{"floor":11,"key":"REST"},{"data":"Cloak And Dagger","floor":15,"key":"SMITH"}],"neow_cost":"NONE","seed_source_timestamp":837830199197588,"circlet_count":0,"master_deck":["AscendersBane","Defend_G","Defend_G","Defend_G","Defend_G","Defend_G","Strike_G","Strike_G","Strike_G","Strike_G","Survivor","Neutralize","Dagger Spray+1","Cloak And Dagger","Cloak And Dagger+1","Backstab"],"relics":["Ring of the Snake","Regal Pillow","Vajra","Shuriken","Juzu Bracelet","Darkstone Periapt"],"potions_floor_usage":[10,12],"damage_taken":[{"damage":5,"enemies":"2 Louse","floor":1,"turns":3},{"damage":6,"enemies":"Small Slimes","floor":4,"turns":3},{"damage":1,"enemies":"Jaw Worm","floor":8,"turns":4},{"damage":21,"enemies":"Lagavulin","floor":10,"turns":6},{"damage":10,"enemies":"3 Sentries","floor":12,"turns":7},{"damage":0,"enemies":"Exordium Wildlife","floor":14,"turns":1},{"damage":53,"enemies":"Slime Boss","floor":16,"turns":7}],"seed_played":"3294221506788895431","potions_obtained":[{"floor":8,"key":"Poison Potion"},{"floor":10,"key":"Block Potion"}],"is_trial":false,"path_per_floor":["M","?","?","M","T","R","$","M","T","E","R","E","?","M","R","B"],"character_chosen":"THE_SILENT","items_purchased":[],"campfire_rested":1,"item_purchase_floors":[],"current_hp_per_floor":[54,59,48,42,42,42,42,41,41,20,56,46,46,46,46,0],"gold":233,"neow_bonus":"RANDOM_COMMON_RELIC","is_prod":false,"is_daily":false,"chose_seed":false,"campfire_upgraded":2,"win_rate":0,"timestamp":1561171048,"path_taken":["M","?","?","M","?","R","$","?","T","E","R","E","?","M","R","BOSS"],"build_version":"2019-01-23","purchased_purges":1,"victory":false,"max_hp_per_floor":[66,71,71,71,71,71,71,71,71,71,71,71,71,71,71,71],"card_choices":[{"not_picked":["Dodge and Roll","Bouncing Flask"],"picked":"Dagger Spray","floor":1},{"not_picked":["Acrobatics","Prepared"],"picked":"Cloak And Dagger","floor":4},{"not_picked":["Terror","Prepared"],"picked":"Cloak And Dagger","floor":8},{"not_picked":["Bane","Underhanded Strike","Quick Slash"],"picked":"SKIP","floor":10},{"not_picked":["Dagger Throw","Terror"],"picked":"Backstab","floor":12},{"not_picked":["Flying Knee","Dagger Throw","Outmaneuver"],"picked":"SKIP","floor":14}],"player_experience":986990,"relics_obtained":[{"floor":5,"key":"Vajra"},{"floor":9,"key":"Shuriken"},{"floor":10,"key":"Juzu Bracelet"},{"floor":12,"key":"Darkstone Periapt"}],"event_choices":[{"damage_healed":0,"gold_gain":0,"player_choice":"Donut","damage_taken":0,"max_hp_gain":5,"max_hp_loss":0,"event_name":"Big Fish","floor":2,"gold_loss":0},{"damage_healed":0,"gold_gain":75,"player_choice":"Gather Gold","damage_taken":11,"max_hp_gain":0,"max_hp_loss":0,"event_name":"World of Goop","floor":3,"gold_loss":0},{"damage_healed":0,"gold_gain":0,"player_choice":"Ignored","damage_taken":0,"max_hp_gain":0,"max_hp_loss":0,"event_name":"Liars Game","floor":13,"gold_loss":0}],"is_beta":false,"boss_relics":[],"items_purged_floors":[7],"is_endless":false,"potions_floor_spawned":[8,10],"killed_by":"Slime Boss","ascension_level":19}