{"gold_per_floor":[109,109,109,130,153,153,172,172,242,286,436,452,452,255,255,255],"floor_reached":16,"playtime":704,"items_purged":["Doubt"],"score":185,"play_id":"87fee92e-1dc2-4eda-9763-e6f185c81ed0","local_time":"20181221163940","is_ascension_mode":true,"campfire_choices":[{"data":"Cloak And Dagger","floor":6,"key":"SMITH"},{"data":"Deadly Poison","floor":8,"key":"SMITH"},{"data":"Venomology","floor":13,"key":"SMITH"},{"data":"Footwork","floor":15,"key":"SMITH"}],"neow_cost":"NONE","seed_source_timestamp":3101781337846,"circlet_count":0,"master_deck":["AscendersBane","Defend_G","Defend_G","Defend_G","Defend_G","Defend_G","Strike_G","Strike_G","Strike_G","Strike_G","Strike_G","Survivor","Neutralize+1","Flying Knee","Cloak And Dagger+1","Heel Hook","Deadly Poison+1","Venomology+1","Prepared","Leg Sweep","Footwork+1"],"relics":["Ring of the Snake","Golden Idol","Pear","Art of War"],"potions_floor_usage":[10,12,16,16],"damage_taken":[{"damage":2,"enemies":"Small Slimes","floor":1,"turns":4},{"damage":0,"enemies":"2 Louse","floor":4,"turns":2},{"damage":0,"enemies":"Cultist","floor":5,"turns":4},{"damage":3,"enemies":"3 Louse","floor":7,"turns":4},{"damage":25,"enemies":"Gremlin Nob","floor":10,"turns":4},{"damage":0,"enemies":"Red Slaver","floor":12,"turns":3},{"damage":46,"enemies":"Slime Boss","floor":16,"turns":12}],"seed_played":"-6767363818645052959","potions_obtained":[{"floor":4,"key":"EssenceOfSteel"},{"floor":5,"key":"AttackPotion"},{"floor":10,"key":"SteroidPotion"}],"is_trial":false,"path_per_floor":["M","?","?","M","M","R","M","R","T","E","?","M","R","$","R","B"],"character_chosen":"THE_SILENT","items_purchased":["Leg Sweep","Footwork"],"campfire_rested":0,"item_purchase_floors":[14,14],"current_hp_per_floor":[63,63,63,63,63,63,60,60,70,45,45,45,45,45,45,0],"gold":255,"neow_bonus":"TEN_PERCENT_HP_BONUS","is_prod":false,"is_daily":false,"chose_seed":false,"campfire_upgraded":4,"win_rate":0,"timestamp":1545421180,"path_taken":["M","?","?","M","M","R","M","R","T","E","?","M","R","$","R","BOSS"],"build_version":"2018-12-20","purchased_purges":1,"victory":false,"max_hp_per_floor":[72,65,65,65,65,65,65,65,75,75,75,75,75,75,75,75],"card_choices":[{"not_picked":["Quick Slash","Cloak And Dagger"],"picked":"Flying Knee","floor":1},{"not_picked":["Blade Dance","Dodge and Roll"],"picked":"Cloak And Dagger","floor":4},{"not_picked":["Concentrate","A Thousand Cuts"],"picked":"Heel Hook","floor":5},{"not_picked":["Blade Dance","Poisoned Stab"],"picked":"Deadly Poison","floor":7},{"not_picked":["Backstab","Choke"],"picked":"Venomology","floor":10},{"not_picked":["Outmaneuver","Acrobatics"],"picked":"Prepared","floor":12}],"player_experience":586152,"relics_obtained":[{"floor":9,"key":"Pear"},{"floor":10,"key":"Art of War"}],"event_choices":[{"damage_healed":0,"gold_gain":0,"player_choice":"Lose Max HP","damage_taken":0,"relics_obtained":["Golden Idol"],"max_hp_gain":0,"max_hp_loss":7,"event_name":"Golden Idol","floor":2,"gold_loss":0},{"damage_healed":0,"gold_gain":0,"player_choice":"Grow","damage_taken":0,"max_hp_gain":0,"max_hp_loss":0,"event_name":"Living Wall","floor":3,"gold_loss":0,"cards_upgraded":["Neutralize"]},{"damage_healed":0,"gold_gain":150,"player_choice":"AGREE","damage_taken":0,"max_hp_gain":0,"max_hp_loss":0,"event_name":"Liars Game","floor":11,"gold_loss":0,"cards_obtained":["Doubt"]}],"is_beta":false,"boss_relics":[],"items_purged_floors":[14],"is_endless":false,"potions_floor_spawned":[4,5,10,12],"killed_by":"Slime Boss","ascension_level":17}