{"gold_per_floor":[212,223,223,79,93,124,143,143,143,153,163,192,157,168,168,264,264,247,247,247,57,75,110,110,129,129,129,228,228,256,256],"floor_reached":31,"playtime":1662,"items_purged":[],"score":342,"play_id":"799c745d-fae0-463b-b514-b2ab9a8055c3","local_time":"20190119234705","is_ascension_mode":true,"campfire_choices":[{"data":"Heavy Blade","floor":8,"key":"SMITH"},{"data":"Inflame","floor":15,"key":"SMITH"},{"floor":24,"key":"REST"},{"data":"1","floor":27,"key":"LIFT"},{"floor":29,"key":"REST"}],"neow_cost":"NONE","seed_source_timestamp":935432372235032,"circlet_count":0,"master_deck":["Strike_R+1","Strike_R+1","Strike_R+1","Strike_R+1","Strike_R+1","Defend_R+1","Defend_R+1","Defend_R+1","Defend_R+1","Bash","Power Through","Heavy Blade","Pommel Strike","Heavy Blade+1","Pummel","Fire Breathing","Inflame+1","Shrug It Off","Limit Break","Clothesline+1","Heavy Blade","Shame","Evolve+1"],"relics":["Burning Blood","Bag of Preparation","Ornamental Fan","Peace Pipe","Ginger","Cursed Key","HandDrill","Letter Opener","Girya","Du-Vu Doll"],"potions_floor_usage":[12,16,16,23,25,30],"damage_taken":[{"damage":1,"enemies":"2 Louse","floor":1,"turns":3},{"damage":14,"enemies":"Jaw Worm","floor":2,"turns":3},{"damage":4,"enemies":"Small Slimes","floor":5,"turns":4},{"damage":40,"enemies":"Gremlin Nob","floor":6,"turns":5},{"damage":1,"enemies":"2 Fungi Beasts","floor":7,"turns":4},{"damage":15,"enemies":"Large Slime","floor":10,"turns":8},{"damage":6,"enemies":"3 Louse","floor":11,"turns":3},{"damage":20,"enemies":"3 Sentries","floor":12,"turns":6},{"damage":13,"enemies":"Exordium Thugs","floor":14,"turns":3},{"damage":33,"enemies":"The Guardian","floor":16,"turns":12},{"damage":17,"enemies":"2 Thieves","floor":18,"turns":4},{"damage":5,"enemies":"Chosen","floor":22,"turns":4},{"damage":47,"enemies":"Gremlin Leader","floor":23,"turns":9},{"damage":11,"enemies":"Shelled Parasite and Fungi","floor":25,"turns":4},{"damage":77,"enemies":"Book of Stabbing","floor":30,"turns":7},{"damage":16,"enemies":"Sentry and Sphere","floor":31,"turns":3}],"seed_played":"6592166690114597423","potions_obtained":[{"floor":7,"key":"PowerPotion"},{"floor":12,"key":"Poison Potion"},{"floor":14,"key":"Weak Potion"},{"floor":16,"key":"Fire Potion"},{"floor":22,"key":"SpeedPotion"},{"floor":23,"key":"EssenceOfSteel"}],"is_trial":false,"path_per_floor":["M","M","?","$","M","E","M","R","T","M","M","E","?","M","R","B",null,"M","?","?","$","M","E","R","M","T","R","?","R","E","M"],"character_chosen":"IRONCLAD","items_purchased":["Bag of Preparation","HandDrill"],"campfire_rested":2,"item_purchase_floors":[4,21],"current_hp_per_floor":[80,72,77,77,79,45,50,50,50,41,41,27,48,41,41,14,85,74,74,74,74,75,34,59,54,54,54,54,79,8,0],"gold":256,"neow_bonus":"HUNDRED_GOLD","is_prod":false,"is_daily":false,"chose_seed":false,"campfire_upgraded":2,"win_rate":0,"timestamp":1547959625,"path_taken":["M","M","?","$","M","E","M","R","T","M","M","E","?","M","R","BOSS","M","?","?","$","M","E","R","M","T","R","?","R","E","M"],"build_version":"2019-01-17v2","purchased_purges":0,"victory":false,"max_hp_per_floor":[80,80,85,85,85,85,85,85,85,85,85,85,85,85,85,85,85,85,85,85,85,85,85,85,85,85,85,85,85,85,85],"card_choices":[{"not_picked":["Thunderclap","Sword Boomerang"],"picked":"Power Through","floor":1},{"not_picked":["Havoc","Body Slam","Headbutt"],"picked":"SKIP","floor":2},{"not_picked":["Dual Wield","Havoc"],"picked":"Heavy Blade","floor":5},{"not_picked":["Flex","Blood for Blood"],"picked":"Pommel Strike","floor":6},{"not_picked":["Intimidate","Wild Strike"],"picked":"Heavy Blade","floor":7},{"not_picked":["Burning Pact","Berserk"],"picked":"Pummel","floor":10},{"not_picked":["Iron Wave","Shrug It Off"],"picked":"Fire Breathing","floor":11},{"not_picked":["Flex","Combust"],"picked":"Inflame","floor":12},{"not_picked":["Headbutt","Pommel Strike"],"picked":"Shrug It Off","floor":14},{"not_picked":["Exhume","Feed"],"picked":"Limit Break","floor":16},{"not_picked":["Anger","Pommel Strike+1"],"picked":"Clothesline+1","floor":18},{"not_picked":["Havoc","Searing Blow","Wild Strike"],"picked":"SKIP","floor":22},{"not_picked":["Wild Strike","Dark Embrace","Hemokinesis+1"],"picked":"SKIP","floor":23},{"not_picked":["Havoc","Flex"],"picked":"Heavy Blade","floor":25},{"not_picked":["Anger","Warcry+1"],"picked":"Evolve+1","floor":30}],"player_experience":128974,"relics_obtained":[{"floor":6,"key":"Ornamental Fan"},{"floor":9,"key":"Peace Pipe"},{"floor":12,"key":"Ginger"},{"floor":23,"key":"Letter Opener"},{"floor":26,"key":"Girya"},{"floor":30,"key":"Du-Vu Doll"}],"event_choices":[{"damage_healed":0,"gold_gain":0,"player_choice":"Donut","damage_taken":0,"max_hp_gain":5,"max_hp_loss":0,"event_name":"Big Fish","floor":3,"gold_loss":0},{"damage_healed":21,"gold_gain":0,"player_choice":"Healed","damage_taken":0,"max_hp_gain":0,"max_hp_loss":0,"event_name":"The Cleric","floor":13,"gold_loss":35},{"damage_healed":0,"gold_gain":0,"player_choice":"Simplicity","damage_taken":0,"max_hp_gain":0,"max_hp_loss":0,"event_name":"Back to Basics","floor":19,"gold_loss":0,"cards_upgraded":["Strike_R","Strike_R","Strike_R","Strike_R","Strike_R","Defend_R","Defend_R","Defend_R","Defend_R"]},{"damage_healed":0,"gold_gain":0,"player_choice":"Ignored","damage_taken":0,"max_hp_gain":0,"max_hp_loss":0,"event_name":"Vampires","floor":20,"gold_loss":0},{"damage_healed":0,"gold_gain":99,"player_choice":"Stole From Cult","damage_taken":0,"max_hp_gain":0,"max_hp_loss":0,"event_name":"Nest","floor":28,"gold_loss":0}],"is_beta":false,"boss_relics":[{"not_picked":["Sozu","Empty Cage"],"picked":"Cursed Key"}],"items_purged_floors":[],"is_endless":false,"potions_floor_spawned":[7,12,14,16,22,23],"killed_by":"Sentry and Sphere","ascension_level":4}