{"gold_per_floor":[116,116,96,61,12,38,51,71,71,104,120,120,140,165,165,260,260,275,308,308],"floor_reached":20,"playtime":985,"items_purged":[],"score":230,"play_id":"f79228cc-9004-4947-9911-58ec2501cc76","local_time":"20180926234740","is_ascension_mode":true,"campfire_choices":[{"data":"Hello World","floor":12,"key":"SMITH"},{"floor":15,"key":"REST"}],"neow_cost":"","seed_source_timestamp":1072299069571611,"circlet_count":0,"master_deck":["Strike_B","Strike_B","Strike_B","Strike_B","Defend_B+1","Defend_B","Defend_B+1","Defend_B","Zap","Dualcast","Hello World+1","Conserve Battery","Conserve Battery","Loop","Leap","Sweeping Beam","Glacier","Streamline","BootSequence","Creative AI","Go for the Eyes","Barrage"],"relics":["Cracked Core","Gambling Chip","Pear","Nunchaku","Calipers","Busted Crown","Red Mask"],"potions_floor_usage":[6,10,14,18,19],"damage_taken":[{"damage":0,"enemies":"Cultist","floor":1,"turns":4},{"damage":8,"enemies":"Gremlin Nob","floor":6,"turns":3},{"damage":0,"enemies":"Jaw Worm","floor":7,"turns":3},{"damage":4,"enemies":"Small Slimes","floor":8,"turns":4},{"damage":12,"enemies":"Lagavulin","floor":10,"turns":7},{"damage":4,"enemies":"Looter","floor":11,"turns":3},{"damage":10,"enemies":"Exordium Wildlife","floor":13,"turns":6},{"damage":21,"enemies":"Gremlin Nob","floor":14,"turns":4},{"damage":31,"enemies":"Hexaghost","floor":16,"turns":13},{"damage":31,"enemies":"3 Byrds","floor":18,"turns":6},{"damage":52,"enemies":"Masked Bandits","floor":19,"turns":8},{"damage":22,"enemies":"Chosen","floor":20,"turns":4}],"seed_played":"5677104363937989916","potions_obtained":[{"floor":1,"key":"Regen Potion"},{"floor":3,"key":"Poison Potion"},{"floor":6,"key":"GamblersBrew"},{"floor":10,"key":"Poison Potion"},{"floor":16,"key":"EssenceOfSteel"}],"is_trial":false,"path_per_floor":["M","?","?","?","$","E","M","M","T","E","M","R","M","E","R","B",null,"M","?"],"character_chosen":"DEFECT","items_purchased":["Conserve Battery"],"campfire_rested":1,"item_purchase_floors":[5],"current_hp_per_floor":[75,60,60,75,75,67,67,63,73,75,71,71,61,40,65,34,85,54,2,0],"gold":308,"neow_bonus":"","is_prod":false,"is_daily":false,"chose_seed":false,"campfire_upgraded":1,"win_rate":0,"timestamp":1538020060,"path_taken":["M","?","?","?","?","E","M","M","T","E","M","R","M","E","R","BOSS","M","?","M"],"build_version":"2018-09-20","purchased_purges":0,"victory":false,"max_hp_per_floor":[75,75,75,75,75,75,75,75,85,85,85,85,85,85,85,85,85,85,85,85],"card_choices":[{"not_picked":["Hologram","Darkness"],"picked":"Hello World","floor":1},{"not_picked":["Rip and Tear","Cold Snap"],"picked":"Conserve Battery","floor":6},{"not_picked":["Leap","Steam"],"picked":"Loop","floor":7},{"not_picked":["Rebound","Go for the Eyes"],"picked":"Leap","floor":8},{"not_picked":["Heatsinks","Turbo"],"picked":"Sweeping Beam","floor":10},{"not_picked":["Steam","Reboot"],"picked":"Glacier","floor":11},{"not_picked":["Rebound","Chaos"],"picked":"Streamline","floor":13},{"not_picked":["Beam Cell","Coolheaded"],"picked":"BootSequence","floor":14},{"not_picked":["Amplify","All For One"],"picked":"Creative AI","floor":16},{"not_picked":[],"picked":"Go for the Eyes","floor":18},{"not_picked":[],"picked":"Barrage","floor":19}],"player_experience":198265,"relics_obtained":[{"floor":6,"key":"Gambling Chip"},{"floor":9,"key":"Pear"},{"floor":10,"key":"Nunchaku"},{"floor":14,"key":"Calipers"},{"floor":19,"key":"Red Mask"}],"event_choices":[{"event_name":"Shining Light","player_choice":"Entered Light","floor":2,"damage_taken":0},{"event_name":"The Woman in Blue","player_choice":"Bought 1 Potion","floor":3,"damage_taken":0},{"event_name":"The Cleric","player_choice":"Healed","floor":4,"damage_taken":0},{"event_name":"Masked Bandits","player_choice":"Fought Bandits","floor":19,"damage_taken":0}],"is_beta":false,"boss_relics":[{"not_picked":["Philosopher\u0027s Stone","Sozu"],"picked":"Busted Crown"}],"items_purged_floors":[],"is_endless":false,"potions_floor_spawned":[1,6,10,16],"killed_by":"Chosen","ascension_level":4}