{"gold_per_floor":[114,129,129,22,37,116,146,146,146,161,1,31,46,221,221,321,321,336,336,186,201,218,218,218],"floor_reached":24,"playtime":967,"items_purged":[],"score":254,"play_id":"0cdca634-0f11-4ea9-913f-845eb1e7be13","local_time":"20181206211701","daily_mods":["Allstar","ControlledChaos","Lethality"],"is_ascension_mode":false,"campfire_choices":[{"floor":8,"key":"REST"},{"floor":15,"key":"REST"},{"floor":23,"key":"REST"}],"neow_cost":"","seed_source_timestamp":0,"circlet_count":0,"master_deck":["Strike_B","Strike_B","Strike_B","Strike_B","Defend_B","Defend_B","Defend_B","Defend_B","Zap","Dualcast","Violence","Impatience","Mayhem+1","Panacea","Enlightenment","Gash","Compile Driver","Defragment","Melter","Double Energy","Genetic Algorithm","Cold Snap","Reboot","Dramatic Entrance","Creative AI","Stack","Doubt","Hyperbeam","Leap+1","Gash","Streamline+1"],"special_seed":17872,"relics":["Cracked Core","Frozen Eye","Pear","Mummified Hand","Turnip","Black Star","Happy Flower","Red Mask"],"potions_floor_usage":[16,16,16,22],"damage_taken":[{"damage":3,"enemies":"Small Slimes","floor":1,"turns":2},{"damage":4,"enemies":"Cultist","floor":2,"turns":3},{"damage":9,"enemies":"2 Louse","floor":5,"turns":2},{"damage":21,"enemies":"3 Sentries","floor":7,"turns":6},{"damage":2,"enemies":"2 Fungi Beasts","floor":10,"turns":3},{"damage":15,"enemies":"Gremlin Nob","floor":12,"turns":3},{"damage":7,"enemies":"Exordium Wildlife","floor":13,"turns":3},{"damage":0,"enemies":"Slime Boss","floor":16,"turns":7},{"damage":49,"enemies":"3 Byrds","floor":18,"turns":4},{"damage":19,"enemies":"Shell Parasite","floor":21,"turns":6},{"damage":0,"enemies":"Masked Bandits","floor":22,"turns":2},{"damage":43,"enemies":"Gremlin Leader","floor":24,"turns":5}],"seed_played":"-1452955457845597649","potions_obtained":[{"floor":7,"key":"Ancient Potion"},{"floor":10,"key":"LiquidBronze"},{"floor":12,"key":"FocusPotion"},{"floor":21,"key":"SkillPotion"}],"is_trial":false,"path_per_floor":["M","M","?","$","M","?","E","R","T","M","$","E","M","?","R","B",null,"M","?","$","M","?","R","E"],"character_chosen":"DEFECT","items_purchased":["Defragment","Melter","Reboot","Dramatic Entrance","Happy Flower"],"campfire_rested":3,"item_purchase_floors":[4,4,11,11,20],"current_hp_per_floor":[72,68,68,68,59,59,48,73,73,71,71,56,49,49,74,74,85,36,36,36,17,17,42,0],"gold":218,"neow_bonus":"","is_prod":false,"is_daily":true,"chose_seed":false,"campfire_upgraded":0,"win_rate":0,"timestamp":1544149021,"path_taken":["M","M","?","?","M","?","E","R","T","M","$","E","M","?","R","BOSS","M","?","$","M","?","R","E"],"build_version":"2018-12-06","purchased_purges":0,"victory":false,"max_hp_per_floor":[75,75,75,75,75,75,85,85,85,85,85,85,85,85,85,85,85,85,85,85,85,85,85,85],"card_choices":[{"not_picked":["Cold Snap","Redo"],"picked":"Gash","floor":1},{"not_picked":["Sweeping Beam","Force Field"],"picked":"Compile Driver","floor":2},{"not_picked":["Consume","Steam"],"picked":"Double Energy","floor":5},{"not_picked":["Scrape","Beam Cell"],"picked":"Genetic Algorithm","floor":7},{"not_picked":["Recycle","Reprogram"],"picked":"Cold Snap","floor":10},{"not_picked":["Core Surge","Rebound"],"picked":"Creative AI","floor":12},{"not_picked":["Static Discharge","Sunder"],"picked":"Stack","floor":13},{"not_picked":["Multi-Cast","Machine Learning"],"picked":"Hyperbeam","floor":16},{"not_picked":["Hologram","Gash"],"picked":"Leap+1","floor":18},{"not_picked":["BootSequence","Steam+1"],"picked":"Gash","floor":21},{"not_picked":["Stack","Skim+1"],"picked":"Streamline+1","floor":22}],"player_experience":253755,"relics_obtained":[{"floor":7,"key":"Pear"},{"floor":9,"key":"Mummified Hand"},{"floor":12,"key":"Turnip"},{"floor":22,"key":"Red Mask"}],"event_choices":[{"damage_healed":0,"gold_gain":0,"player_choice":"Upgraded","damage_taken":0,"max_hp_gain":0,"max_hp_loss":0,"event_name":"Upgrade Shrine","floor":3,"gold_loss":0,"cards_upgraded":["Mayhem"]},{"damage_healed":0,"gold_gain":79,"player_choice":"Gained Gold","damage_taken":0,"max_hp_gain":0,"max_hp_loss":0,"event_name":"Golden Wing","floor":6,"gold_loss":0},{"damage_healed":0,"gold_gain":175,"player_choice":"AGREE","damage_taken":0,"max_hp_gain":0,"max_hp_loss":0,"event_name":"Liars Game","floor":14,"gold_loss":0,"cards_obtained":["Doubt"]},{"damage_healed":0,"gold_gain":0,"player_choice":"Ignored","damage_taken":0,"max_hp_gain":0,"max_hp_loss":0,"event_name":"Ghosts","floor":19,"gold_loss":0},{"damage_healed":0,"gold_gain":0,"player_choice":"Fought Bandits","damage_taken":0,"max_hp_gain":0,"max_hp_loss":0,"event_name":"Masked Bandits","floor":22,"gold_loss":0}],"is_beta":false,"boss_relics":[{"not_picked":["Sozu","Coffee Dripper"],"picked":"Black Star"}],"items_purged_floors":[],"is_endless":false,"potions_floor_spawned":[7,10,12,21],"killed_by":"Gremlin Leader","ascension_level":0}