{"path_per_floor":["M","M","M","M","?","M","M","M","T","M","M","R","?","M","R","B",null,"M","$","?","M","M","R","E","R","T","R","?","M","M","M","R","B",null,"M","$","M","M","$","R","E","R","T","E"],"character_chosen":"IRONCLAD","items_purchased":["Du-Vu Doll","Strawberry","Toolbox"],"gold_per_floor":[110,124,134,147,147,165,184,200,226,245,258,258,333,351,351,455,455,465,27,27,42,56,56,86,86,109,109,109,124,142,156,156,252,252,267,15,26,42,42,42,75,75,75,134],"floor_reached":45,"campfire_rested":5,"playtime":1595,"current_hp_per_floor":[80,80,75,80,86,79,60,54,54,60,47,86,75,71,71,9,92,77,84,84,70,76,76,43,87,87,87,93,105,67,77,105,31,105,59,59,43,24,24,70,11,57,57,17],"items_purged":[],"gold":134,"score":519,"play_id":"5be3f72a-c6ea-450b-a966-88c8cf450214","is_prod":false,"is_daily":false,"is_ascension_mode":false,"campfire_upgraded":3,"path_taken":["M","M","M","M","?","M","M","M","T","M","M","R","?","M","R","BOSS","M","$","?","M","?","R","E","R","T","R","?","?","M","M","R","BOSS","M","$","?","?","$","R","E","R","T","E","M"],"build_version":"2018-02-12-PROD1","purchased_purges":0,"victory":false,"master_deck":["Strike_R+1","Strike_R+1","Strike_R+1","Strike_R+1","Strike_R+1","Defend_R+1","Defend_R+1","Defend_R+1","Defend_R+1","Bash","Thunderclap","Perfected Strike+1","Sword Boomerang","Flex","Perfected Strike","Pommel Strike","Double Tap+1","Pommel Strike","Reaper","Parasite","Impervious+1","Sword Boomerang+1","Anger+1","Twin Strike+1","Thunderclap","Armaments+1","Writhe","Pummel+1","Shockwave+1","Armaments","Limit Break","Blood for Blood+1","Perfected Strike+1","Inflame+1","Barricade","Perfected Strike"],"max_hp_per_floor":[80,80,80,80,86,86,86,86,86,86,86,86,86,86,86,86,92,92,99,99,99,99,99,99,99,99,99,105,105,105,105,105,105,105,105,105,105,105,105,105,105,105,105,105],"relics":["Burning Blood","Whetstone","Darkstone Periapt","Regal Pillow","Astrolabe","Du-Vu Doll","Strawberry","Bag of Marbles","Art of War","Sundial","Lizard Tail","Toolbox","Pen Nib","Unceasing Top","Tiny Chest"],"card_choices":[{"not_picked":["Evolve","Dropkick"],"picked":"Thunderclap"},{"not_picked":["Brutality","Headbutt"],"picked":"Intimidate"},{"not_picked":["Clothesline","Bloodletting"],"picked":"Perfected Strike"},{"not_picked":["Sever Soul","Clash"],"picked":"Sword Boomerang"},{"not_picked":["Armaments","Feel No Pain"],"picked":"True Grit"},{"not_picked":["Blood for Blood","Dropkick"],"picked":"Flex"},{"not_picked":["Blood for Blood","Body Slam"],"picked":"Perfected Strike"},{"not_picked":["Shrug It Off","Havoc"],"picked":"Pommel Strike"},{"not_picked":["Havoc","Clash"],"picked":"Double Tap"},{"not_picked":["Feel No Pain","Clash"],"picked":"Pommel Strike"},{"not_picked":["Dark Embrace","Immolate"],"picked":"Reaper"},{"not_picked":["Sever Soul","Intimidate"],"picked":"Anger"},{"not_picked":["Shrug It Off","Sentinel"],"picked":"Twin Strike"},{"not_picked":["Spot Weakness","Headbutt"],"picked":"Thunderclap"},{"not_picked":["Feed","Demon Form"],"picked":"Armaments"},{"not_picked":["Rage","Heavy Blade"],"picked":"Pummel"},{"not_picked":["Body Slam","Twin Strike"],"picked":"Shockwave"},{"not_picked":["Reckless Charge","Inflame"],"picked":"Armaments"},{"not_picked":["Offering","Immolate"],"picked":"Limit Break"},{"not_picked":["Clothesline","Anger"],"picked":"Blood for Blood"},{"not_picked":["Anger","Clash"],"picked":"Perfected Strike"},{"not_picked":["Wild Strike","Clash"],"picked":"Inflame"},{"not_picked":["True Grit","Sever Soul"],"picked":"Barricade"},{"not_picked":["Thunderclap","Pommel Strike"],"picked":"Perfected Strike"}],"player_experience":88687,"potions_floor_usage":[7,8,16,16,22,22,31,33,41,44],"damage_taken":[{"damage":0,"enemies":"Cultist","floor":1,"turns":4},{"damage":6,"enemies":"Blue Slaver","floor":2,"turns":5},{"damage":11,"enemies":"Jaw Worm","floor":3,"turns":3},{"damage":0,"enemies":"Large Slime","floor":4,"turns":5},{"damage":13,"enemies":"3 Louse","floor":6,"turns":3},{"damage":25,"enemies":"Lots of Slimes","floor":7,"turns":4},{"damage":12,"enemies":"Looter","floor":8,"turns":3},{"damage":0,"enemies":"Large Slime","floor":10,"turns":4},{"damage":19,"enemies":"Lots of Slimes","floor":11,"turns":4},{"damage":10,"enemies":"Looter","floor":14,"turns":2},{"damage":83,"enemies":"Slime Boss","floor":16,"turns":13},{"damage":21,"enemies":"3 Byrds","floor":18,"turns":5},{"damage":20,"enemies":"2 Thieves","floor":21,"turns":2},{"damage":0,"enemies":"Snake Plant","floor":22,"turns":2},{"damage":44,"enemies":"Slavers","floor":24,"turns":6},{"damage":2,"enemies":"Sentry and Sphere","floor":29,"turns":4},{"damage":44,"enemies":"Centurion and Healer","floor":30,"turns":5},{"damage":8,"enemies":"Snecko","floor":31,"turns":3},{"damage":97,"enemies":"Automaton","floor":33,"turns":11},{"damage":52,"enemies":"3 Darklings","floor":35,"turns":4},{"damage":52,"enemies":"3 Shapes","floor":37,"turns":5},{"damage":25,"enemies":"3 Darklings","floor":38,"turns":4},{"damage":69,"enemies":"Giant Head","floor":41,"turns":7},{"damage":47,"enemies":"Nemesis","floor":44,"turns":7},{"damage":80,"enemies":"Maw","floor":45,"turns":7}],"event_choices":[{"event_name":"Accursed Blacksmith","player_choice":"Rummage","floor":5,"damage_taken":0},{"event_name":"World of Goop","player_choice":"Gather Gold","floor":13,"damage_taken":0},{"event_name":"Back to Basics","player_choice":"Simplicity","floor":20,"damage_taken":0},{"event_name":"The Mausoleum","player_choice":"Yes","floor":28,"damage_taken":0}],"boss_relics":[{"not_picked":["Velvet Choker","Black Star"],"picked":"Astrolabe"},{"not_picked":["Eternal Feather","Question Card"],"picked":"Lizard Tail"}],"potions_floor_spawned":[1,2,8,11,16,21,29,30,37,41],"seed_played":"3697046358247272621","killed_by":"Maw","ascension_level":0,"is_trial":false}