{"gold_per_floor":[14,14,25,37,37,37,37,57,83,119,36,36,36,56,56,56],"floor_reached":16,"playtime":550,"items_purged":[],"score":190,"play_id":"727833b5-23e4-4429-a1ec-75864923f479","local_time":"20190620205919","is_ascension_mode":true,"campfire_choices":[{"data":"Neutralize","floor":6,"key":"SMITH"},{"floor":13,"key":"REST"},{"floor":15,"key":"REST"}],"neow_cost":"NO_GOLD","seed_source_timestamp":702708880919819,"circlet_count":0,"master_deck":["AscendersBane","Defend_G","Defend_G","Defend_G","Defend_G","Defend_G","Strike_G","Strike_G","Strike_G","Strike_G","Survivor","Neutralize+1","Well Laid Plans","Poisoned Stab","Cloak And Dagger","Deadly Poison","Footwork"],"relics":["Ring of the Snake","Incense Burner","Golden Idol","Potion Belt","Vajra","Dodecahedron"],"potions_floor_usage":[10],"damage_taken":[{"damage":19,"enemies":"Jaw Worm","floor":1,"turns":9},{"damage":3,"enemies":"2 Louse","floor":3,"turns":3},{"damage":1,"enemies":"Small Slimes","floor":4,"turns":3},{"damage":0,"enemies":"Blue Slaver","floor":8,"turns":6},{"damage":21,"enemies":"3 Sentries","floor":10,"turns":10},{"damage":18,"enemies":"Exordium Thugs","floor":14,"turns":5},{"damage":35,"enemies":"The Guardian","floor":16,"turns":5}],"seed_played":"3177526777445498660","potions_obtained":[{"floor":8,"key":"Dexterity Potion"}],"is_trial":false,"path_per_floor":["M","?","M","M","?","R","?","M","T","E","$","T","R","M","R","B"],"character_chosen":"THE_SILENT","items_purchased":["Footwork"],"campfire_rested":2,"item_purchase_floors":[11],"current_hp_per_floor":[40,40,37,36,36,36,36,36,36,15,15,15,33,15,33,0],"gold":56,"neow_bonus":"ONE_RARE_RELIC","is_prod":false,"is_daily":false,"chose_seed":false,"campfire_upgraded":1,"win_rate":0,"timestamp":1561035559,"path_taken":["M","?","M","M","?","R","?","M","T","E","?","?","R","?","R","BOSS"],"build_version":"2019-01-23","purchased_purges":0,"victory":false,"max_hp_per_floor":[66,66,66,66,66,66,60,60,60,60,60,60,60,60,60,60],"card_choices":[{"not_picked":["Slice","Bane"],"picked":"Well Laid Plans","floor":1},{"not_picked":["Flying Knee","Blade Dance"],"picked":"Poisoned Stab","floor":3},{"not_picked":["Bane","Outmaneuver"],"picked":"Cloak And Dagger","floor":4},{"not_picked":["Riddle With Holes","PiercingWail"],"picked":"Deadly Poison","floor":8},{"not_picked":["Slice","Flying Knee","Poisoned Stab"],"picked":"SKIP","floor":10},{"not_picked":["Bouncing Flask","Phantasmal Killer","PiercingWail"],"picked":"SKIP","floor":14}],"player_experience":928476,"relics_obtained":[{"floor":9,"key":"Potion Belt"},{"floor":10,"key":"Vajra"},{"floor":12,"key":"Dodecahedron"}],"event_choices":[{"damage_healed":0,"gold_gain":0,"player_choice":"Leave","damage_taken":0,"max_hp_gain":0,"max_hp_loss":0,"event_name":"The Cleric","floor":2,"gold_loss":0},{"cards_removed":["Strike_G"],"damage_healed":0,"gold_gain":0,"player_choice":"Forget","damage_taken":0,"max_hp_gain":0,"max_hp_loss":0,"event_name":"Living Wall","floor":5,"gold_loss":0},{"damage_healed":0,"gold_gain":0,"player_choice":"Lose Max HP","damage_taken":0,"relics_obtained":["Golden Idol"],"max_hp_gain":0,"max_hp_loss":6,"event_name":"Golden Idol","floor":7,"gold_loss":0}],"is_beta":false,"boss_relics":[],"items_purged_floors":[],"is_endless":false,"potions_floor_spawned":[8],"killed_by":"The Guardian","ascension_level":18}