{"gold_per_floor":[119,135,210,226,237,264,264,594,662,737,737],"floor_reached":11,"playtime":587,"items_purged":[],"score":108,"play_id":"93930251-da11-46f6-9d00-0ee53693b0bb","local_time":"20181226143216","is_ascension_mode":true,"campfire_choices":[{"data":"Clothesline","floor":7,"key":"SMITH"}],"neow_cost":"TEN_PERCENT_HP_LOSS","seed_source_timestamp":352823375789258,"circlet_count":0,"master_deck":["Strike_R","Strike_R","Strike_R","Strike_R","Strike_R","Defend_R","Defend_R","Defend_R","Defend_R","Bash","Juggernaut","Anger","Blood for Blood","Ghostly Armor","Clothesline+1","Impervious","Brutality"],"relics":["Burning Blood","Regal Pillow","Old Coin","Toxic Egg 2"],"potions_floor_usage":[11,11,11],"damage_taken":[{"damage":1,"enemies":"Cultist","floor":1,"turns":4},{"damage":2,"enemies":"Jaw Worm","floor":2,"turns":3},{"damage":14,"enemies":"2 Louse","floor":4,"turns":2},{"damage":2,"enemies":"2 Fungi Beasts","floor":5,"turns":4},{"damage":31,"enemies":"Lagavulin","floor":6,"turns":8},{"damage":35,"enemies":"3 Sentries","floor":8,"turns":8},{"damage":5,"enemies":"Exordium Thugs","floor":11,"turns":3}],"seed_played":"4988417588810554543","potions_obtained":[{"floor":4,"key":"Ancient Potion"},{"floor":5,"key":"GamblersBrew"},{"floor":8,"key":"Energy Potion"}],"is_trial":false,"path_per_floor":["M","M","?","M","M","E","R","E","T","?","M"],"character_chosen":"IRONCLAD","items_purchased":[],"campfire_rested":0,"item_purchase_floors":[],"current_hp_per_floor":[72,72,72,64,68,43,43,14,14,3,0],"gold":737,"neow_bonus":"THREE_RARE_CARDS","is_prod":false,"is_daily":false,"chose_seed":false,"campfire_upgraded":1,"win_rate":0,"timestamp":1545863536,"path_taken":["M","M","?","M","M","E","R","E","T","?","M"],"build_version":"2018-12-20","purchased_purges":0,"victory":false,"max_hp_per_floor":[72,72,72,72,72,72,72,72,72,72,72],"card_choices":[{"not_picked":["Limit Break","Berserk"],"picked":"Juggernaut","floor":0},{"not_picked":["Perfected Strike","Feel No Pain"],"picked":"Anger","floor":1},{"not_picked":["Sever Soul","Ghostly Armor"],"picked":"Blood for Blood","floor":2},{"not_picked":["Warcry","Perfected Strike"],"picked":"Ghostly Armor","floor":4},{"not_picked":["Pommel Strike","Hemokinesis"],"picked":"Clothesline","floor":5},{"not_picked":["Entrench","Havoc"],"picked":"Impervious","floor":6},{"not_picked":["Thunderclap","Sever Soul"],"picked":"Brutality","floor":8}],"player_experience":118089,"relics_obtained":[{"floor":6,"key":"Regal Pillow"},{"floor":8,"key":"Old Coin"},{"floor":9,"key":"Toxic Egg 2"}],"event_choices":[{"damage_healed":0,"gold_gain":75,"player_choice":"Gained Gold","damage_taken":0,"max_hp_gain":0,"max_hp_loss":0,"event_name":"Golden Wing","floor":3,"gold_loss":0},{"damage_healed":0,"gold_gain":75,"player_choice":"Gather Gold","damage_taken":11,"max_hp_gain":0,"max_hp_loss":0,"event_name":"World of Goop","floor":10,"gold_loss":0}],"is_beta":false,"boss_relics":[],"items_purged_floors":[],"is_endless":false,"potions_floor_spawned":[4,5,8],"killed_by":"Exordium Thugs","ascension_level":6}