{"gold_per_floor":[116,116,66,77,87,87,102,131,131,131,157,157,157,176,176,271,271,251,251,270,280,16,16,41,41,68,85,105,124,124,224,224,320,320,338,338,7,17,64,64,90,118,209,221,268,295,267,295,307,319],"floor_reached":51,"playtime":4339,"items_purged":["Defend_G"],"score":986,"play_id":"f0d619b2-4529-4bbd-a330-b5eadc67c512","local_time":"20190121231752","is_ascension_mode":true,"campfire_choices":[{"data":"Neutralize","floor":6.0,"key":"SMITH"},{"data":"Predator","floor":10.0,"key":"SMITH"},{"data":"Cloak And Dagger","floor":12.0,"key":"SMITH"},{"data":"Leg Sweep","floor":15.0,"key":"SMITH"},{"floor":23.0,"key":"REST"},{"data":"Backstab","floor":25.0,"key":"SMITH"},{"floor":30.0,"key":"REST"},{"data":"Footwork","floor":32.0,"key":"SMITH"},{"floor":40.0,"key":"REST"},{"floor":44.0,"key":"REST"},{"floor":49,"key":"REST"}],"neow_cost":"NONE","seed_source_timestamp":1103443275358467,"circlet_count":0,"master_deck":["Defend_G","Defend_G","Defend_G","Strike_G","Strike_G","Strike_G","Survivor","Neutralize+1","Terror","Predator+1","Leg Sweep+1","Dash","Corpse Explosion","Cloak And Dagger+1","Die Die Die","Burst","Blur+1","Bouncing Flask","Footwork+1","Backstab+1","Infinite Blades+1","Cloak And Dagger+1","A Thousand Cuts","Apotheosis+1","Dodge and Roll+1","Footwork+1","Finisher","Envenom+1","Acrobatics+1","Well Laid Plans+1","Blade Dance+1"],"special_seed":0,"relics":["Ring of the Snake","Bottled Flame","Matryoshka","Snake Skull","Eternal Feather","Bag of Marbles","Dream Catcher","Happy Flower","Omamori","Mango","Ornamental Fan","Empty Cage","Bottled Lightning","Frozen Egg 2","Potion Belt","MawBank","Paper Crane","Ancient Tea Set"],"potions_floor_usage":[46,46,46,50],"damage_taken":[{"damage":0.0,"enemies":"Small Slimes","floor":1.0,"turns":3.0},{"damage":0.0,"enemies":"2 Louse","floor":4.0,"turns":4.0},{"damage":0.0,"enemies":"Cultist","floor":5.0,"turns":2.0},{"damage":3.0,"enemies":"Exordium Wildlife","floor":7.0,"turns":5.0},{"damage":4.0,"enemies":"Gremlin Nob","floor":8.0,"turns":4.0},{"damage":10.0,"enemies":"3 Sentries","floor":11.0,"turns":3.0},{"damage":5.0,"enemies":"Gremlin Gang","floor":14.0,"turns":2.0},{"damage":23.0,"enemies":"Slime Boss","floor":16.0,"turns":9.0},{"damage":7.0,"enemies":"2 Thieves","floor":18.0,"turns":5.0},{"damage":5.0,"enemies":"3 Byrds","floor":20.0,"turns":4.0},{"damage":29.0,"enemies":"Shelled Parasite and Fungi","floor":21.0,"turns":5.0},{"damage":10.0,"enemies":"Gremlin Leader","floor":24.0,"turns":6.0},{"damage":4.0,"enemies":"Cultist and Chosen","floor":27.0,"turns":4.0},{"damage":7.0,"enemies":"Centurion and Healer","floor":28.0,"turns":5.0},{"damage":27.0,"enemies":"Shelled Parasite and Fungi","floor":29.0,"turns":8.0},{"damage":0.0,"enemies":"Colosseum Slavers","floor":31.0,"turns":2.0},{"damage":9.0,"enemies":"Colosseum Nobs","floor":31.0,"turns":4.0},{"damage":67.0,"enemies":"Champ","floor":33.0,"turns":13.0},{"damage":14.0,"enemies":"3 Darklings","floor":35.0,"turns":4.0},{"damage":12.0,"enemies":"3 Shapes","floor":38.0,"turns":5.0},{"damage":68.0,"enemies":"Giant Head","floor":41.0,"turns":12.0},{"damage":9.0,"enemies":"3 Darklings","floor":42.0,"turns":3.0},{"damage":6,"enemies":"Reptomancer","floor":45,"turns":10},{"damage":8,"enemies":"Writhing Mass","floor":46,"turns":6},{"damage":0,"enemies":"Jaw Worm Horde","floor":48,"turns":2},{"damage":32,"enemies":"Time Eater","floor":50,"turns":14}],"seed_played":"-4420406710533482841","potions_obtained":[{"floor":5.0,"key":"Ancient Potion"},{"floor":7.0,"key":"FearPotion"},{"floor":8.0,"key":"SpeedPotion"},{"floor":11.0,"key":"Energy Potion"},{"floor":18.0,"key":"Fire Potion"},{"floor":24.0,"key":"EssenceOfSteel"},{"floor":29.0,"key":"LiquidBronze"},{"floor":31.0,"key":"SteroidPotion"},{"floor":35.0,"key":"SpeedPotion"},{"floor":42.0,"key":"Fire Potion"},{"floor":45,"key":"Explosive Potion"},{"floor":46,"key":"EssenceOfSteel"}],"is_trial":false,"path_per_floor":["M","?","?","M","M","R","M","E","T","R","E","R","?","M","R","B",null,"M","?","M","M","$","R","E","R","T","M","M","M","R","?","R","B",null,"M","?","$","M","T","R","E","M","T","R","E","M","?","M","R","B",null],"character_chosen":"THE_SILENT","items_purchased":["Footwork","PowerPotion","Bag of Marbles","Bottled Lightning"],"campfire_rested":5,"item_purchase_floors":[22,22,22,37],"current_hp_per_floor":[70,75,75,75,75,75,72,68,68,68,58,58,58,53,53,30,69,62,54,49,20,20,56,46,58,58,54,47,20,56,61,76,9,74,60,60,60,48,48,91,23,14,14,57,51,43,43,43,89,57],"gold":331,"neow_bonus":"TEN_PERCENT_HP_BONUS","is_prod":false,"is_daily":false,"chose_seed":false,"campfire_upgraded":6,"win_rate":0,"timestamp":1548130672,"path_taken":["M","?","?","M","M","R","M","E","T","R","E","R","?","?","R","BOSS","M","?","M","M","$","R","E","R","T","M","?","M","R","?","R","BOSS","M","?","$","M","?","R","E","M","T","R","E","M","?","M","R","BOSS"],"build_version":"2019-01-17v2","purchased_purges":1,"victory":true,"max_hp_per_floor":[77,82,82,82,82,82,82,82,82,82,82,82,82,82,82,82,82,82,82,82,82,82,82,82,82,82,82,82,82,82,96,96,96,96,96,96,96,96,96,96,96,96,96,96,96,96,96,96,96,96],"card_choices":[{"not_picked":["Quick Slash","Flechettes"],"picked":"Terror","floor":1.0},{"not_picked":["All Out Attack","Skewer"],"picked":"Predator","floor":4.0},{"not_picked":["Distraction","Acrobatics"],"picked":"Leg Sweep","floor":5.0},{"not_picked":["Endless Agony","Cloak And Dagger"],"picked":"Dash","floor":7.0},{"not_picked":["Quick Slash","Flying Knee"],"picked":"Corpse Explosion","floor":8.0},{"not_picked":["Calculated Gamble","Accuracy"],"picked":"Cloak And Dagger","floor":11.0},{"not_picked":["Prepared","Slice"],"picked":"Die Die Die","floor":14.0},{"not_picked":["Envenom","Malaise"],"picked":"Burst","floor":16.0},{"not_picked":["Predator","Bane","Underhanded Strike"],"picked":"SKIP","floor":18.0},{"not_picked":["Flechettes","Endless Agony"],"picked":"Blur+1","floor":20.0},{"not_picked":["Predator","Distraction"],"picked":"Bouncing Flask","floor":21.0},{"not_picked":["Blade Dance","Crippling Poison"],"picked":"Backstab","floor":24.0},{"not_picked":["Flying Knee","Quick Slash","Slice"],"picked":"SKIP","floor":27.0},{"not_picked":["Bane","Dodge and Roll","Underhanded Strike"],"picked":"SKIP","floor":28.0},{"not_picked":["Dodge and Roll+1","Prepared","Cloak And Dagger"],"picked":"SKIP","floor":29.0},{"not_picked":["Burst","Backstab"],"picked":"Infinite Blades+1","floor":30.0},{"not_picked":["Dagger Spray+1","Slice"],"picked":"Cloak And Dagger+1","floor":31.0},{"not_picked":["Tools of the Trade","Corpse Explosion"],"picked":"A Thousand Cuts","floor":33.0},{"not_picked":["Riddle With Holes","Dagger Throw","Sucker Punch"],"picked":"SKIP","floor":35.0},{"not_picked":["Mind Blast","Secret Weapon"],"picked":"Apotheosis","floor":36.0},{"not_picked":["Quick Slash","Prepared"],"picked":"Dodge and Roll+1","floor":38.0},{"not_picked":["Endless Agony+1","Underhanded Strike"],"picked":"Footwork+1","floor":40.0},{"not_picked":["Slice","Underhanded Strike"],"picked":"Finisher","floor":41.0},{"not_picked":["Prepared+1","Distraction","Finisher"],"picked":"SKIP","floor":42.0},{"not_picked":["Terror","Outmaneuver+1"],"picked":"Envenom+1","floor":45},{"not_picked":["Endless Agony+1","Escape Plan+1"],"picked":"Acrobatics+1","floor":46},{"not_picked":["Footwork+1","Deflect+1"],"picked":"Well Laid Plans+1","floor":48},{"not_picked":["Blur","Terror+1"],"picked":"Blade Dance+1","floor":49}],"player_experience":169301,"relics_obtained":[{"floor":8.0,"key":"Bottled Flame"},{"floor":9.0,"key":"Matryoshka"},{"floor":11.0,"key":"Snake Skull"},{"floor":24.0,"key":"Dream Catcher"},{"floor":26.0,"key":"Happy Flower"},{"floor":26.0,"key":"Omamori"},{"floor":31.0,"key":"Mango"},{"floor":31.0,"key":"Ornamental Fan"},{"floor":39.0,"key":"Frozen Egg 2"},{"floor":39.0,"key":"Potion Belt"},{"floor":41.0,"key":"MawBank"},{"floor":43.0,"key":"Paper Crane"},{"floor":45,"key":"Ancient Tea Set"}],"event_choices":[{"damage_healed":0.0,"max_hp_gain":5.0,"max_hp_loss":0.0,"gold_gain":0.0,"event_name":"Big Fish","player_choice":"Donut","floor":2.0,"gold_loss":0.0,"damage_taken":0.0},{"cards_removed":["Strike_G"],"damage_healed":0.0,"max_hp_gain":0.0,"max_hp_loss":0.0,"gold_gain":0.0,"event_name":"The Cleric","player_choice":"Card Removal","floor":3.0,"gold_loss":50.0,"damage_taken":0.0},{"damage_healed":0.0,"max_hp_gain":0.0,"max_hp_loss":0.0,"gold_gain":0.0,"event_name":"The Woman in Blue","player_choice":"Bought 0 Potions","floor":13.0,"gold_loss":0.0,"damage_taken":0.0},{"damage_healed":0.0,"max_hp_gain":0.0,"max_hp_loss":0.0,"gold_gain":0.0,"event_name":"Knowing Skull","player_choice":"","floor":19.0,"potions_obtained":[],"gold_loss":0.0,"damage_taken":8.0,"cards_obtained":[]},{"damage_healed":0.0,"max_hp_gain":0.0,"max_hp_loss":0.0,"gold_gain":0.0,"event_name":"Colosseum","player_choice":"Fight","floor":31.0,"gold_loss":0.0,"damage_taken":0.0},{"damage_healed":0.0,"max_hp_gain":0.0,"max_hp_loss":0.0,"gold_gain":0.0,"event_name":"Colosseum","player_choice":"Fought Nobs","floor":31.0,"gold_loss":0.0,"damage_taken":0.0},{"damage_healed":0.0,"max_hp_gain":0.0,"max_hp_loss":0.0,"gold_gain":0.0,"event_name":"SensoryStone","player_choice":"Memory 1","floor":36.0,"gold_loss":0.0,"damage_taken":0.0},{"damage_healed":0,"gold_gain":0,"player_choice":"Upgrade","damage_taken":0,"max_hp_gain":0,"max_hp_loss":0,"event_name":"Designer","floor":47,"gold_loss":40,"cards_upgraded":["Apotheosis"]}],"is_beta":false,"boss_relics":[{"not_picked":["White Beast Statue","Snecko Eye"],"picked":"Eternal Feather"},{"not_picked":["Calling Bell","Pandora\u0027s Box"],"picked":"Empty Cage"}],"items_purged_floors":[37],"is_endless":false,"potions_floor_spawned":[5,7,8,11,18,24,29,31,31,35,42,45,46],"ascension_level":7}