{"gold_per_floor":[118,118,134,154,171,171,199,256,256,256,256,269,269,281,281,281],"floor_reached":16,"playtime":992,"items_purged":[],"score":184,"play_id":"0c7e9281-1ee7-425b-a196-806406689932","local_time":"20181215205842","is_ascension_mode":true,"campfire_choices":[{"data":"Demon Form","floor":6,"key":"SMITH"},{"floor":10,"key":"REST"},{"data":"Pommel Strike","floor":13,"key":"SMITH"},{"data":"Iron Wave","floor":15,"key":"SMITH"}],"neow_cost":"NONE","seed_source_timestamp":8091398647598,"circlet_count":0,"master_deck":["AscendersBane","Strike_R","Strike_R","Strike_R","Strike_R","Defend_R","Defend_R","Defend_R","Defend_R","Bash","Demon Form+1","Twin Strike","Anger","Flame Barrier","Pommel Strike+1","Cleave","Iron Wave+1","Iron Wave","Iron Wave"],"relics":["Burning Blood","Shuriken","Darkstone Periapt"],"potions_floor_usage":[8,8,16],"damage_taken":[{"damage":8,"enemies":"2 Louse","floor":1,"turns":3},{"damage":0,"enemies":"Small Slimes","floor":3,"turns":3},{"damage":12,"enemies":"Jaw Worm","floor":4,"turns":3},{"damage":0,"enemies":"Large Slime","floor":5,"turns":3},{"damage":50,"enemies":"3 Sentries","floor":7,"turns":10},{"damage":39,"enemies":"Lagavulin Event","floor":8,"turns":6},{"damage":5,"enemies":"Looter","floor":12,"turns":4},{"damage":9,"enemies":"Blue Slaver","floor":14,"turns":3},{"damage":32,"enemies":"The Guardian","floor":16,"turns":8}],"seed_played":"8526376502149277908","potions_obtained":[{"floor":1,"key":"EssenceOfSteel"},{"floor":5,"key":"Regen Potion"},{"floor":12,"key":"GamblersBrew"}],"is_trial":false,"path_per_floor":["M","?","M","M","M","R","E","?","T","R","?","M","R","M","R","B"],"character_chosen":"IRONCLAD","items_purchased":[],"campfire_rested":1,"item_purchase_floors":[],"current_hp_per_floor":[66,71,77,71,77,77,33,14,14,38,33,34,34,31,31,0],"gold":281,"neow_bonus":"TRANSFORM_CARD","is_prod":false,"is_daily":false,"chose_seed":false,"campfire_upgraded":3,"win_rate":0,"timestamp":1544918322,"path_taken":["M","?","M","M","M","R","E","?","T","R","?","?","R","M","R","BOSS"],"build_version":"2018-12-13","purchased_purges":0,"victory":false,"max_hp_per_floor":[75,80,80,80,80,80,80,80,80,80,80,80,80,80,80,80],"card_choices":[{"not_picked":["Pummel","Cleave"],"picked":"Twin Strike","floor":1},{"not_picked":["Fire Breathing","Wild Strike"],"picked":"Anger","floor":3},{"not_picked":["Rupture","Power Through"],"picked":"Flame Barrier","floor":4},{"not_picked":["Wild Strike","True Grit"],"picked":"Pommel Strike","floor":5},{"not_picked":["Feel No Pain","Power Through"],"picked":"Cleave","floor":7},{"not_picked":["Cleave","Pommel Strike"],"picked":"Iron Wave","floor":8},{"not_picked":["Headbutt","Flame Barrier"],"picked":"Iron Wave","floor":12},{"not_picked":["Dual Wield","Inflame"],"picked":"Iron Wave","floor":14}],"player_experience":549346,"relics_obtained":[{"floor":7,"key":"Shuriken"},{"floor":8,"key":"Darkstone Periapt"}],"event_choices":[{"damage_healed":0,"gold_gain":0,"player_choice":"Donut","damage_taken":0,"max_hp_gain":5,"max_hp_loss":0,"event_name":"Big Fish","floor":2,"gold_loss":0},{"damage_healed":0,"gold_gain":0,"player_choice":"Searched \u00271\u0027 times","damage_taken":0,"max_hp_gain":0,"max_hp_loss":0,"event_name":"Dead Adventurer","floor":8,"gold_loss":0},{"damage_healed":0,"gold_gain":0,"player_choice":"Fled","damage_taken":5,"max_hp_gain":0,"max_hp_loss":0,"event_name":"Scrap Ooze","floor":11,"gold_loss":0}],"is_beta":false,"boss_relics":[],"items_purged_floors":[],"is_endless":false,"potions_floor_spawned":[1,5,12],"killed_by":"The Guardian","ascension_level":16}