{"gold_per_floor":[119,135,146,146,156,156,186,186,186,186,213,213,224,224,224,298,298,308,321,521,306,321,350,350,360,386,419,43,60,60,60,60,137,137,149,163,163,163,177,191,191,208,232,258,14,14,29,49,49,49],"floor_reached":51,"playtime":3568,"items_purged":["Strike_R","Strike_R"],"score":1337,"play_id":"31a10824-9fb1-4e15-9a4f-3d8db807e23e","local_time":"20181221033857","is_ascension_mode":true,"campfire_choices":[{"floor":6,"key":"REST"},{"floor":8,"key":"REST"},{"data":"Spot Weakness","floor":12,"key":"SMITH"},{"floor":15,"key":"REST"},{"floor":24,"key":"REST"},{"floor":32,"key":"REST"},{"floor":41,"key":"REST"},{"floor":46,"key":"REST"},{"data":"Evolve","floor":49,"key":"SMITH"}],"neow_cost":"PERCENT_DAMAGE","seed_source_timestamp":34578351289615,"circlet_count":0,"master_deck":["AscendersBane","Defend_R","Defend_R","Defend_R","Defend_R","Bash","Pommel Strike","Twin Strike","Spot Weakness+1","Evolve+1","Double Tap+1","Ghostly Armor+1","Barricade","Whirlwind+1","Inflame+1","Demon Form+1","Warcry+1","True Grit+1","Armaments+1","Iron Wave+1","Sword Boomerang+1","Shrug It Off+1","Power Through+1","Pummel","Impervious+1","Clothesline","Rupture","Flame Barrier+1","Iron Wave+1","Disarm+1","Ghostly Armor+1"],"relics":["Burning Blood","Bronze Scales","Toxic Egg 2","Kunai","Oddly Smooth Stone","Astrolabe","Dream Catcher","Regal Pillow","Whetstone","Art of War","Snecko Eye","PreservedInsect","Happy Flower","Lantern"],"potions_floor_usage":[7,7,16,18,19,19,22,23,27,33,50,50],"damage_taken":[{"damage":13,"enemies":"Jaw Worm","floor":1,"turns":4},{"damage":2,"enemies":"2 Louse","floor":2,"turns":3},{"damage":6,"enemies":"Cultist","floor":3,"turns":4},{"damage":14,"enemies":"Red Slaver","floor":5,"turns":2},{"damage":15,"enemies":"3 Sentries","floor":7,"turns":5},{"damage":40,"enemies":"Lagavulin","floor":11,"turns":7},{"damage":5,"enemies":"Looter","floor":13,"turns":3},{"damage":28,"enemies":"Slime Boss","floor":16,"turns":7},{"damage":12,"enemies":"Chosen","floor":18,"turns":4},{"damage":15,"enemies":"2 Thieves","floor":19,"turns":3},{"damage":18,"enemies":"3 Cultists","floor":22,"turns":5},{"damage":12,"enemies":"Gremlin Leader","floor":23,"turns":4},{"damage":16,"enemies":"Snecko","floor":25,"turns":5},{"damage":46,"enemies":"Book of Stabbing","floor":27,"turns":8},{"damage":24,"enemies":"Shelled Parasite and Fungi","floor":29,"turns":6},{"damage":86,"enemies":"Automaton","floor":33,"turns":10},{"damage":1,"enemies":"3 Darklings","floor":35,"turns":5},{"damage":5,"enemies":"Orb Walker","floor":36,"turns":4},{"damage":15,"enemies":"Spire Growth","floor":39,"turns":5},{"damage":27,"enemies":"Maw","floor":40,"turns":7},{"damage":6,"enemies":"3 Darklings","floor":42,"turns":5},{"damage":38,"enemies":"Nemesis","floor":44,"turns":9},{"damage":12,"enemies":"4 Shapes","floor":47,"turns":9},{"damage":0,"enemies":"Maw","floor":48,"turns":8},{"damage":0,"enemies":"Time Eater","floor":50,"turns":13}],"seed_played":"1166124743153952733","potions_obtained":[{"floor":3,"key":"Block Potion"},{"floor":5,"key":"Regen Potion"},{"floor":11,"key":"Dexterity Potion"},{"floor":13,"key":"Explosive Potion"},{"floor":14,"key":"Weak Potion"},{"floor":16,"key":"AttackPotion"},{"floor":18,"key":"Block Potion"},{"floor":19,"key":"Energy Potion"},{"floor":23,"key":"Dexterity Potion"},{"floor":29,"key":"FearPotion"},{"floor":35,"key":"SteroidPotion"},{"floor":40,"key":"Dexterity Potion"},{"floor":42,"key":"Weak Potion"}],"is_trial":false,"path_per_floor":["M","M","M","?","M","R","E","R","T","?","E","R","M","?","R","B",null,"M","M","?","$","M","E","R","M","T","E","$","M","?","?","R","B",null,"M","M","$","?","M","M","R","M","T","E","$","R","M","M","R","B",null],"character_chosen":"IRONCLAD","items_purchased":["Armaments+1","Iron Wave","Block Potion","Art of War","FairyPotion","Lantern","Disarm+1"],"campfire_rested":7,"item_purchase_floors":[21,21,21,28,28,45,45],"current_hp_per_floor":[57,61,61,26,18,44,49,75,75,80,46,46,47,47,75,53,84,78,69,69,69,57,51,79,69,69,29,29,11,30,35,78,15,74,79,80,80,80,71,50,93,93,93,61,61,94,88,94,94,94],"gold":49,"neow_bonus":"TWENTY_PERCENT_HP_BONUS","is_prod":false,"is_daily":false,"chose_seed":false,"campfire_upgraded":2,"win_rate":0,"timestamp":1545374337,"path_taken":["M","M","M","?","M","R","E","R","T","?","E","R","M","?","R","BOSS","M","M","?","$","M","E","R","?","T","E","$","M","?","?","R","BOSS","M","?","$","?","M","M","R","M","T","E","$","R","M","M","R","BOSS"],"build_version":"2018-12-20","purchased_purges":2,"victory":true,"max_hp_per_floor":[89,89,89,89,89,89,89,89,89,94,94,94,94,94,94,94,94,94,94,94,94,94,94,94,94,94,94,94,94,94,94,94,94,94,94,94,94,94,94,94,94,94,94,94,94,94,94,94,94,94],"card_choices":[{"not_picked":["Body Slam","Combust"],"picked":"Pommel Strike","floor":1},{"not_picked":["Uppercut","Sentinel"],"picked":"Twin Strike","floor":2},{"not_picked":["Clash","Rampage"],"picked":"Wild Strike","floor":3},{"not_picked":["Heavy Blade","Perfected Strike"],"picked":"Spot Weakness","floor":5},{"not_picked":["Entrench","Clothesline"],"picked":"Evolve","floor":7},{"not_picked":["Offering+1","Warcry+1"],"picked":"Double Tap+1","floor":11},{"not_picked":["Perfected Strike","Dual Wield+1"],"picked":"Ghostly Armor+1","floor":13},{"not_picked":["Bludgeon","Dark Embrace"],"picked":"Barricade","floor":16},{"not_picked":["Perfected Strike","Dropkick"],"picked":"Warcry+1","floor":18},{"not_picked":["Pommel Strike+1","Cleave"],"picked":"True Grit+1","floor":19},{"not_picked":["Rupture","Anger"],"picked":"Sword Boomerang","floor":22},{"not_picked":["Sever Soul","Havoc+1","Flex+1"],"picked":"SKIP","floor":23},{"not_picked":["Demon Form","Bloodletting+1"],"picked":"Sword Boomerang","floor":24},{"not_picked":["Heavy Blade","Cleave"],"picked":"Shrug It Off+1","floor":25},{"not_picked":["Iron Wave","Bludgeon"],"picked":"Power Through+1","floor":27},{"not_picked":["Heavy Blade","Twin Strike","Rupture"],"picked":"SKIP","floor":29},{"not_picked":["Sword Boomerang","Thunderclap"],"picked":"Pummel","floor":32},{"not_picked":["Double Tap+1","Exhume+1"],"picked":"Impervious+1","floor":33},{"not_picked":["Bloodletting+1","Feel No Pain"],"picked":"Clothesline","floor":35},{"not_picked":["Thunderclap","Headbutt","Dual Wield+1"],"picked":"SKIP","floor":36},{"not_picked":["Clothesline","Sever Soul"],"picked":"Flame Barrier+1","floor":39},{"not_picked":["Body Slam+1","Corruption"],"picked":"Iron Wave+1","floor":40},{"not_picked":["Flex+1","Armaments+1","Juggernaut"],"picked":"SKIP","floor":42},{"not_picked":["Clash+1","Iron Wave","Sword Boomerang"],"picked":"SKIP","floor":44},{"not_picked":["Headbutt","Infernal Blade+1"],"picked":"Ghostly Armor+1","floor":47},{"not_picked":["Cleave","Headbutt","Uppercut"],"picked":"SKIP","floor":48}],"player_experience":576422,"relics_obtained":[{"floor":7,"key":"Toxic Egg 2"},{"floor":9,"key":"Kunai"},{"floor":11,"key":"Oddly Smooth Stone"},{"floor":23,"key":"Dream Catcher"},{"floor":26,"key":"Regal Pillow"},{"floor":27,"key":"Whetstone"},{"floor":43,"key":"PreservedInsect"},{"floor":44,"key":"Happy Flower"}],"event_choices":[{"damage_healed":0,"gold_gain":0,"player_choice":"Success","damage_taken":35,"relics_obtained":["Bronze Scales"],"max_hp_gain":0,"max_hp_loss":0,"event_name":"Scrap Ooze","floor":4,"gold_loss":0},{"damage_healed":0,"gold_gain":0,"player_choice":"Donut","damage_taken":0,"max_hp_gain":5,"max_hp_loss":0,"event_name":"Big Fish","floor":10,"gold_loss":0},{"damage_healed":0,"gold_gain":0,"player_choice":"Got Potions","damage_taken":0,"max_hp_gain":0,"max_hp_loss":0,"event_name":"Lab","floor":14,"gold_loss":0},{"damage_healed":0,"gold_gain":250,"player_choice":"Bet on Owner","damage_taken":0,"max_hp_gain":0,"max_hp_loss":0,"event_name":"The Joust","floor":20,"gold_loss":50},{"damage_healed":19,"gold_gain":0,"player_choice":"Heal","damage_taken":0,"max_hp_gain":0,"max_hp_loss":0,"event_name":"The Library","floor":30,"gold_loss":0},{"cards_removed":["Sword Boomerang"],"damage_healed":5,"gold_gain":0,"player_choice":"Offered Common","damage_taken":0,"max_hp_gain":0,"max_hp_loss":0,"event_name":"Bonfire Elementals","floor":31,"gold_loss":0},{"cards_removed":["Sword Boomerang"],"damage_healed":5,"gold_gain":0,"player_choice":"Offered Special","damage_taken":0,"max_hp_gain":0,"max_hp_loss":0,"event_name":"Bonfire Elementals","floor":31,"gold_loss":0},{"damage_healed":0,"gold_gain":0,"cards_transformed":["Wild Strike"],"player_choice":"Transformed","damage_taken":0,"max_hp_gain":0,"max_hp_loss":0,"event_name":"Transmorgrifier","floor":38,"gold_loss":0,"cards_obtained":["Rupture"]}],"is_beta":false,"boss_relics":[{"not_picked":["Runic Pyramid","Eternal Feather"],"picked":"Astrolabe"},{"not_picked":["Pandora\u0027s Box","White Beast Statue"],"picked":"Snecko Eye"}],"items_purged_floors":[21,28],"is_endless":false,"potions_floor_spawned":[3,5,11,13,16,18,19,23,29,35,40,42,47],"ascension_level":16}