{"gold_per_floor":[119,134,148,148,167,167,167,167,218,218,234,251,251,277,277,382,382,396,99,199,199,199,199,225,324,379,406,423,423,423,18,18,118,118,133,133,153,167,167,167,28,39,39,39,92,102,102,102,102,102],"floor_reached":51,"playtime":1791,"items_purged":["Strike_R","Strike_R+1"],"score":661,"play_id":"aead27ca-8314-40e3-ad3f-329b19532371","local_time":"20181122201515","is_ascension_mode":false,"campfire_choices":[{"data":"Armaments","floor":6,"key":"SMITH"},{"data":"Inflame","floor":10,"key":"SMITH"},{"data":"Clothesline","floor":13,"key":"SMITH"},{"data":"Flex","floor":15,"key":"SMITH"},{"data":"Disarm","floor":23,"key":"SMITH"},{"data":"Bash","floor":29,"key":"SMITH"},{"floor":32,"key":"REST"},{"data":"Uppercut","floor":44,"key":"SMITH"},{"data":"Immolate","floor":47,"key":"SMITH"},{"floor":49,"key":"REST"}],"neow_cost":"NONE","seed_source_timestamp":8030584132305,"circlet_count":0,"master_deck":["Strike_R+1","Strike_R+1","Defend_R+1","Defend_R+1","Defend_R+1","Defend_R+1","Bash+1","Cleave","Heavy Blade+1","Inflame+1","Disarm+1","Armaments+1","Ghostly Armor","Clothesline+1","Flex+1","Double Tap","Shrug It Off","Shrug It Off","Headbutt","Immolate+1","Carnage+1","Uppercut+1","Whirlwind"],"relics":["Burning Blood","Potion Belt","Kunai","Juzu Bracelet","Whetstone","Busted Crown","Oddly Smooth Stone","Nilry\u0027s Codex","Red Skull","Tiny Chest","Lantern","Strawberry","Question Card","Sozu","Mummified Hand","Self Forming Clay","Anchor"],"potions_floor_usage":[16,16,18,24,33,33,50],"damage_taken":[{"damage":5,"enemies":"2 Louse","floor":1,"turns":2},{"damage":11,"enemies":"Jaw Worm","floor":2,"turns":3},{"damage":6,"enemies":"Cultist","floor":3,"turns":3},{"damage":5,"enemies":"Looter","floor":5,"turns":2},{"damage":19,"enemies":"Blue Slaver","floor":11,"turns":3},{"damage":13,"enemies":"Exordium Wildlife","floor":12,"turns":4},{"damage":25,"enemies":"3 Sentries","floor":14,"turns":6},{"damage":33,"enemies":"Slime Boss","floor":16,"turns":11},{"damage":4,"enemies":"Spheric Guardian","floor":18,"turns":3},{"damage":25,"enemies":"Colosseum Slavers","floor":22,"turns":4},{"damage":41,"enemies":"Slavers","floor":24,"turns":5},{"damage":3,"enemies":"2 Thieves","floor":28,"turns":3},{"damage":37,"enemies":"Collector","floor":33,"turns":11},{"damage":16,"enemies":"3 Darklings","floor":35,"turns":4},{"damage":15,"enemies":"Orb Walker","floor":37,"turns":2},{"damage":18,"enemies":"Maw","floor":38,"turns":7},{"damage":7,"enemies":"4 Shapes","floor":42,"turns":2},{"damage":8,"enemies":"Sphere and 2 Shapes","floor":46,"turns":4},{"damage":73,"enemies":"Donu and Deca","floor":50,"turns":8}],"seed_played":"235541155481284226","potions_obtained":[{"floor":2,"key":"Strength Potion"},{"floor":3,"key":"SkillPotion"},{"floor":5,"key":"SpeedPotion"},{"floor":14,"key":"FearPotion"},{"floor":16,"key":"BloodPotion"},{"floor":28,"key":"Block Potion"},{"floor":33,"key":"Strength Potion"}],"is_trial":false,"path_per_floor":["M","M","M","?","M","R","?","?","T","R","M","M","R","E","R","B",null,"M","$","?","?","?","R","E","?","T","T","M","R","?","$","R","B",null,"M","?","M","M","?","T","$","M","T","R","T","M","R","?","R","B",null],"character_chosen":"IRONCLAD","items_purchased":["Oddly Smooth Stone","Shrug It Off","Headbutt","Strawberry","Question Card","Whirlwind"],"campfire_rested":2,"item_purchase_floors":[19,19,19,31,31,41],"current_hp_per_floor":[80,75,75,75,76,76,76,73,73,73,60,53,53,34,34,7,80,80,80,80,64,45,45,18,18,18,18,21,21,21,28,54,23,87,77,77,68,56,56,56,56,55,55,55,55,53,53,53,79,12],"gold":102,"neow_bonus":"THREE_CARDS","is_prod":false,"is_daily":false,"chose_seed":false,"campfire_upgraded":8,"win_rate":0,"timestamp":1542928515,"path_taken":["M","M","M","?","M","R","?","?","T","R","M","M","R","E","R","BOSS","M","$","?","?","?","R","E","?","T","?","M","R","?","$","R","BOSS","M","?","M","M","?","?","$","M","T","R","?","M","R","?","R","BOSS"],"build_version":"2018-11-15","purchased_purges":2,"victory":true,"max_hp_per_floor":[80,80,80,80,80,80,80,80,80,80,80,80,80,80,80,80,80,80,80,80,80,80,80,80,80,80,80,80,80,80,87,87,87,87,87,87,87,87,87,87,87,87,87,87,87,87,87,87,87,87],"card_choices":[{"not_picked":["Anger","Heavy Blade"],"picked":"Cleave","floor":0},{"not_picked":["Warcry","True Grit"],"picked":"Heavy Blade","floor":1},{"not_picked":["Corruption","Dropkick"],"picked":"Inflame","floor":2},{"not_picked":["Burning Pact","Anger"],"picked":"Disarm","floor":3},{"not_picked":["Bloodletting","Wild Strike"],"picked":"Armaments","floor":5},{"not_picked":["Sentinel","Combust"],"picked":"Ghostly Armor","floor":11},{"not_picked":["Entrench","True Grit"],"picked":"Clothesline","floor":12},{"not_picked":["Berserk","Combust"],"picked":"Flex","floor":14},{"not_picked":["Exhume","Juggernaut"],"picked":"Double Tap","floor":16},{"not_picked":[],"picked":"Shrug It Off","floor":18},{"not_picked":["Thunderclap"],"picked":"SKIP","floor":24},{"not_picked":["Clothesline"],"picked":"SKIP","floor":28},{"not_picked":["Berserk"],"picked":"Immolate","floor":33},{"not_picked":["Rampage"],"picked":"Carnage+1","floor":35},{"not_picked":["Wild Strike","Headbutt"],"picked":"SKIP","floor":37},{"not_picked":["Dual Wield"],"picked":"Uppercut","floor":38},{"not_picked":["Shockwave+1","Searing Blow"],"picked":"SKIP","floor":42},{"not_picked":["Warcry","Body Slam+1"],"picked":"SKIP","floor":46}],"player_experience":394723,"relics_obtained":[{"floor":9,"key":"Juzu Bracelet"},{"floor":14,"key":"Whetstone"},{"floor":21,"key":"Nilry\u0027s Codex"},{"floor":24,"key":"Red Skull"},{"floor":26,"key":"Tiny Chest"},{"floor":27,"key":"Lantern"},{"floor":40,"key":"Mummified Hand"},{"floor":43,"key":"Self Forming Clay"},{"floor":45,"key":"Anchor"}],"event_choices":[{"damage_healed":0,"gold_gain":0,"player_choice":"Grow","damage_taken":0,"max_hp_gain":0,"max_hp_loss":0,"event_name":"Living Wall","floor":4,"gold_loss":0,"cards_upgraded":["Heavy Blade"]},{"damage_healed":0,"gold_gain":0,"player_choice":"Searched \u00271\u0027 times","damage_taken":0,"relics_obtained":["Potion Belt"],"max_hp_gain":0,"max_hp_loss":0,"event_name":"Dead Adventurer","floor":7,"gold_loss":0},{"damage_healed":0,"gold_gain":0,"player_choice":"Success","damage_taken":3,"relics_obtained":["Kunai"],"max_hp_gain":0,"max_hp_loss":0,"event_name":"Scrap Ooze","floor":8,"gold_loss":0},{"damage_healed":0,"gold_gain":100,"player_choice":"Pray","damage_taken":0,"max_hp_gain":0,"max_hp_loss":0,"event_name":"Golden Shrine","floor":20,"gold_loss":0},{"damage_healed":0,"gold_gain":0,"player_choice":"Obtained Book","damage_taken":16,"max_hp_gain":0,"max_hp_loss":0,"event_name":"Cursed Tome","floor":21,"gold_loss":0},{"damage_healed":0,"gold_gain":0,"player_choice":"Fight","damage_taken":0,"max_hp_gain":0,"max_hp_loss":0,"event_name":"Colosseum","floor":22,"gold_loss":0},{"damage_healed":0,"gold_gain":0,"player_choice":"Fled From Nobs","damage_taken":0,"max_hp_gain":0,"max_hp_loss":0,"event_name":"Colosseum","floor":22,"gold_loss":0},{"damage_healed":0,"gold_gain":99,"player_choice":"Stole From Cult","damage_taken":0,"max_hp_gain":0,"max_hp_loss":0,"event_name":"Nest","floor":25,"gold_loss":0},{"damage_healed":0,"gold_gain":0,"player_choice":"Simplicity","damage_taken":0,"max_hp_gain":0,"max_hp_loss":0,"event_name":"Back to Basics","floor":30,"gold_loss":0,"cards_upgraded":["Strike_R","Strike_R","Defend_R","Defend_R","Defend_R","Defend_R"]},{"damage_healed":0,"gold_gain":0,"player_choice":"Ignored","damage_taken":0,"max_hp_gain":0,"max_hp_loss":0,"event_name":"SecretPortal","floor":36,"gold_loss":0},{"cards_removed":["Strike_R"],"damage_healed":0,"gold_gain":0,"player_choice":"Purged","damage_taken":0,"max_hp_gain":0,"max_hp_loss":0,"event_name":"Purifier","floor":39,"gold_loss":0},{"damage_healed":0,"gold_gain":0,"player_choice":"Ignored","damage_taken":0,"max_hp_gain":0,"max_hp_loss":0,"event_name":"Mysterious Sphere","floor":48,"gold_loss":0}],"is_beta":false,"boss_relics":[{"not_picked":["Runic Cube","Pandora\u0027s Box"],"picked":"Busted Crown"},{"not_picked":["Velvet Choker","Empty Cage"],"picked":"Sozu"}],"items_purged_floors":[19,41],"is_endless":false,"potions_floor_spawned":[2,3,5,14,16,22,28,33,35,37,38],"ascension_level":0}