{"gold_per_floor":[17,92,39,51,66,66,101,101,101,101,112,125,175,175,175,280,280,297,313,238,337,37,37,56,56,80,80,99,111,111,129,129,232,232,248,248,262,274,274],"floor_reached":39,"playtime":2047,"items_purged":["Strike_R","Strike_R"],"score":653,"play_id":"1e44fe4d-d1a1-4631-9752-1a2ed71ac037","local_time":"20181130180154","is_ascension_mode":true,"campfire_choices":[{"data":"Immolate","floor":6,"key":"SMITH"},{"data":"True Grit","floor":8,"key":"SMITH"},{"data":"True Grit","floor":15,"key":"SMITH"},{"data":"Barricade","floor":23,"key":"SMITH"},{"floor":25,"key":"REST"},{"data":"Evolve","floor":30,"key":"SMITH"},{"floor":32,"key":"REST"}],"neow_cost":"NO_GOLD","seed_source_timestamp":1535415972639,"circlet_count":0,"master_deck":["AscendersBane","Strike_R","Strike_R","Strike_R","Defend_R","Defend_R","Defend_R","Defend_R","Bash","Immolate+1","Rage","Shrug It Off","Evolve+1","True Grit+1","Barricade+1","True Grit+1","Fiend Fire","Shame","Clumsy","Shrug It Off+1","Exhume","Flame Barrier","Impervious+1","Sentinel"],"relics":["Burning Blood","Dead Branch","Mummified Hand","Cursed Key","Medical Kit","Dream Catcher","Black Star"],"potions_floor_usage":[38,39],"damage_taken":[{"damage":7,"enemies":"Jaw Worm","floor":1,"turns":3},{"damage":0,"enemies":"2 Louse","floor":4,"turns":1},{"damage":3,"enemies":"Small Slimes","floor":5,"turns":4},{"damage":40,"enemies":"Gremlin Nob","floor":7,"turns":5},{"damage":11,"enemies":"Blue Slaver","floor":11,"turns":6},{"damage":0,"enemies":"3 Louse","floor":12,"turns":2},{"damage":48,"enemies":"Hexaghost","floor":16,"turns":18},{"damage":17,"enemies":"Chosen","floor":18,"turns":6},{"damage":23,"enemies":"2 Thieves","floor":19,"turns":4},{"damage":0,"enemies":"Cultist and Chosen","floor":24,"turns":5},{"damage":21,"enemies":"3 Cultists","floor":28,"turns":5},{"damage":11,"enemies":"Centurion and Healer","floor":29,"turns":6},{"damage":5,"enemies":"Shelled Parasite and Fungi","floor":31,"turns":5},{"damage":19,"enemies":"Champ","floor":33,"turns":28},{"damage":0,"enemies":"3 Shapes","floor":35,"turns":3},{"damage":33,"enemies":"Orb Walker","floor":37,"turns":3},{"damage":29,"enemies":"4 Shapes","floor":38,"turns":3},{"damage":38,"enemies":"3 Darklings","floor":39,"turns":4}],"seed_played":"-2619746129140697089","potions_obtained":[{"floor":1,"key":"Energy Potion"},{"floor":7,"key":"GamblersBrew"},{"floor":38,"key":"Energy Potion"}],"is_trial":false,"path_per_floor":["M","?","$","M","M","R","E","R","T","?","M","M","?","?","R","B",null,"M","M","$","?","$","R","M","R","T","T","M","M","R","M","R","B",null,"M","?","M","M","M"],"character_chosen":"IRONCLAD","items_purchased":["Shrug It Off","Medical Kit"],"campfire_rested":2,"item_purchase_floors":[3,22],"current_hp_per_floor":[71,60,60,66,69,69,35,35,35,35,30,36,36,62,62,20,65,54,37,37,37,37,37,43,67,67,67,52,47,47,48,72,59,75,80,80,53,30,0],"gold":274,"neow_bonus":"THREE_RARE_CARDS","is_prod":false,"is_daily":false,"chose_seed":false,"campfire_upgraded":5,"win_rate":0,"timestamp":1543611714,"path_taken":["M","?","$","M","M","R","E","R","T","?","?","M","?","?","R","BOSS","M","M","$","?","$","R","M","R","T","?","M","M","R","M","R","BOSS","M","?","M","M","M"],"build_version":"2018-11-15","purchased_purges":2,"victory":false,"max_hp_per_floor":[80,80,80,80,80,80,80,80,80,80,80,80,80,80,80,80,80,80,80,80,80,80,80,80,80,80,80,80,80,80,80,80,80,80,80,80,80,80,80],"card_choices":[{"not_picked":["Demon Form","Offering"],"picked":"Immolate","floor":0},{"not_picked":["Clash","Fire Breathing"],"picked":"Rage","floor":1},{"not_picked":["True Grit","Cleave"],"picked":"Evolve","floor":4},{"not_picked":["Flex","Thunderclap"],"picked":"True Grit","floor":5},{"not_picked":["Heavy Blade","Power Through"],"picked":"Barricade","floor":7},{"not_picked":["Whirlwind","Perfected Strike"],"picked":"True Grit","floor":11},{"not_picked":["Perfected Strike","Armaments","Body Slam"],"picked":"SKIP","floor":12},{"not_picked":["Bludgeon","Offering"],"picked":"Fiend Fire","floor":16},{"not_picked":["Shrug It Off","True Grit","Headbutt"],"picked":"SKIP","floor":18},{"not_picked":["Iron Wave","Flex","Warcry"],"picked":"SKIP","floor":19},{"not_picked":["Carnage","Rage+1","Rampage+1"],"picked":"SKIP","floor":24},{"not_picked":["Flex","Twin Strike","Inflame"],"picked":"SKIP","floor":28},{"not_picked":["Headbutt","Clash"],"picked":"Shrug It Off+1","floor":29},{"not_picked":["Headbutt","Pummel"],"picked":"Exhume","floor":31},{"not_picked":["Havoc","Sword Boomerang"],"picked":"Flame Barrier","floor":32},{"not_picked":["Limit Break","Juggernaut"],"picked":"Impervious","floor":33},{"not_picked":["Twin Strike","Thunderclap+1","Bloodletting"],"picked":"SKIP","floor":35},{"not_picked":["Fire Breathing+1","Pummel","Body Slam"],"picked":"SKIP","floor":37},{"not_picked":["Pommel Strike","Pummel"],"picked":"Sentinel","floor":38}],"player_experience":439763,"relics_obtained":[{"floor":7,"key":"Dead Branch"},{"floor":9,"key":"Mummified Hand"},{"floor":27,"key":"Dream Catcher"}],"event_choices":[{"damage_healed":0,"gold_gain":75,"player_choice":"Gather Gold","damage_taken":11,"max_hp_gain":0,"max_hp_loss":0,"event_name":"World of Goop","floor":2,"gold_loss":0},{"damage_healed":0,"gold_gain":0,"player_choice":"Fled","damage_taken":0,"max_hp_gain":0,"max_hp_loss":0,"event_name":"Scrap Ooze","floor":10,"gold_loss":0},{"damage_healed":0,"gold_gain":50,"player_choice":"Gained Gold","damage_taken":0,"max_hp_gain":0,"max_hp_loss":0,"event_name":"Golden Wing","floor":13,"gold_loss":0},{"damage_healed":26,"gold_gain":0,"player_choice":"Banana","damage_taken":0,"max_hp_gain":0,"max_hp_loss":0,"event_name":"Big Fish","floor":14,"gold_loss":0},{"damage_healed":0,"gold_gain":99,"player_choice":"Stole From Cult","damage_taken":0,"max_hp_gain":0,"max_hp_loss":0,"event_name":"Nest","floor":21,"gold_loss":0},{"damage_healed":0,"gold_gain":0,"player_choice":"Forge","damage_taken":0,"max_hp_gain":0,"max_hp_loss":0,"event_name":"Accursed Blacksmith","floor":36,"gold_loss":0,"cards_upgraded":["Impervious"]}],"is_beta":false,"boss_relics":[{"not_picked":["Orrery","Runic Pyramid"],"picked":"Cursed Key"},{"not_picked":["Runic Cube","Philosopher\u0027s Stone"],"picked":"Black Star"}],"items_purged_floors":[20,22],"is_endless":false,"potions_floor_spawned":[1,7,19,29,31,33,38],"killed_by":"3 Darklings","ascension_level":12}