{"gold_per_floor":[109,129,129,148,162,187,87,87,169,169,200,212,229,241,241,340,340,354,368,13,13,29,29,29,29,29,29,29,60,72,84,84,181,181,194,210,210,87,187,187,187,187,187,206,57,72,102,112,112,112],"floor_reached":50,"playtime":4226,"items_purged":["Strike_R","Defend_R"],"score":856,"play_id":"5dbf9231-2345-402f-9e7e-7329cb38a4ee","local_time":"20190621213310","is_ascension_mode":true,"campfire_choices":[{"data":"1","floor":8.0,"key":"LIFT"},{"data":"Bash","floor":10.0,"key":"SMITH"},{"data":"Shockwave","floor":15.0,"key":"SMITH"},{"floor":23.0,"key":"REST"},{"data":"Corruption","floor":25.0,"key":"SMITH"},{"data":"Whirlwind","floor":27.0,"key":"SMITH"},{"data":"2","floor":32,"key":"LIFT"},{"data":"3","floor":40,"key":"LIFT"},{"data":"Armaments","floor":42,"key":"SMITH"},{"floor":49,"key":"REST"}],"neow_cost":"NONE","seed_source_timestamp":0,"circlet_count":0,"master_deck":["AscendersBane","Strike_R","Strike_R","Strike_R","Defend_R","Defend_R","Defend_R","Bash+1","Cleave","Iron Wave","Second Wind","Sentinel","Shockwave+1","Reaper","Shrug It Off","Corruption+1","Twin Strike","Clothesline","Feed","Whirlwind+1","Dark Embrace","Iron Wave","Dropkick","Barricade","Dropkick","Seeing Red","Feel No Pain","Shrug It Off","Dark Shackles","Armaments+1","Cleave","Pommel Strike","Sentinel"],"special_seed":0,"relics":["Burning Blood","Vajra","Girya","Sundial","Boot","Sozu","ClockworkSouvenir","Omamori","Meat on the Bone","Singing Bowl","Orrery","Prayer Wheel","Calipers","Ice Cream"],"potions_floor_usage":[33],"damage_taken":[{"damage":6.0,"enemies":"Jaw Worm","floor":1.0,"turns":4.0},{"damage":1.0,"enemies":"Cultist","floor":2.0,"turns":3.0},{"damage":0.0,"enemies":"2 Louse","floor":4.0,"turns":2.0},{"damage":11.0,"enemies":"Looter","floor":5.0,"turns":4.0},{"damage":30.0,"enemies":"3 Sentries","floor":6.0,"turns":8.0},{"damage":31.0,"enemies":"Gremlin Nob","floor":11.0,"turns":5.0},{"damage":17.0,"enemies":"Lots of Slimes","floor":12.0,"turns":3.0},{"damage":5.0,"enemies":"3 Louse","floor":13.0,"turns":3.0},{"damage":5.0,"enemies":"2 Fungi Beasts","floor":14.0,"turns":4.0},{"damage":15.0,"enemies":"Hexaghost","floor":16.0,"turns":11.0},{"damage":20.0,"enemies":"Spheric Guardian","floor":18.0,"turns":5.0},{"damage":12.0,"enemies":"Chosen","floor":19.0,"turns":6.0},{"damage":29.0,"enemies":"Snake Plant","floor":22.0,"turns":6.0},{"damage":52.0,"enemies":"Book of Stabbing","floor":29.0,"turns":6.0},{"damage":0.0,"enemies":"Chosen and Byrds","floor":30.0,"turns":5.0},{"damage":18,"enemies":"Sentry and Sphere","floor":31,"turns":4},{"damage":74,"enemies":"Collector","floor":33,"turns":8},{"damage":33,"enemies":"3 Darklings","floor":35,"turns":6},{"damage":1,"enemies":"Orb Walker","floor":36,"turns":3},{"damage":0,"enemies":"Mind Bloom Boss Battle","floor":39,"turns":9},{"damage":37,"enemies":"Writhing Mass","floor":44,"turns":7},{"damage":40,"enemies":"Sphere and 2 Shapes","floor":46,"turns":4},{"damage":54,"enemies":"Giant Head","floor":47,"turns":9},{"damage":7,"enemies":"Transient","floor":48,"turns":5},{"damage":127,"enemies":"Awakened One","floor":50,"turns":14}],"seed_played":"-7684715980197230755","potions_obtained":[{"floor":4.0,"key":"SpeedPotion"},{"floor":5.0,"key":"EssenceOfSteel"}],"is_trial":false,"path_per_floor":["M","M","?","M","M","E","$","R","T","R","E","M","M","M","R","B",null,"M","M","$","?","M","R","?","R","T","R","$","E","M","M","R","B",null,"M","M","?","$","?","R","?","R","T","M","?","M","E","M","R","B"],"character_chosen":"IRONCLAD","items_purchased":["Shrug It Off","ClockworkSouvenir","Omamori","Armaments"],"campfire_rested":2,"item_purchase_floors":[7,20,20,38],"current_hp_per_floor":[72,77,77,80,75,51,51,51,51,51,32,30,33,46,46,37,69,58,58,58,42,25,51,98,98,98,98,98,61,82,82,82,26,86,78,83,83,83,107,107,107,107,107,82,82,64,54,67,104,0],"gold":112,"neow_bonus":"RANDOM_COMMON_RELIC","is_prod":false,"is_daily":false,"chose_seed":false,"campfire_upgraded":5,"win_rate":0,"timestamp":1561177990,"path_taken":["M","M","?","M","?","E","$","R","T","R","E","M","M","M","R","BOSS","M","M","$","?","M","R","?","R","T","R","$","E","M","?","R","BOSS","M","M","?","$","?","R","?","R","T","?","?","M","E","?","R","BOSS"],"build_version":"2019-01-23","purchased_purges":2,"victory":false,"max_hp_per_floor":[80,80,80,80,80,80,80,80,80,80,80,80,80,80,80,80,80,83,83,83,88,88,88,98,98,98,98,98,98,98,101,101,101,105,107,107,107,107,110,110,110,110,110,116,116,120,122,124,124,124],"card_choices":[{"not_picked":["Wild Strike","Ghostly Armor"],"picked":"Cleave","floor":1.0},{"not_picked":["Armaments","Evolve"],"picked":"Iron Wave","floor":2.0},{"not_picked":["Flex","Clash"],"picked":"Sentinel","floor":4.0},{"not_picked":["Iron Wave","Pommel Strike"],"picked":"Shockwave","floor":5.0},{"not_picked":["Havoc","Armaments"],"picked":"Reaper","floor":6.0},{"not_picked":["Searing Blow","Thunderclap"],"picked":"Corruption","floor":11.0},{"not_picked":["Clash","Thunderclap"],"picked":"Twin Strike","floor":12.0},{"not_picked":["Flex","Perfected Strike"],"picked":"Dark Embrace","floor":13.0},{"not_picked":["Thunderclap","Havoc"],"picked":"Clothesline","floor":14.0},{"not_picked":["Brutality","Barricade"],"picked":"Feed","floor":16.0},{"not_picked":["Havoc","Combust","Perfected Strike"],"picked":"SKIP","floor":18.0},{"not_picked":["Flex","Sentinel"],"picked":"Whirlwind","floor":19.0},{"not_picked":["Thunderclap","Evolve","Havoc"],"picked":"SKIP","floor":22.0},{"not_picked":["Uppercut","Perfected Strike"],"picked":"Dark Embrace","floor":29.0},{"not_picked":["Anger","Hemokinesis"],"picked":"Iron Wave","floor":30.0},{"not_picked":["Metallicize","Wild Strike"],"picked":"Dropkick","floor":31},{"not_picked":["Bludgeon","Impervious"],"picked":"Barricade","floor":33},{"not_picked":["Twin Strike","Anger","Thunderclap"],"picked":"Singing Bowl","floor":34},{"not_picked":["Armaments","Second Wind+1","Sword Boomerang"],"picked":"Singing Bowl","floor":34},{"not_picked":["Flex+1","Iron Wave"],"picked":"Dropkick","floor":34},{"not_picked":["Thunderclap","Burning Pact"],"picked":"Seeing Red","floor":34},{"not_picked":["Armaments","Carnage"],"picked":"Feel No Pain","floor":34},{"not_picked":["Blood for Blood","Wild Strike","Thunderclap"],"picked":"Singing Bowl","floor":35},{"not_picked":["Heavy Blade","Feed"],"picked":"Shrug It Off","floor":36},{"not_picked":["Swift Strike","Deep Breath"],"picked":"Dark Shackles","floor":37},{"not_picked":["Infernal Blade","Uppercut"],"picked":"Cleave","floor":39},{"not_picked":["Warcry","Reckless Charge","Sword Boomerang"],"picked":"Singing Bowl","floor":44},{"not_picked":["Clash","Headbutt"],"picked":"Pommel Strike","floor":44},{"not_picked":["Cleave","Heavy Blade+1","Pommel Strike"],"picked":"Singing Bowl","floor":46},{"not_picked":["Flex+1","Warcry","Searing Blow"],"picked":"Singing Bowl","floor":46},{"not_picked":["True Grit","Wild Strike+1","Twin Strike"],"picked":"Singing Bowl","floor":47},{"not_picked":["Headbutt","Heavy Blade","Fire Breathing"],"picked":"Singing Bowl","floor":48},{"not_picked":["Body Slam","Bludgeon"],"picked":"Sentinel","floor":48}],"player_experience":277238,"relics_obtained":[{"floor":6.0,"key":"Girya"},{"floor":9.0,"key":"Sundial"},{"floor":11.0,"key":"Boot"},{"floor":26.0,"key":"Meat on the Bone"},{"floor":29.0,"key":"Singing Bowl"},{"floor":39,"key":"Prayer Wheel"},{"floor":47,"key":"Ice Cream"}],"event_choices":[{"damage_healed":0.0,"max_hp_gain":0.0,"max_hp_loss":0.0,"gold_gain":0.0,"cards_transformed":["Strike_R"],"event_name":"Transmorgrifier","player_choice":"Transformed","floor":3.0,"gold_loss":0.0,"damage_taken":0.0,"cards_obtained":["Second Wind"]},{"damage_healed":0.0,"max_hp_gain":5.0,"max_hp_loss":0.0,"gold_gain":0.0,"event_name":"Forgotten Altar","player_choice":"Shed Blood","floor":21.0,"gold_loss":0.0,"damage_taken":21.0},{"cards_removed":["Dark Embrace"],"damage_healed":37.0,"max_hp_gain":10.0,"max_hp_loss":0.0,"gold_gain":0.0,"event_name":"Bonfire Elementals","player_choice":"Offered Rare","floor":24.0,"gold_loss":0.0,"damage_taken":0.0},{"damage_healed":0,"gold_gain":0,"player_choice":"Memory 1","damage_taken":0,"max_hp_gain":0,"max_hp_loss":0,"event_name":"SensoryStone","floor":37,"gold_loss":0},{"damage_healed":0,"gold_gain":0,"player_choice":"Fight","damage_taken":0,"max_hp_gain":0,"max_hp_loss":0,"event_name":"MindBloom","floor":39,"gold_loss":0},{"damage_healed":0,"gold_gain":0,"player_choice":"Got Potions","damage_taken":0,"max_hp_gain":0,"max_hp_loss":0,"event_name":"Lab","floor":41,"gold_loss":0},{"damage_healed":0,"gold_gain":0,"player_choice":"Paid Gold","damage_taken":0,"relics_obtained":["Calipers"],"max_hp_gain":0,"max_hp_loss":0,"event_name":"WeMeetAgain","floor":45,"gold_loss":149}],"is_beta":false,"boss_relics":[{"not_picked":["Pandora\u0027s Box","Eternal Feather"],"picked":"Sozu"},{"not_picked":["Black Star","White Beast Statue"],"picked":"Orrery"}],"items_purged_floors":[7,38],"is_endless":false,"potions_floor_spawned":[4,5,12,30,31,46,47,48],"killed_by":"Awakened One","ascension_level":12}