{"gold_per_floor":[111,121,121,138,158,174,237,237],"floor_reached":8,"playtime":305,"items_purged":[],"score":93,"play_id":"21e9d518-c755-4568-b1f1-947ada3c2460","local_time":"20190620112222","is_ascension_mode":true,"campfire_choices":[],"neow_cost":"NONE","seed_source_timestamp":719791817703555,"circlet_count":0,"master_deck":["AscendersBane","Strike_R","Strike_R","Strike_R","Strike_R","Strike_R","Defend_R","Defend_R","Defend_R","Defend_R","Bash","Impatience","Pommel Strike","Inflame","Reaper","Feel No Pain","Headbutt","Thunderclap","Sword Boomerang"],"relics":["Burning Blood","Tiny Chest"],"potions_floor_usage":[6],"damage_taken":[{"damage":10,"enemies":"Small Slimes","floor":1,"turns":4},{"damage":6,"enemies":"Cultist","floor":2,"turns":3},{"damage":13,"enemies":"Jaw Worm","floor":4,"turns":4},{"damage":24,"enemies":"Blue Slaver","floor":5,"turns":5},{"damage":30,"enemies":"Lots of Slimes","floor":6,"turns":5},{"damage":44,"enemies":"Gremlin Nob","floor":7,"turns":5},{"damage":8,"enemies":"3 Louse","floor":8,"turns":1}],"seed_played":"93269512578493368","potions_obtained":[{"floor":4,"key":"BloodPotion"}],"is_trial":false,"path_per_floor":["M","M","?","M","M","M","E","M"],"character_chosen":"IRONCLAD","items_purchased":[],"campfire_rested":0,"item_purchase_floors":[],"current_hp_per_floor":[68,68,68,62,44,40,8,0],"gold":237,"neow_bonus":"RANDOM_COLORLESS","is_prod":false,"is_daily":false,"chose_seed":false,"campfire_upgraded":0,"win_rate":0,"timestamp":1561044142,"path_taken":["M","M","?","M","M","M","E","?"],"build_version":"2019-01-23","purchased_purges":0,"victory":false,"max_hp_per_floor":[80,80,80,80,80,80,80,80],"card_choices":[{"not_picked":["Wild Strike","Perfected Strike"],"picked":"Pommel Strike","floor":1},{"not_picked":["True Grit","Blood for Blood"],"picked":"Inflame","floor":2},{"not_picked":["Reckless Charge","Thunderclap"],"picked":"Feel No Pain","floor":4},{"not_picked":["Dual Wield","Pommel Strike"],"picked":"Headbutt","floor":5},{"not_picked":["Blood for Blood","Perfected Strike"],"picked":"Thunderclap","floor":6},{"not_picked":["Anger","Iron Wave"],"picked":"Sword Boomerang","floor":7}],"player_experience":843297,"relics_obtained":[{"floor":7,"key":"Tiny Chest"}],"event_choices":[{"damage_healed":0,"gold_gain":0,"player_choice":"1 cards matched","damage_taken":0,"max_hp_gain":0,"max_hp_loss":0,"event_name":"Match and Keep!","floor":3,"gold_loss":0,"cards_obtained":["Reaper"]}],"is_beta":false,"boss_relics":[],"items_purged_floors":[],"is_endless":false,"potions_floor_spawned":[4],"killed_by":"3 Louse","ascension_level":11}