{"gold_per_floor":[110,210,227,4,24,57,76,76,126,160,214,181,7,34,34,135,135,155,155,80,108,108,136,151,164,164,181,181,198,210,210,210,210],"floor_reached":33,"playtime":5565,"items_purged":[],"score":275,"play_id":"27f90ca2-a5fa-4c91-a836-93d74599b4d2","local_time":"20190614220843","is_ascension_mode":false,"campfire_choices":[{"data":"Warcry","floor":8,"key":"SMITH"},{"floor":15,"key":"REST"},{"floor":28,"key":"REST"},{"floor":32,"key":"REST"}],"neow_cost":"NONE","seed_source_timestamp":93438008890300,"circlet_count":0,"master_deck":["Strike_R+1","Strike_R+1","Strike_R+1","Strike_R+1","Defend_R+1","Defend_R+1","Defend_R+1","Defend_R+1","Bash","Impervious","Warcry+1","Perfected Strike","Shrug It Off","Thunderclap","Iron Wave","Sword Boomerang","Headbutt","Twin Strike","Sword Boomerang","Bludgeon","Barricade","Clothesline","RitualDagger","Shrug It Off","Clothesline","Perfected Strike","Whirlwind","Seeing Red","Disarm+1","Reaper"],"relics":["Burning Blood","Lantern","Paper Frog","Regal Pillow","Blood Vial","Pen Nib","PreservedInsect","Odd Mushroom","Black Star","Red Mask","Unceasing Top","Omamori","Self Forming Clay","Ornamental Fan"],"potions_floor_usage":[10,16,21,23,25,25,27,33],"damage_taken":[{"damage":7,"enemies":"Small Slimes","floor":1,"turns":5},{"damage":3,"enemies":"Cultist","floor":3,"turns":6},{"damage":7,"enemies":"Jaw Worm","floor":5,"turns":3},{"damage":21,"enemies":"Gremlin Nob","floor":6,"turns":5},{"damage":12,"enemies":"3 Louse","floor":7,"turns":3},{"damage":34,"enemies":"Lagavulin","floor":10,"turns":8},{"damage":22,"enemies":"The Mushroom Lair","floor":14,"turns":4},{"damage":42,"enemies":"Hexaghost","floor":16,"turns":10},{"damage":10,"enemies":"2 Thieves","floor":18,"turns":4},{"damage":67,"enemies":"Masked Bandits","floor":21,"turns":8},{"damage":19,"enemies":"Gremlin Leader","floor":23,"turns":6},{"damage":0,"enemies":"Chosen","floor":24,"turns":3},{"damage":21,"enemies":"Snake Plant","floor":25,"turns":3},{"damage":6,"enemies":"Centurion and Healer","floor":27,"turns":4},{"damage":13,"enemies":"Shelled Parasite and Fungi","floor":29,"turns":9},{"damage":13,"enemies":"Snecko","floor":30,"turns":6},{"damage":111,"enemies":"Automaton","floor":33,"turns":16}],"seed_played":"3177699960875241721","potions_obtained":[{"floor":5,"key":"Regen Potion"},{"floor":7,"key":"Weak Potion"},{"floor":14,"key":"Fire Potion"},{"floor":16,"key":"Dexterity Potion"},{"floor":23,"key":"PowerPotion"},{"floor":24,"key":"FearPotion"},{"floor":25,"key":"FearPotion"},{"floor":29,"key":"Regen Potion"}],"is_trial":false,"path_per_floor":["M","?","M","$","M","E","M","R","T","E","T","?","$","?","R","B",null,"M","?","?","?","?","E","M","M","T","M","R","M","M","?","R","B"],"character_chosen":"IRONCLAD","items_purchased":["Lantern","Shrug It Off","Thunderclap","PreservedInsect","Sword Boomerang"],"campfire_rested":3,"item_purchase_floors":[4,4,4,13,13],"current_hp_per_floor":[79,79,80,80,79,64,58,58,58,30,30,30,30,16,55,21,80,76,70,70,23,23,12,20,7,7,9,48,43,38,38,77,0],"gold":210,"neow_bonus":"ONE_RANDOM_RARE_CARD","is_prod":false,"is_daily":false,"chose_seed":false,"campfire_upgraded":1,"win_rate":0.0,"timestamp":1560514123,"path_taken":["M","?","M","$","?","E","M","R","T","E","?","?","$","?","R","BOSS","M","?","?","?","?","E","M","M","T","M","R","M","?","?","R","BOSS"],"build_version":"2019-01-23","purchased_purges":0,"victory":false,"max_hp_per_floor":[80,80,80,80,80,80,80,80,80,80,80,80,80,80,80,80,80,80,80,80,80,80,80,80,80,80,80,80,80,80,80,80,80],"card_choices":[{"not_picked":["Thunderclap","Blood for Blood"],"picked":"Warcry","floor":1},{"not_picked":["Armaments","Clothesline"],"picked":"Perfected Strike","floor":3},{"not_picked":["Burning Pact","Dropkick"],"picked":"Iron Wave","floor":5},{"not_picked":["Disarm","Fire Breathing"],"picked":"Sword Boomerang","floor":6},{"not_picked":["Anger","Armaments"],"picked":"Headbutt","floor":7},{"not_picked":["True Grit","Anger"],"picked":"Twin Strike","floor":10},{"not_picked":["Dropkick","Shrug It Off"],"picked":"Bludgeon","floor":14},{"not_picked":["Dark Embrace","Impervious"],"picked":"Barricade","floor":16},{"not_picked":["Dual Wield","Carnage"],"picked":"Clothesline","floor":18},{"not_picked":["Dropkick","Pommel Strike"],"picked":"Shrug It Off","floor":21},{"not_picked":["Offering","Rupture"],"picked":"Clothesline","floor":23},{"not_picked":["Twin Strike","Intimidate"],"picked":"Perfected Strike","floor":24},{"not_picked":["Clothesline","Infernal Blade"],"picked":"Whirlwind","floor":25},{"not_picked":["True Grit","Thunderclap"],"picked":"Seeing Red","floor":27},{"not_picked":["Dropkick","Body Slam"],"picked":"Disarm+1","floor":29},{"not_picked":["Infernal Blade","Dropkick"],"picked":"Reaper","floor":30}],"player_experience":9895,"relics_obtained":[{"floor":6,"key":"Paper Frog"},{"floor":9,"key":"Regal Pillow"},{"floor":10,"key":"Blood Vial"},{"floor":11,"key":"Pen Nib"},{"floor":14,"key":"Odd Mushroom"},{"floor":21,"key":"Red Mask"},{"floor":23,"key":"Unceasing Top"},{"floor":23,"key":"Omamori"},{"floor":26,"key":"Self Forming Clay"}],"event_choices":[{"damage_healed":0,"gold_gain":100,"player_choice":"Gold","damage_taken":0,"max_hp_gain":0,"max_hp_loss":0,"event_name":"Wheel of Change","floor":2,"gold_loss":0},{"damage_healed":0,"gold_gain":0,"player_choice":"Left Gold","damage_taken":0,"max_hp_gain":0,"max_hp_loss":0,"event_name":"World of Goop","floor":12,"gold_loss":33},{"damage_healed":0,"gold_gain":0,"player_choice":"Fought Mushrooms","damage_taken":0,"max_hp_gain":0,"max_hp_loss":0,"event_name":"Mushrooms","floor":14,"gold_loss":0},{"damage_healed":0,"gold_gain":0,"player_choice":"Joined the Cult","damage_taken":6,"max_hp_gain":0,"max_hp_loss":0,"event_name":"Nest","floor":19,"gold_loss":0,"cards_obtained":["RitualDagger"]},{"cards_removed":["Strike_R"],"damage_healed":0,"gold_gain":0,"player_choice":"Gave Gold","damage_taken":0,"max_hp_gain":0,"max_hp_loss":0,"event_name":"Beggar","floor":20,"gold_loss":75},{"damage_healed":0,"gold_gain":0,"player_choice":"Fought Bandits","damage_taken":0,"max_hp_gain":0,"max_hp_loss":0,"event_name":"Masked Bandits","floor":21,"gold_loss":0},{"damage_healed":0,"gold_gain":0,"player_choice":"Simplicity","damage_taken":0,"max_hp_gain":0,"max_hp_loss":0,"event_name":"Back to Basics","floor":22,"gold_loss":0,"cards_upgraded":["Strike_R","Strike_R","Strike_R","Strike_R","Defend_R","Defend_R","Defend_R","Defend_R"]},{"damage_healed":0,"gold_gain":0,"player_choice":"Opened","damage_taken":0,"relics_obtained":["Ornamental Fan"],"max_hp_gain":0,"max_hp_loss":0,"event_name":"The Mausoleum","floor":31,"gold_loss":0,"cards_obtained":["Writhe"]}],"is_beta":false,"boss_relics":[{"not_picked":["Lizard Tail","Runic Pyramid"],"picked":"Black Star"}],"items_purged_floors":[],"is_endless":false,"potions_floor_spawned":[5,7,14,16,23,24,25,29],"killed_by":"Automaton","ascension_level":0}