{"path_per_floor":["M","?","M","M","M","E","R","?","T","E","M","E","M","?","R","B",null,"M","M","$","M","M","R","M","E","T","R","T"],"character_chosen":"IRONCLAD","items_purchased":["Dream Catcher","Anchor"],"gold_per_floor":[99,79,89,105,118,145,145,145,199,227,240,270,284,284,284,389,389,403,423,46,64,74,74,87,122,175,175,244],"floor_reached":29,"campfire_rested":3,"playtime":1299,"current_hp_per_floor":[80,80,80,75,71,63,63,47,47,35,33,25,30,30,54,13,80,66,54,54,48,37,61,56,7,7,31,41],"items_purged":["Decay"],"gold":244,"score":267,"play_id":"3a4753e0-5cd2-4671-a49c-92bb05dd3a6c","is_prod":false,"is_daily":false,"is_ascension_mode":false,"campfire_upgraded":1,"path_taken":["M","?","M","M","M","E","R","?","T","E","M","E","M","?","R","BOSS","M","M","$","M","M","R","?","E","T","R","?","M"],"build_version":"2018-02-12-PROD1","purchased_purges":1,"victory":false,"master_deck":["Strike_R","Strike_R","Strike_R","Strike_R+1","Strike_R","Defend_R","Defend_R","Defend_R+1","Defend_R+1","Bash","Heavy Blade+1","Armaments+1","Iron Wave","Pommel Strike","Barricade+1","Headbutt","Anger","Sentinel","Flex","Reaper","Clumsy","Injury","Twin Strike","Blood for Blood","Perfected Strike+1","Power Through+1","Infernal Blade","Shrug It Off+1","Twin Strike","Twin Strike"],"max_hp_per_floor":[80,80,80,80,80,80,80,80,80,80,80,80,80,80,80,80,80,80,80,80,80,80,80,80,80,80,80,90],"relics":["Burning Blood","Oddly Smooth Stone","Lantern","Orichalcum","War Paint","Calling Bell","Happy Flower","Gremlin Horn","Letter Opener","Dream Catcher","Anchor","Pantograph","Ancient Tea Set","Pear"],"card_choices":[{"not_picked":["Anger","Flex"],"picked":"Heavy Blade"},{"not_picked":["True Grit","Sword Boomerang"],"picked":"Armaments"},{"not_picked":["Bloodletting","Dropkick"],"picked":"Iron Wave"},{"not_picked":["Warcry","Battle Trance"],"picked":"Pommel Strike"},{"not_picked":["Shrug It Off","Warcry"],"picked":"Barricade"},{"not_picked":["Wild Strike","Intimidate"],"picked":"Headbutt"},{"not_picked":["Corruption","Bloodletting"],"picked":"Anger"},{"not_picked":["Clothesline","Demon Form"],"picked":"Sentinel"},{"not_picked":["Sever Soul","Fire Breathing"],"picked":"Flex"},{"not_picked":["Double Tap","Barricade"],"picked":"Reaper"},{"not_picked":["Headbutt","Iron Wave"],"picked":"Twin Strike"},{"not_picked":["Burning Pact","Clothesline"],"picked":"Blood for Blood"},{"not_picked":["Power Through","Spot Weakness"],"picked":"Perfected Strike"},{"not_picked":["Feel No Pain","Iron Wave"],"picked":"Power Through"},{"not_picked":["Burning Pact","Heavy Blade"],"picked":"Infernal Blade"},{"not_picked":["Heavy Blade","Thunderclap"],"picked":"Shrug It Off"},{"not_picked":["Corruption","Brutality"],"picked":"Twin Strike"},{"not_picked":["Searing Blow","Shrug It Off"],"picked":"Twin Strike"}],"player_experience":86980,"potions_floor_usage":[3,6,10,12,16,19,22,25],"damage_taken":[{"damage":2,"enemies":"2 Louse","floor":1,"turns":4},{"damage":6,"enemies":"Cultist","floor":3,"turns":3},{"damage":11,"enemies":"Blue Slaver","floor":4,"turns":7},{"damage":10,"enemies":"2 Fungi Beasts","floor":5,"turns":5},{"damage":14,"enemies":"Gremlin Nob","floor":6,"turns":4},{"damage":18,"enemies":"3 Sentries","floor":10,"turns":9},{"damage":8,"enemies":"Looter","floor":11,"turns":3},{"damage":14,"enemies":"Gremlin Nob","floor":12,"turns":4},{"damage":1,"enemies":"3 Louse","floor":13,"turns":4},{"damage":47,"enemies":"Hexaghost","floor":16,"turns":13},{"damage":29,"enemies":"3 Byrds","floor":18,"turns":9},{"damage":18,"enemies":"Spheric Guardian","floor":19,"turns":7},{"damage":16,"enemies":"Snake Plant","floor":21,"turns":6},{"damage":44,"enemies":"3 Cultists","floor":22,"turns":7},{"damage":20,"enemies":"Sentry and Sphere","floor":24,"turns":6},{"damage":59,"enemies":"Book of Stabbing","floor":25,"turns":8},{"damage":53,"enemies":"Cultist and Chosen","floor":29,"turns":5}],"event_choices":[{"event_name":"The Woman in Blue","player_choice":"Bought 1 Potion","floor":2,"damage_taken":0},{"event_name":"Shining Light","player_choice":"Entered Light","floor":8,"damage_taken":0},{"event_name":"Upgrade Shrine","player_choice":"Upgraded","floor":14,"damage_taken":0}],"boss_relics":[{"not_picked":["Astrolabe","Velvet Choker"],"picked":"Calling Bell"}],"potions_floor_spawned":[4,5,6,13,18,21,24],"seed_played":"-8051257137142571140","killed_by":"Cultist and Chosen","ascension_level":0,"is_trial":false}