{"gold_per_floor":[116,116,126,145,110,110,141,153,188,211,240,264,286,328,340,456,468,490,190,190,60,71,71,98,98,124,142,142,197,197,216,216,315,315,330,63,77,96,57,70,70,100,126,126],"floor_reached":44,"playtime":2094,"items_purged":["Regret"],"score":711,"play_id":"43241616-5a49-4aa4-896f-d84bee9a37ee","local_time":"20190523183932","is_ascension_mode":true,"campfire_choices":[{"data":"Zap","floor":6,"key":"SMITH"},{"floor":8,"key":"REST"},{"floor":15,"key":"REST"},{"floor":23,"key":"REST"},{"floor":30,"key":"REST"},{"data":"Seek","floor":32,"key":"SMITH"},{"floor":41,"key":"REST"}],"neow_cost":"NONE","seed_source_timestamp":743927453320365,"circlet_count":0,"master_deck":["Strike_B","Strike_B","Strike_B","Defend_B","Defend_B","Defend_B","Defend_B","Zap+1","Dualcast","Leap","Compile Driver","Glacier","Hello World","All For One","Hologram","Ball Lightning","Electrodynamics","Chill","Coolheaded","Biased Cognition","Go for the Eyes","Defragment","Panache","Seek+1","Gash","Gash","Coolheaded+1","Loop","Reboot","Steam Power+1","Beam Cell","Reboot","Rebound","Parasite","Loop","Capacitor","Sunder","Cold Snap+1"],"relics":["Cracked Core","Bronze Scales","MawBank","Vajra","Blue Candle","Philosopher\u0027s Stone","Regal Pillow","Ancient Tea Set","Tiny Chest","Inserter","DataDisk","Lantern","Potion Belt"],"potions_floor_usage":[7,10,11,14,16,24,24,27,40,40],"damage_taken":[{"damage":2,"enemies":"Jaw Worm","floor":1,"turns":4},{"damage":2,"enemies":"2 Louse","floor":3,"turns":3},{"damage":3,"enemies":"Cultist","floor":4,"turns":3},{"damage":28,"enemies":"Gremlin Nob","floor":7,"turns":4},{"damage":0,"enemies":"2 Fungi Beasts","floor":10,"turns":2},{"damage":4,"enemies":"Lots of Slimes","floor":11,"turns":4},{"damage":23,"enemies":"3 Louse","floor":12,"turns":3},{"damage":6,"enemies":"Blue Slaver","floor":13,"turns":4},{"damage":15,"enemies":"Lagavulin","floor":14,"turns":6},{"damage":24,"enemies":"The Guardian","floor":16,"turns":10},{"damage":14,"enemies":"3 Byrds","floor":18,"turns":4},{"damage":14,"enemies":"Shell Parasite","floor":22,"turns":3},{"damage":3,"enemies":"Slavers","floor":24,"turns":3},{"damage":5,"enemies":"Cultist and Chosen","floor":27,"turns":4},{"damage":7,"enemies":"Book of Stabbing","floor":29,"turns":4},{"damage":8,"enemies":"Snake Plant","floor":31,"turns":4},{"damage":48,"enemies":"Automaton","floor":33,"turns":8},{"damage":18,"enemies":"Orb Walker","floor":35,"turns":4},{"damage":0,"enemies":"3 Shapes","floor":37,"turns":6},{"damage":39,"enemies":"Writhing Mass","floor":38,"turns":6},{"damage":10,"enemies":"Sphere and 2 Shapes","floor":40,"turns":4},{"damage":30,"enemies":"Nemesis","floor":42,"turns":6},{"damage":12,"enemies":"Giant Head","floor":44,"turns":5}],"seed_played":"-4368387903552572675","potions_obtained":[{"floor":1,"key":"Fire Potion"},{"floor":4,"key":"Strength Potion"},{"floor":10,"key":"Fire Potion"},{"floor":12,"key":"Swift Potion"},{"floor":13,"key":"PowerPotion"},{"floor":14,"key":"Fire Potion"},{"floor":18,"key":"AttackPotion"},{"floor":24,"key":"FearPotion"},{"floor":31,"key":"FairyPotion"},{"floor":33,"key":"Poison Potion"},{"floor":35,"key":"Block Potion"}],"is_trial":false,"path_per_floor":["M","?","M","M","?","R","E","R","T","M","M","M","M","E","R","B",null,"M","$","?","$","M","R","E","?","T","M","?","E","R","M","R","B",null,"M","$","M","M","$","M","R","E","T","E"],"character_chosen":"DEFECT","items_purchased":["Defragment","Panache","Seek","Gash","DataDisk","Beam Cell","Reboot","Capacitor"],"campfire_rested":5,"item_purchase_floors":[19,19,21,21,36,36,36,39],"current_hp_per_floor":[66,66,64,61,75,75,47,69,69,69,65,42,36,21,43,19,61,47,47,47,47,33,55,52,52,52,47,47,40,75,67,67,19,61,43,43,43,4,4,1,38,8,8,0],"gold":126,"neow_bonus":"THREE_CARDS","is_prod":false,"is_daily":false,"chose_seed":false,"campfire_upgraded":2,"win_rate":0,"timestamp":1558651172,"path_taken":["M","?","M","M","?","R","E","R","T","M","M","M","?","E","R","BOSS","M","$","?","$","M","R","E","?","T","M","?","E","R","M","R","BOSS","M","$","?","M","$","M","R","E","T","E"],"build_version":"2019-01-23","purchased_purges":1,"victory":false,"max_hp_per_floor":[75,75,75,75,75,75,75,75,75,75,75,75,75,75,75,75,75,75,75,75,75,75,75,75,75,75,75,75,75,75,75,75,75,75,75,75,75,75,75,75,75,75,75,75],"card_choices":[{"not_picked":["Beam Cell","Redo"],"picked":"Leap","floor":0},{"not_picked":["Undo","Hologram"],"picked":"Compile Driver","floor":1},{"not_picked":["FTL","Blizzard"],"picked":"Glacier","floor":3},{"not_picked":["Reprogram","Beam Cell"],"picked":"Hello World","floor":4},{"not_picked":["Recycle","Multi-Cast"],"picked":"All For One","floor":7},{"not_picked":["Cold Snap","Compile Driver"],"picked":"Hologram","floor":10},{"not_picked":["Turbo","Cold Snap"],"picked":"Ball Lightning","floor":11},{"not_picked":["Melter","Hello World"],"picked":"Electrodynamics","floor":12},{"not_picked":["Turbo","Leap"],"picked":"Chill","floor":13},{"not_picked":["Leap","Compile Driver"],"picked":"Coolheaded","floor":14},{"not_picked":["Multi-Cast","Rainbow"],"picked":"Biased Cognition","floor":16},{"not_picked":["Streamline","Beam Cell"],"picked":"Go for the Eyes","floor":18},{"not_picked":["Reprogram+1","Steam+1","Heatsinks"],"picked":"SKIP","floor":22},{"not_picked":["Tempest","Darkness+1","Barrage"],"picked":"SKIP","floor":24},{"not_picked":["Storm","Hello World"],"picked":"Gash","floor":27},{"not_picked":["Auto Shields","Cold Snap"],"picked":"Coolheaded+1","floor":29},{"not_picked":["Redo","Leap"],"picked":"Loop","floor":31},{"not_picked":["Amplify","Rainbow"],"picked":"Reboot","floor":33},{"not_picked":["Conserve Battery+1","Static Discharge+1"],"picked":"Steam Power+1","floor":35},{"not_picked":["Chill+1","Force Field+1"],"picked":"Rebound","floor":37},{"not_picked":["Turbo","Cold Snap"],"picked":"Loop","floor":38},{"not_picked":["Sweeping Beam+1","Aggregate"],"picked":"Sunder","floor":40},{"not_picked":["Streamline+1","Steam"],"picked":"Cold Snap+1","floor":42}],"player_experience":658521,"relics_obtained":[{"floor":7,"key":"MawBank"},{"floor":9,"key":"Vajra"},{"floor":14,"key":"Blue Candle"},{"floor":24,"key":"Regal Pillow"},{"floor":26,"key":"Ancient Tea Set"},{"floor":29,"key":"Tiny Chest"},{"floor":42,"key":"Lantern"},{"floor":43,"key":"Potion Belt"}],"event_choices":[{"damage_healed":0,"gold_gain":0,"player_choice":"Box","damage_taken":0,"relics_obtained":["Bronze Scales"],"max_hp_gain":0,"max_hp_loss":0,"event_name":"Big Fish","floor":2,"gold_loss":0,"cards_obtained":["Regret"]},{"damage_healed":18,"gold_gain":0,"player_choice":"Healed","damage_taken":0,"max_hp_gain":0,"max_hp_loss":0,"event_name":"The Cleric","floor":5,"gold_loss":35},{"damage_healed":0,"gold_gain":0,"player_choice":"Ignored","damage_taken":0,"max_hp_gain":0,"max_hp_loss":0,"event_name":"Cursed Tome","floor":20,"gold_loss":0},{"damage_healed":0,"gold_gain":0,"player_choice":"Ignored","damage_taken":0,"max_hp_gain":0,"max_hp_loss":0,"event_name":"Beggar","floor":25,"gold_loss":0},{"cards_removed":["Strike_B"],"damage_healed":0,"gold_gain":0,"player_choice":"Offered Basic","damage_taken":0,"max_hp_gain":0,"max_hp_loss":0,"event_name":"Bonfire Elementals","floor":28,"gold_loss":0}],"is_beta":false,"boss_relics":[{"not_picked":["Eternal Feather","Velvet Choker"],"picked":"Philosopher\u0027s Stone"},{"not_picked":["White Beast Statue","Runic Pyramid"],"picked":"Inserter"}],"items_purged_floors":[19],"is_endless":false,"potions_floor_spawned":[1,4,10,12,13,14,18,24,31,33,35,38],"killed_by":"Giant Head","ascension_level":8}