{"gold_per_floor":[109,124,124,140,140,140,166,166,166,176,176,202,219,237,237,311,311,322,339,66,66,85,85,105,105,105,124,71,91,91,109,109,109],"floor_reached":33,"playtime":1373,"items_purged":["Strike_R"],"score":470,"play_id":"4e891f06-775f-40e8-8f8b-a3d659858480","local_time":"20181215214853","is_ascension_mode":true,"campfire_choices":[{"data":"Immolate","floor":6,"key":"SMITH"},{"data":"Uppercut","floor":8,"key":"SMITH"},{"data":"Bash","floor":11,"key":"SMITH"},{"data":"Metallicize","floor":15,"key":"SMITH"},{"data":"True Grit","floor":23,"key":"SMITH"},{"data":"Armaments","floor":30,"key":"SMITH"},{"floor":32,"key":"REST"}],"neow_cost":"TEN_PERCENT_HP_LOSS","seed_source_timestamp":10720974557089,"circlet_count":0,"master_deck":["AscendersBane","Strike_R","Strike_R","Strike_R","Defend_R","Defend_R","Defend_R","Defend_R","Bash+1","Immolate+1","Thunderclap","Battle Trance","Twin Strike","Uppercut+1","Metallicize+1","Shrug It Off","Barricade","Headbutt","True Grit+1","Shrug It Off","Metallicize","Feel No Pain+1","Decay","Armaments+1","Demon Form","Intimidate+1"],"relics":["Burning Blood","Orichalcum","Dodecahedron","Peace Pipe","Runic Pyramid","Ginger"],"potions_floor_usage":[18,24,29,33],"damage_taken":[{"damage":9,"enemies":"Jaw Worm","floor":1,"turns":4},{"damage":0,"enemies":"Small Slimes","floor":2,"turns":1},{"damage":1,"enemies":"Cultist","floor":4,"turns":3},{"damage":15,"enemies":"3 Sentries","floor":7,"turns":3},{"damage":2,"enemies":"3 Louse","floor":10,"turns":3},{"damage":2,"enemies":"Gremlin Nob","floor":12,"turns":3},{"damage":0,"enemies":"2 Fungi Beasts","floor":13,"turns":1},{"damage":0,"enemies":"Exordium Wildlife","floor":14,"turns":1},{"damage":1,"enemies":"The Guardian","floor":16,"turns":11},{"damage":0,"enemies":"Spheric Guardian","floor":18,"turns":3},{"damage":2,"enemies":"Chosen","floor":19,"turns":4},{"damage":15,"enemies":"Colosseum Slavers","floor":21,"turns":4},{"damage":21,"enemies":"Snake Plant","floor":22,"turns":5},{"damage":15,"enemies":"Sentry and Sphere","floor":24,"turns":6},{"damage":12,"enemies":"Chosen and Byrds","floor":27,"turns":6},{"damage":5,"enemies":"3 Cultists","floor":29,"turns":3},{"damage":12,"enemies":"Centurion and Healer","floor":31,"turns":11},{"damage":52,"enemies":"Collector","floor":33,"turns":6}],"seed_played":"4286271679283934770","potions_obtained":[{"floor":1,"key":"Block Potion"},{"floor":7,"key":"Energy Potion"},{"floor":18,"key":"Explosive Potion"},{"floor":27,"key":"PowerPotion"}],"is_trial":false,"path_per_floor":["M","M","?","M","?","R","E","R","T","M","R","E","M","M","R","B",null,"M","M","$","?","M","R","M","?","T","M","$","M","R","M","R","B"],"character_chosen":"IRONCLAD","items_purchased":["True Grit","Shrug It Off","Metallicize","Armaments"],"campfire_rested":1,"item_purchase_floors":[20,20,20,28],"current_hp_per_floor":[65,68,68,68,68,68,59,59,59,63,63,67,68,68,68,68,68,68,68,68,59,44,44,35,35,35,29,29,30,30,24,44,0],"gold":109,"neow_bonus":"THREE_RARE_CARDS","is_prod":false,"is_daily":false,"chose_seed":false,"campfire_upgraded":6,"win_rate":0,"timestamp":1544921333,"path_taken":["M","M","?","M","?","R","E","R","T","?","R","E","M","M","R","BOSS","M","M","$","?","M","R","M","?","T","M","?","M","R","M","R","BOSS"],"build_version":"2018-12-13","purchased_purges":1,"victory":false,"max_hp_per_floor":[68,68,68,68,68,68,68,68,68,68,68,68,68,68,68,68,68,68,68,68,68,68,68,68,68,68,68,68,68,68,68,68,68],"card_choices":[{"not_picked":["Bludgeon","Offering"],"picked":"Immolate","floor":0},{"not_picked":["Infernal Blade","Havoc"],"picked":"Thunderclap","floor":1},{"not_picked":["Wild Strike","Blood for Blood"],"picked":"Battle Trance","floor":2},{"not_picked":["Wild Strike","Twin Strike","Anger"],"picked":"SKIP","floor":4},{"not_picked":["Clash","Thunderclap"],"picked":"Uppercut","floor":7},{"not_picked":["Whirlwind","Heavy Blade","Sword Boomerang"],"picked":"SKIP","floor":10},{"not_picked":["Anger","Reckless Charge"],"picked":"Metallicize","floor":12},{"not_picked":["Flex","Uppercut","Pommel Strike"],"picked":"SKIP","floor":13},{"not_picked":["Armaments","Sword Boomerang"],"picked":"Shrug It Off","floor":14},{"not_picked":["Berserk","Juggernaut"],"picked":"Barricade","floor":16},{"not_picked":["Flex","Sword Boomerang"],"picked":"Headbutt","floor":18},{"not_picked":["Thunderclap","Twin Strike","Wild Strike"],"picked":"SKIP","floor":19},{"not_picked":["Sword Boomerang","Bloodletting","Flex"],"picked":"SKIP","floor":22},{"not_picked":["Thunderclap","Sever Soul"],"picked":"Feel No Pain+1","floor":24},{"not_picked":["Wild Strike","Flex","Body Slam"],"picked":"SKIP","floor":27},{"not_picked":["Reckless Charge","Thunderclap"],"picked":"Demon Form","floor":29},{"not_picked":["Perfected Strike+1","Clash"],"picked":"Intimidate+1","floor":31}],"player_experience":551815,"relics_obtained":[{"floor":7,"key":"Orichalcum"},{"floor":9,"key":"Dodecahedron"},{"floor":12,"key":"Peace Pipe"},{"floor":26,"key":"Ginger"}],"event_choices":[{"damage_healed":0,"gold_gain":0,"player_choice":"Ignored","damage_taken":0,"max_hp_gain":0,"max_hp_loss":0,"event_name":"Liars Game","floor":3,"gold_loss":0},{"damage_healed":0,"gold_gain":0,"cards_transformed":["Strike_R"],"player_choice":"Transformed","damage_taken":0,"max_hp_gain":0,"max_hp_loss":0,"event_name":"Transmorgrifier","floor":5,"gold_loss":0,"cards_obtained":["Twin Strike"]},{"damage_healed":0,"gold_gain":0,"player_choice":"Fight","damage_taken":0,"max_hp_gain":0,"max_hp_loss":0,"event_name":"Colosseum","floor":21,"gold_loss":0},{"damage_healed":0,"gold_gain":0,"player_choice":"Fled From Nobs","damage_taken":0,"max_hp_gain":0,"max_hp_loss":0,"event_name":"Colosseum","floor":21,"gold_loss":0},{"damage_healed":0,"gold_gain":0,"player_choice":"Smashed Altar","damage_taken":0,"max_hp_gain":0,"max_hp_loss":0,"event_name":"Forgotten Altar","floor":25,"gold_loss":0,"cards_obtained":["Decay"]}],"is_beta":false,"boss_relics":[{"not_picked":["Tiny House","Eternal Feather"],"picked":"Runic Pyramid"}],"items_purged_floors":[20],"is_endless":false,"potions_floor_spawned":[1,7,12,18,27],"killed_by":"Collector","ascension_level":16}