{"gold_per_floor":[116,132,57,57,71,115,115,115,115,154,179,203,203,83,83,173,173,73,73,18,18,18,18,18,18,18,18,18,18,18,18,18,18],"floor_reached":33,"playtime":3523,"items_purged":["Strike_R"],"score":530,"play_id":"7a7cab23-7e31-49e2-a9aa-9585c5ddbe6a","local_time":"20190104003957","is_ascension_mode":true,"campfire_choices":[{"floor":8,"key":"REST"},{"floor":13,"key":"REST"},{"data":"Armaments","floor":15,"key":"SMITH"},{"floor":25,"key":"REST"},{"data":"Limit Break","floor":29,"key":"SMITH"},{"floor":32,"key":"REST"}],"neow_cost":"NONE","seed_source_timestamp":42536560387496,"circlet_count":0,"master_deck":["AscendersBane","Defend_R","Defend_R","Defend_R","Defend_R","Bash","Offering","Cleave","Sword Boomerang","Clothesline","Shrug It Off","Flex","Flame Barrier","Armaments+1","Disarm","Limit Break+1","Headbutt","Shrug It Off","Inflame+1","Bite","Bite","Bite","Bite","Bite","Disarm"],"relics":["Burning Blood","Golden Idol","Anchor","Darkstone Periapt","Self Forming Clay","Ectoplasm","Lantern"],"potions_floor_usage":[12,31,33],"damage_taken":[{"damage":8,"enemies":"Jaw Worm","floor":1,"turns":2},{"damage":6,"enemies":"2 Louse","floor":2,"turns":2},{"damage":6,"enemies":"Small Slimes","floor":5,"turns":2},{"damage":65,"enemies":"Lagavulin","floor":6,"turns":9},{"damage":25,"enemies":"3 Sentries","floor":10,"turns":8},{"damage":6,"enemies":"Exordium Thugs","floor":11,"turns":5},{"damage":6,"enemies":"Gremlin Gang","floor":12,"turns":2},{"damage":26,"enemies":"The Guardian","floor":16,"turns":16},{"damage":21,"enemies":"2 Thieves","floor":18,"turns":5},{"damage":19,"enemies":"Shell Parasite","floor":19,"turns":4},{"damage":22,"enemies":"Shelled Parasite and Fungi","floor":21,"turns":8},{"damage":7,"enemies":"Snake Plant","floor":22,"turns":5},{"damage":8,"enemies":"Snecko","floor":27,"turns":6},{"damage":9,"enemies":"Shelled Parasite and Fungi","floor":30,"turns":6},{"damage":27,"enemies":"Cultist and Chosen","floor":31,"turns":5},{"damage":43,"enemies":"Collector","floor":33,"turns":3}],"seed_played":"-3588570580951750222","potions_obtained":[{"floor":10,"key":"SpeedPotion"},{"floor":16,"key":"Ancient Potion"},{"floor":21,"key":"Block Potion"},{"floor":30,"key":"PowerPotion"}],"is_trial":false,"path_per_floor":["M","M","?","?","M","E","?","R","T","E","M","M","R","$","R","B",null,"M","M","$","M","M","$","?","R","T","M","?","R","M","M","R","B"],"character_chosen":"IRONCLAD","items_purchased":["Disarm","Shrug It Off"],"campfire_rested":4,"item_purchase_floors":[14,20],"current_hp_per_floor":[66,66,66,66,66,7,7,27,27,8,8,8,28,28,28,8,53,38,25,25,9,8,8,8,28,28,26,26,26,33,18,32,0],"gold":18,"neow_bonus":"ONE_RANDOM_RARE_CARD","is_prod":false,"is_daily":false,"chose_seed":false,"campfire_upgraded":2,"win_rate":0,"timestamp":1546573197,"path_taken":["M","M","?","?","M","E","?","R","T","E","M","?","R","$","R","BOSS","M","M","$","?","M","$","?","R","T","M","?","R","M","M","R","BOSS"],"build_version":"2019-01-03","purchased_purges":1,"victory":false,"max_hp_per_floor":[75,75,75,68,68,68,68,68,68,68,68,68,68,68,68,68,68,68,68,68,68,68,68,68,68,68,68,47,47,47,47,47,47],"card_choices":[{"not_picked":["True Grit","Heavy Blade"],"picked":"Cleave","floor":1},{"not_picked":["Corruption","Ghostly Armor"],"picked":"Sword Boomerang","floor":2},{"not_picked":["Thunderclap","Headbutt"],"picked":"Clothesline","floor":5},{"not_picked":["Dark Embrace","True Grit"],"picked":"Shrug It Off","floor":6},{"not_picked":["Whirlwind","Feel No Pain"],"picked":"Flex","floor":10},{"not_picked":["Sword Boomerang","Havoc"],"picked":"Flame Barrier","floor":11},{"not_picked":["Havoc","Body Slam"],"picked":"Armaments","floor":12},{"not_picked":["Offering","Dark Embrace"],"picked":"Limit Break","floor":16},{"not_picked":["True Grit","Body Slam","Heavy Blade"],"picked":"SKIP","floor":18},{"not_picked":["Clothesline","Sword Boomerang"],"picked":"Headbutt","floor":19},{"not_picked":["Flex","Carnage","Cleave"],"picked":"SKIP","floor":21},{"not_picked":["Bloodletting","Rampage","Flex"],"picked":"SKIP","floor":22},{"not_picked":["Battle Trance","True Grit"],"picked":"Inflame+1","floor":27},{"not_picked":["Seeing Red","Wild Strike","Bloodletting"],"picked":"SKIP","floor":30},{"not_picked":["True Grit","Sword Boomerang"],"picked":"Disarm","floor":31}],"player_experience":696551,"relics_obtained":[{"floor":6,"key":"Anchor"},{"floor":9,"key":"Darkstone Periapt"},{"floor":10,"key":"Self Forming Clay"},{"floor":26,"key":"Lantern"}],"event_choices":[{"cards_removed":["Strike_R"],"damage_healed":0,"gold_gain":0,"player_choice":"Card Removal","damage_taken":0,"max_hp_gain":0,"max_hp_loss":0,"event_name":"The Cleric","floor":3,"gold_loss":75},{"damage_healed":0,"gold_gain":0,"player_choice":"Lose Max HP","damage_taken":0,"relics_obtained":["Golden Idol"],"max_hp_gain":0,"max_hp_loss":7,"event_name":"Golden Idol","floor":4,"gold_loss":0},{"damage_healed":0,"gold_gain":0,"player_choice":"Fled","damage_taken":0,"max_hp_gain":0,"max_hp_loss":0,"event_name":"Scrap Ooze","floor":7,"gold_loss":0},{"damage_healed":0,"gold_gain":0,"player_choice":"Became a vampire","damage_taken":0,"max_hp_gain":0,"max_hp_loss":21,"event_name":"Vampires","floor":28,"gold_loss":0,"cards_obtained":["Bite","Bite","Bite","Bite","Bite"]}],"is_beta":false,"boss_relics":[{"not_picked":["Orrery","Philosopher\u0027s Stone"],"picked":"Ectoplasm"}],"items_purged_floors":[14],"is_endless":false,"potions_floor_spawned":[10,16,21,30],"killed_by":"Collector","ascension_level":19}