{"gold_per_floor":[118,118,118,118,135,167,178,178,201,201,234,264,276,321,333,447,459,489,424,440,453,453,453,485,485,511,511,529,545,563,590,590,689,689,705,723,737,757,769,769,800,800,825,111,123,133,161,180,180,180],"floor_reached":51,"playtime":4489,"items_purged":[],"score":1118,"play_id":"2414670e-63e2-48ff-807b-81e44180cadb","local_time":"20190623134349","is_ascension_mode":true,"campfire_choices":[{"data":"Zap","floor":8.0,"key":"SMITH"},{"data":"Buffer","floor":10.0,"key":"SMITH"},{"data":"Hello World","floor":13.0,"key":"SMITH"},{"floor":15.0,"key":"REST"},{"floor":23.0,"key":"REST"},{"floor":25.0,"key":"REST"},{"floor":27.0,"key":"REST"},{"floor":32.0,"key":"REST"},{"floor":40.0,"key":"REST"},{"floor":42.0,"key":"REST"},{"floor":49.0,"key":"REST"}],"neow_cost":"NONE","seed_source_timestamp":982480555183859,"circlet_count":0,"master_deck":["Defend_B","Defend_B+1","Defend_B","Zap+1","Dualcast+1","Sweeping Beam","Gash","Buffer+1","Cold Snap","Hello World+1","Gash","Electrodynamics","Leap+1","Gash+1","FTL+1","Genetic Algorithm+1","Echo Form","Doubt","Conserve Battery","Hologram","Compile Driver","White Noise","Hyperbeam","Biased Cognition","Conserve Battery+1","Reinforced Body","Coolheaded+1","Turbo+1","Echo Form","Defragment","Discovery","Parasite","Coolheaded+1","Loop+1"],"special_seed":0,"relics":["Cracked Core","NeowsBlessing","PreservedInsect","DataDisk","Vajra","MawBank","Centennial Puzzle","Astrolabe","Darkstone Periapt","Lantern","Pantograph","Runic Pyramid","War Paint","Pen Nib","Dead Branch","Bag of Marbles","Dodecahedron"],"potions_floor_usage":[50,50],"damage_taken":[{"damage":0.0,"enemies":"2 Louse","floor":1.0,"turns":1.0},{"damage":0.0,"enemies":"Small Slimes","floor":5.0,"turns":1.0},{"damage":0.0,"enemies":"Lagavulin","floor":6.0,"turns":1.0},{"damage":4.0,"enemies":"Cultist","floor":7.0,"turns":3.0},{"damage":22.0,"enemies":"Gremlin Nob","floor":11.0,"turns":3.0},{"damage":3.0,"enemies":"Large Slime","floor":12.0,"turns":4.0},{"damage":14.0,"enemies":"3 Sentries","floor":14.0,"turns":4.0},{"damage":35.0,"enemies":"Hexaghost","floor":16.0,"turns":10.0},{"damage":15.0,"enemies":"3 Byrds","floor":18.0,"turns":2.0},{"damage":23.0,"enemies":"Shell Parasite","floor":20.0,"turns":5.0},{"damage":12.0,"enemies":"Snecko","floor":21.0,"turns":5.0},{"damage":17.0,"enemies":"Slavers","floor":24.0,"turns":3.0},{"damage":16.0,"enemies":"Centurion and Healer","floor":28.0,"turns":5.0},{"damage":15.0,"enemies":"Chosen and Byrds","floor":29.0,"turns":5.0},{"damage":9.0,"enemies":"Snake Plant","floor":30.0,"turns":6.0},{"damage":4.0,"enemies":"Book of Stabbing","floor":31.0,"turns":4.0},{"damage":55.0,"enemies":"Automaton","floor":33.0,"turns":9.0},{"damage":0.0,"enemies":"3 Shapes","floor":35.0,"turns":4.0},{"damage":0.0,"enemies":"Orb Walker","floor":36.0,"turns":4.0},{"damage":11.0,"enemies":"Maw","floor":37.0,"turns":9.0},{"damage":27.0,"enemies":"Jaw Worm Horde","floor":38.0,"turns":2.0},{"damage":13.0,"enemies":"Transient","floor":39.0,"turns":5.0},{"damage":16.0,"enemies":"Nemesis","floor":41.0,"turns":9.0},{"damage":4.0,"enemies":"Writhing Mass","floor":45.0,"turns":6.0},{"damage":25.0,"enemies":"Spire Growth","floor":46.0,"turns":7.0},{"damage":0.0,"enemies":"Giant Head","floor":47.0,"turns":7.0},{"damage":15.0,"enemies":"Jaw Worm Horde","floor":48.0,"turns":3.0},{"damage":1,"enemies":"Time Eater","floor":50,"turns":23}],"seed_played":"7472249387486859167","potions_obtained":[{"floor":5.0,"key":"SkillPotion"},{"floor":6.0,"key":"SkillPotion"},{"floor":12.0,"key":"PowerPotion"},{"floor":16.0,"key":"SkillPotion"},{"floor":18.0,"key":"SpeedPotion"},{"floor":21.0,"key":"FocusPotion"},{"floor":28.0,"key":"SpeedPotion"},{"floor":33.0,"key":"EssenceOfSteel"},{"floor":37.0,"key":"Regen Potion"},{"floor":39.0,"key":"Energy Potion"},{"floor":41.0,"key":"Poison Potion"},{"floor":46.0,"key":"Dexterity Potion"},{"floor":48.0,"key":"PowerPotion"}],"is_trial":false,"path_per_floor":["M","?","?","?","M","E","M","R","T","R","E","M","R","E","R","B",null,"M","$","M","M","?","R","E","R","T","R","M","M","M","E","R","B",null,"M","M","M","M","M","R","E","R","T","$","M","M","E","M","R","B",null],"character_chosen":"DEFECT","items_purchased":["Echo Form","Defragment","Dead Branch","Bag of Marbles","Discovery","AttackPotion","Strength Potion"],"campfire_rested":8,"item_purchase_floors":[19,44,44,44,44,44,44],"current_hp_per_floor":[68,61,61,61,61,61,57,57,57,57,35,32,32,18,40,5,58,43,43,20,8,8,30,13,35,35,57,41,26,17,13,35,5,58,58,58,47,25,12,34,18,40,40,40,42,17,17,2,26,50],"gold":180,"neow_bonus":"THREE_ENEMY_KILL","is_prod":false,"is_daily":false,"chose_seed":false,"campfire_upgraded":3,"win_rate":0,"timestamp":1561311829,"path_taken":["M","?","?","?","M","E","?","R","T","R","E","M","R","E","R","BOSS","M","$","M","M","?","R","E","R","T","R","M","?","M","E","R","BOSS","M","?","M","M","M","R","E","R","T","$","?","M","E","M","R","BOSS"],"build_version":"2019-01-23","purchased_purges":0,"victory":true,"max_hp_per_floor":[75,75,75,75,75,75,75,75,75,75,75,75,75,75,75,75,75,75,75,75,75,75,75,75,75,75,75,75,75,75,75,75,75,75,75,75,75,75,75,75,75,75,75,75,81,81,81,81,81,81],"card_choices":[{"not_picked":["Lockon","Steam"],"picked":"Sweeping Beam","floor":1.0},{"not_picked":["Rebound","Barrage"],"picked":"Gash","floor":5.0},{"not_picked":["Heatsinks","Hologram"],"picked":"Buffer","floor":6.0},{"not_picked":["Redo","Self Repair"],"picked":"Cold Snap","floor":7.0},{"not_picked":["Force Field","Storm"],"picked":"Hello World","floor":11.0},{"not_picked":["Aggregate","Stack","Force Field"],"picked":"SKIP","floor":12.0},{"not_picked":["Turbo","Chaos"],"picked":"Gash","floor":14.0},{"not_picked":["Fission","Meteor Strike"],"picked":"Electrodynamics","floor":16.0},{"not_picked":["Steam Power","Melter+1"],"picked":"Genetic Algorithm+1","floor":18.0},{"not_picked":["Steam+1","Turbo","Cold Snap"],"picked":"SKIP","floor":20.0},{"not_picked":["Undo","Barrage","Stack"],"picked":"SKIP","floor":21.0},{"not_picked":["Gash","Electrodynamics"],"picked":"Conserve Battery","floor":24.0},{"not_picked":["Beam Cell","Storm"],"picked":"Hologram","floor":28.0},{"not_picked":["Rip and Tear","Leap"],"picked":"Compile Driver","floor":29.0},{"not_picked":["Ball Lightning","Barrage"],"picked":"White Noise","floor":30.0},{"not_picked":["Compile Driver+1","Genetic Algorithm"],"picked":"Hyperbeam","floor":31.0},{"not_picked":["Machine Learning","Hyperbeam"],"picked":"Biased Cognition","floor":33.0},{"not_picked":["Stack+1","Skim"],"picked":"Conserve Battery+1","floor":35.0},{"not_picked":["Redo","Streamline+1"],"picked":"Reinforced Body","floor":36.0},{"not_picked":["Fusion+1","Streamline+1"],"picked":"Coolheaded+1","floor":37.0},{"not_picked":["Hello World+1","Gash"],"picked":"Turbo+1","floor":38.0},{"not_picked":["Barrage","Stack","Leap"],"picked":"SKIP","floor":39.0},{"not_picked":["Steam Power","Recycle+1"],"picked":"Echo Form","floor":41.0},{"not_picked":["Conserve Battery","Rebound"],"picked":"Coolheaded+1","floor":45.0},{"not_picked":["Redo+1","Conserve Battery","Streamline"],"picked":"SKIP","floor":46.0},{"not_picked":["Rebound","Fusion"],"picked":"Loop+1","floor":47.0},{"not_picked":["Gash","Lockon+1","Compile Driver+1"],"picked":"SKIP","floor":48.0}],"player_experience":869399,"relics_obtained":[{"floor":6.0,"key":"DataDisk"},{"floor":9.0,"key":"Vajra"},{"floor":11.0,"key":"MawBank"},{"floor":14.0,"key":"Centennial Puzzle"},{"floor":24.0,"key":"Darkstone Periapt"},{"floor":26.0,"key":"Lantern"},{"floor":31.0,"key":"Pantograph"},{"floor":41.0,"key":"War Paint"},{"floor":43.0,"key":"Pen Nib"},{"floor":47.0,"key":"Dodecahedron"}],"event_choices":[{"cards_removed":["Strike_B"],"damage_healed":0.0,"max_hp_gain":0.0,"max_hp_loss":0.0,"gold_gain":0.0,"event_name":"Golden Wing","player_choice":"Card Removal","floor":2.0,"gold_loss":0.0,"damage_taken":7.0},{"damage_healed":0.0,"max_hp_gain":0.0,"max_hp_loss":0.0,"gold_gain":0.0,"event_name":"Big Fish","player_choice":"Box","floor":3.0,"gold_loss":0.0,"damage_taken":0.0,"relics_obtained":["PreservedInsect"],"cards_obtained":["Regret"]},{"cards_removed":["Strike_B"],"damage_healed":0.0,"max_hp_gain":0.0,"max_hp_loss":0.0,"gold_gain":0.0,"event_name":"Purifier","player_choice":"Purged","floor":4.0,"gold_loss":0.0,"damage_taken":0.0},{"damage_healed":0.0,"max_hp_gain":0.0,"max_hp_loss":0.0,"gold_gain":0.0,"cards_transformed":["Regret"],"event_name":"Transmorgrifier","player_choice":"Transformed","floor":22.0,"gold_loss":0.0,"damage_taken":0.0,"cards_obtained":["Doubt"]}],"is_beta":false,"boss_relics":[{"not_picked":["Snecko Eye","Black Star"],"picked":"Astrolabe"},{"not_picked":["Busted Crown","Eternal Feather"],"picked":"Runic Pyramid"}],"items_purged_floors":[],"is_endless":false,"potions_floor_spawned":[5,6,12,16,18,21,28,33,37,39,41,45,46,48],"ascension_level":9}