{"path_per_floor":["M","?","?","?","M","R","$","M","T","M","E","M","M","E","R"],"character_chosen":"IRONCLAD","items_purchased":["Art of War"],"gold_per_floor":[114,189,259,259,274,274,131,146,146,163,195,205,223,257,257],"floor_reached":16,"campfire_rested":1,"playtime":542,"current_hp_per_floor":[80,69,69,62,68,68,68,74,74,68,39,42,46,29,53],"items_purged":[],"gold":257,"score":112,"play_id":"b32465f6-e71c-4e43-be23-af2b1a4c2bad","is_prod":false,"is_daily":false,"is_ascension_mode":false,"campfire_upgraded":1,"path_taken":["M","?","?","?","M","R","$","?","T","M","E","?","M","E","R","BOSS"],"build_version":"2018-02-12-PROD1","purchased_purges":0,"victory":false,"master_deck":["Strike_R","Strike_R","Strike_R","Strike_R","Strike_R","Defend_R","Defend_R","Defend_R","Defend_R","Bash","Uppercut","Clash","Sword Boomerang+1","Body Slam","Armaments","Rampage","Bludgeon","Wild Strike","Armaments"],"max_hp_per_floor":[80,80,80,80,80,80,80,80,80,80,80,80,80,80,80],"relics":["Burning Blood","Peace Pipe","Art of War","Ice Cream","Bottled Flame","The Courier"],"card_choices":[{"not_picked":["Sword Boomerang","Bloodletting"],"picked":"Uppercut"},{"not_picked":["Sever Soul","Fire Breathing"],"picked":"Clash"},{"not_picked":["True Grit","Body Slam"],"picked":"Sword Boomerang"},{"not_picked":["True Grit","Combust"],"picked":"Body Slam"},{"not_picked":["Headbutt","Hemokinesis"],"picked":"Armaments"},{"not_picked":["Headbutt","Bloodletting"],"picked":"Rampage"},{"not_picked":["Pommel Strike","Armaments"],"picked":"Bludgeon"},{"not_picked":["Warcry","Clash"],"picked":"Wild Strike"},{"not_picked":["Sword Boomerang","Offering"],"picked":"Armaments"}],"player_experience":73709,"potions_floor_usage":[12],"damage_taken":[{"damage":6,"enemies":"2 Louse","floor":1,"turns":4},{"damage":0,"enemies":"Cultist","floor":5,"turns":3},{"damage":0,"enemies":"Jaw Worm","floor":8,"turns":1},{"damage":12,"enemies":"3 Louse","floor":10,"turns":3},{"damage":35,"enemies":"3 Sentries","floor":11,"turns":9},{"damage":3,"enemies":"Red Slaver","floor":12,"turns":4},{"damage":2,"enemies":"Large Slime","floor":13,"turns":5},{"damage":23,"enemies":"Lagavulin","floor":14,"turns":5},{"damage":56,"enemies":"Hexaghost","floor":16,"turns":9}],"event_choices":[{"event_name":"World of Goop","player_choice":"Gather Gold","floor":2,"damage_taken":0},{"event_name":"Golden Wing","player_choice":"Gained Gold","floor":3,"damage_taken":0},{"event_name":"Scrap Ooze","player_choice":"success","floor":4,"damage_taken":7}],"boss_relics":[],"potions_floor_spawned":[11,12],"seed_played":"2012848083948208003","killed_by":"Hexaghost","ascension_level":0,"is_trial":false}