{"gold_per_floor":[117,117,137,137,137,137,112,135,214,237,202,217,217,260,260,383,383,396,409,409,460,460,460,495,65,91,114,79,79],"floor_reached":29,"playtime":930,"items_purged":[],"score":241,"play_id":"b0bb7538-8063-4edf-ae4c-fc95e884ea92","local_time":"20180915130947","is_ascension_mode":false,"campfire_choices":[{"data":"FTL","floor":6,"key":"SMITH"},{"data":"Capacitor","floor":13,"key":"SMITH"},{"floor":15,"key":"REST"},{"floor":23,"key":"REST"}],"neow_cost":"NONE","seed_source_timestamp":83685068119983,"circlet_count":0,"master_deck":["Strike_B+1","Strike_B","Strike_B+1","Strike_B","Defend_B","Defend_B","Defend_B","Defend_B","Zap+1","Dualcast","FTL+1","Injury","Capacitor+1","Regret","Redo","Barrage","Ball Lightning+1","Go for the Eyes+1","Rip and Tear+1","Rainbow","Rebound+1","Storm","Pain","Static Discharge+1","All For One+1","Barrage+1","Streamline+1","Self Repair"],"relics":["Cracked Core","Regal Pillow","Golden Idol","Sundial","Molten Egg 2","Ornamental Fan","White Beast Statue","WarpedTongs","Dream Catcher","Smiling Mask","Bottled Lightning","Art of War","Whetstone"],"potions_floor_usage":[16,16,16,19,24,29,29],"damage_taken":[{"damage":1,"enemies":"Jaw Worm","floor":1,"turns":4},{"damage":2,"enemies":"2 Louse","floor":3,"turns":2},{"damage":10,"enemies":"Small Slimes","floor":8,"turns":3},{"damage":8,"enemies":"3 Louse","floor":10,"turns":3},{"damage":10,"enemies":"Blue Slaver","floor":12,"turns":3},{"damage":30,"enemies":"Lagavulin","floor":14,"turns":5},{"damage":14,"enemies":"Hexaghost","floor":16,"turns":7},{"damage":23,"enemies":"Spheric Guardian","floor":18,"turns":5},{"damage":10,"enemies":"Shell Parasite","floor":19,"turns":4},{"damage":22,"enemies":"Slavers","floor":24,"turns":1},{"damage":39,"enemies":"Shelled Parasite and Fungi","floor":27,"turns":4},{"damage":28,"enemies":"Snecko","floor":29,"turns":5}],"seed_played":"7886480325416013045","potions_obtained":[{"floor":1,"key":"GamblersBrew"},{"floor":3,"key":"Dexterity Potion"},{"floor":10,"key":"Fire Potion"},{"floor":12,"key":"LiquidBronze"},{"floor":14,"key":"Swift Potion"},{"floor":18,"key":"Strength Potion"},{"floor":19,"key":"PowerPotion"},{"floor":24,"key":"PowerPotion"},{"floor":27,"key":"Dexterity Potion"}],"is_trial":false,"path_per_floor":["M","?","M","?","?","R","$","M","T","M","?","M","R","E","R","B",null,"M","M","?","T","?","R","E","$","T","M","$"],"character_chosen":"DEFECT","items_purchased":["Redo","Barrage+1","Bottled Lightning","Art of War","Self Repair"],"campfire_rested":2,"item_purchase_floors":[7,25,25,25,28],"current_hp_per_floor":[74,74,72,72,72,72,72,62,62,54,72,62,62,32,69,55,75,52,42,42,42,33,70,48,48,48,9,9,0],"gold":79,"neow_bonus":"RANDOM_COMMON_RELIC","is_prod":false,"is_daily":false,"chose_seed":false,"campfire_upgraded":2,"win_rate":0.0,"timestamp":1537031387,"path_taken":["M","?","M","?","?","R","$","M","T","?","?","M","R","E","R","BOSS","M","M","?","?","?","R","E","?","T","?","$","M"],"build_version":"2018-09-06","purchased_purges":0,"victory":false,"max_hp_per_floor":[75,75,75,75,75,75,75,75,75,75,75,75,75,75,75,75,75,75,75,75,75,75,75,75,75,75,75,75,75],"card_choices":[{"not_picked":["Doom and Gloom","Gash"],"picked":"FTL","floor":1},{"not_picked":["Beam Cell","Double Energy"],"picked":"Capacitor","floor":3},{"not_picked":["Auto Shields","Cold Snap"],"picked":"Barrage","floor":8},{"not_picked":["Melter+1","Redo"],"picked":"Ball Lightning+1","floor":10},{"not_picked":["Cold Snap+1","Leap"],"picked":"Go for the Eyes+1","floor":12},{"not_picked":["Recycle","Auto Shields"],"picked":"Rip and Tear+1","floor":14},{"not_picked":["Fission","Biased Cognition"],"picked":"Rainbow","floor":16},{"not_picked":["Hologram","Go for the Eyes+1"],"picked":"Rebound+1","floor":18},{"not_picked":["Cold Snap+1","Turbo+1"],"picked":"Storm","floor":19},{"not_picked":["Hologram+1","Tempest"],"picked":"Static Discharge+1","floor":23},{"not_picked":["Darkness","Go for the Eyes+1"],"picked":"All For One+1","floor":24},{"not_picked":["Coolheaded","Sweeping Beam+1"],"picked":"Streamline+1","floor":27}],"player_experience":110857,"relics_obtained":[{"floor":9,"key":"Molten Egg 2"},{"floor":14,"key":"Ornamental Fan"},{"floor":21,"key":"Dream Catcher"},{"floor":24,"key":"Smiling Mask"},{"floor":26,"key":"Whetstone"}],"event_choices":[{"event_name":"Golden Idol","player_choice":"Take Wound","floor":2,"damage_taken":0},{"event_name":"Living Wall","player_choice":"Grow","floor":4,"damage_taken":0},{"event_name":"Big Fish","player_choice":"Box","floor":5,"damage_taken":0},{"event_name":"The Cleric","player_choice":"Healed","floor":11,"damage_taken":0},{"event_name":"Accursed Blacksmith","player_choice":"Rummage","floor":20,"damage_taken":0},{"event_name":"Cursed Tome","player_choice":"Stopped","floor":22,"damage_taken":0}],"is_beta":false,"boss_relics":[{"not_picked":["Snecko Eye","FrozenCore"],"picked":"White Beast Statue"}],"items_purged_floors":[],"is_endless":false,"potions_floor_spawned":[1,3,10,12,14,18,19,24,27],"killed_by":"Snecko","ascension_level":0}