{"gold_per_floor":[11,21,21,21,36,36,36,36,60,35,75,95,95,109,109,237,237,258,278,298,223,248,288,311,329,356,237,268,312,411,442,442,565,565,585,558,582,582,602,640,640,683,734,734,778,801,825,217,217,217,217,217,40,78,78],"floor_reached":56,"playtime":4189,"items_purged":["Strike_R"],"score":2015,"play_id":"0b3bb3d0-ce0e-4912-b5f5-2274a01b0e69","local_time":"20190528225316","is_ascension_mode":true,"campfire_choices":[{"data":"Seeing Red","floor":6.0,"key":"SMITH"},{"data":"Bash","floor":8.0,"key":"SMITH"},{"data":"Corruption","floor":13.0,"key":"SMITH"},{"floor":15.0,"key":"REST"},{"data":"Dark Embrace","floor":32.0,"key":"SMITH"},{"floor":41.0,"key":"RECALL"},{"data":"Sentinel","floor":44,"key":"SMITH"},{"data":"Fiend Fire","floor":49,"key":"SMITH"},{"data":"Warcry","floor":52,"key":"SMITH"}],"neow_cost":"NO_GOLD","seed_source_timestamp":1189009848053342,"circlet_count":0,"master_deck":["Strike_R","Strike_R","Strike_R+1","Defend_R","Defend_R","Defend_R","Defend_R","Bash+1","Seeing Red+1","Sentinel+1","Intimidate","Warcry+1","Corruption+1","Spot Weakness","Intimidate","Fiend Fire+1","Flex","True Grit","Flex","Burning Pact+1","Shrug It Off","Enlightenment","Battle Trance+1","Second Wind","Dark Embrace+1","Fiend Fire+1","Feel No Pain","Havoc","Havoc","Havoc+1","Shame","Intimidate+1","Warcry","Secret Technique","Flex","Panache"],"special_seed":0,"relics":["Burning Blood","Dead Branch","Golden Idol","Orichalcum","Omamori","Cursed Key","Self Forming Clay","Bronze Scales","Centennial Puzzle","Red Mask","Shuriken","Pear","Black Star","Kunai","Lantern","Whetstone","Ice Cream","Pen Nib","Bag of Marbles","Torii","Happy Flower","Bag of Preparation"],"potions_floor_usage":[],"damage_taken":[{"damage":1.0,"enemies":"Small Slimes","floor":1.0,"turns":5.0},{"damage":4.0,"enemies":"2 Louse","floor":2.0,"turns":3.0},{"damage":6.0,"enemies":"Cultist","floor":5.0,"turns":4.0},{"damage":37.0,"enemies":"Lagavulin","floor":11.0,"turns":6.0},{"damage":7.0,"enemies":"Blue Slaver","floor":12.0,"turns":2.0},{"damage":5.0,"enemies":"Exordium Wildlife","floor":14.0,"turns":3.0},{"damage":0.0,"enemies":"Slime Boss","floor":16.0,"turns":3.0},{"damage":0.0,"enemies":"Chosen","floor":18.0,"turns":4.0},{"damage":3.0,"enemies":"2 Thieves","floor":19.0,"turns":2.0},{"damage":6.0,"enemies":"Sentry and Sphere","floor":20.0,"turns":2.0},{"damage":5.0,"enemies":"Centurion and Healer","floor":22.0,"turns":3.0},{"damage":12.0,"enemies":"Slavers","floor":23.0,"turns":3.0},{"damage":3.0,"enemies":"3 Cultists","floor":25.0,"turns":4.0},{"damage":17.0,"enemies":"Masked Bandits","floor":28.0,"turns":3.0},{"damage":2.0,"enemies":"Gremlin Leader","floor":29.0,"turns":2.0},{"damage":3.0,"enemies":"Book of Stabbing","floor":31.0,"turns":2.0},{"damage":6.0,"enemies":"Automaton","floor":33.0,"turns":2.0},{"damage":5.0,"enemies":"Orb Walker","floor":35.0,"turns":2.0},{"damage":9.0,"enemies":"3 Darklings","floor":37.0,"turns":5.0},{"damage":6.0,"enemies":"Jaw Worm Horde","floor":39.0,"turns":1.0},{"damage":6.0,"enemies":"Nemesis","floor":40.0,"turns":5.0},{"damage":12.0,"enemies":"Giant Head","floor":42.0,"turns":4.0},{"damage":12,"enemies":"Nemesis","floor":45,"turns":1},{"damage":3,"enemies":"Maw","floor":46,"turns":3},{"damage":3,"enemies":"Sphere and 2 Shapes","floor":47,"turns":3},{"damage":18,"enemies":"Time Eater","floor":50,"turns":5},{"damage":6,"enemies":"Shield and Spear","floor":54,"turns":2},{"damage":18,"enemies":"The Heart","floor":55,"turns":3}],"seed_played":"-7928652304232965920","potions_obtained":[{"floor":7.0,"key":"GamblersBrew"},{"floor":7.0,"key":"LiquidBronze"},{"floor":7.0,"key":"Strength Potion"},{"floor":12.0,"key":"SkillPotion"},{"floor":14.0,"key":"BloodPotion"},{"floor":18.0,"key":"Swift Potion"},{"floor":19.0,"key":"GamblersBrew"},{"floor":23.0,"key":"Energy Potion"},{"floor":29.0,"key":"Regen Potion"},{"floor":31.0,"key":"GamblersBrew"},{"floor":40.0,"key":"Energy Potion"}],"is_trial":false,"path_per_floor":["M","M","?","?","M","R","?","R","T","$","E","M","R","M","R","B",null,"M","M","M","?","M","E","T","M","T","$","?","E","?","E","R","B",null,"M","$","M","?","M","E","R","E","T","R","E","M","M","$","R","B",null,"R","$","E","B",null],"character_chosen":"IRONCLAD","items_purchased":["Warcry","Shrug It Off","Enlightenment","Havoc","Torii","Secret Technique","Flex","Panache"],"campfire_rested":1,"item_purchase_floors":[10,27,27,36,48,48,48,53],"current_hp_per_floor":[77,79,79,79,79,79,79,79,79,79,48,47,47,48,72,78,80,80,80,80,80,80,74,74,77,77,77,66,78,78,90,90,90,90,90,90,87,87,87,87,87,81,81,81,75,78,81,81,81,69,85,85,85,85,73],"gold":78,"neow_bonus":"ONE_RARE_RELIC","is_prod":false,"is_daily":false,"chose_seed":false,"campfire_upgraded":7,"win_rate":0,"timestamp":1559098396,"path_taken":["M","M","?","?","M","R","?","R","T","$","E","M","R","M","R","BOSS","M","?","M","?","M","E","?","M","T","$","?","E","?","E","R","BOSS","M","$","M","?","M","E","R","E","T","R","E","?","M","$","R","BOSS","R","$","E","BOSS"],"build_version":"2019-01-23","purchased_purges":1,"victory":true,"max_hp_per_floor":[80,80,80,80,80,80,80,80,80,80,80,80,80,80,80,80,80,80,80,80,80,80,80,80,80,80,80,80,80,80,90,90,90,90,90,90,90,90,90,90,90,90,90,90,90,90,90,90,90,90,90,90,90,90,90],"card_choices":[{"not_picked":["Perfected Strike","Sword Boomerang"],"picked":"Seeing Red","floor":1.0},{"not_picked":["Havoc","Ghostly Armor"],"picked":"Sentinel","floor":2.0},{"not_picked":["Havoc","Heavy Blade"],"picked":"Intimidate","floor":5.0},{"not_picked":["Sword Boomerang","Burning Pact"],"picked":"Corruption","floor":11.0},{"not_picked":["Sword Boomerang","Thunderclap"],"picked":"Spot Weakness","floor":12.0},{"not_picked":["Perfected Strike","Anger"],"picked":"Intimidate","floor":14.0},{"not_picked":["Limit Break","Offering"],"picked":"Fiend Fire","floor":16.0},{"not_picked":["Bloodletting+1","Anger+1"],"picked":"Flex","floor":18.0},{"not_picked":["Metallicize","Pummel"],"picked":"True Grit","floor":19.0},{"not_picked":["Ghostly Armor","Clash"],"picked":"Flex","floor":20.0},{"not_picked":["Iron Wave+1","Clothesline","Uppercut"],"picked":"SKIP","floor":22.0},{"not_picked":["Ghostly Armor","Inflame+1"],"picked":"Burning Pact+1","floor":23.0},{"not_picked":["Body Slam","Perfected Strike","Anger"],"picked":"SKIP","floor":25.0},{"not_picked":["Disarm","Entrench"],"picked":"Battle Trance+1","floor":28.0},{"not_picked":["Dropkick+1","Fire Breathing+1"],"picked":"Second Wind","floor":29.0},{"not_picked":["Cleave","Rampage+1"],"picked":"Dark Embrace","floor":31.0},{"not_picked":["Exhume","Immolate"],"picked":"Fiend Fire","floor":33.0},{"not_picked":["Perfected Strike+1","Inflame"],"picked":"Feel No Pain","floor":35.0},{"not_picked":["Rampage+1","Headbutt","True Grit"],"picked":"SKIP","floor":37.0},{"not_picked":["Headbutt+1","Wild Strike","Shockwave+1"],"picked":"SKIP","floor":39.0},{"not_picked":["Perfected Strike","Fiend Fire"],"picked":"Havoc","floor":40.0},{"not_picked":["Feel No Pain","Clash"],"picked":"Havoc+1","floor":42.0},{"not_picked":["Combust+1","Reaper"],"picked":"Intimidate+1","floor":45},{"not_picked":["Cleave","Dropkick+1"],"picked":"Warcry","floor":46},{"not_picked":["Wild Strike","Anger","Pommel Strike"],"picked":"SKIP","floor":47},{"not_picked":["Sword Boomerang","Armaments+1","Dual Wield+1"],"picked":"SKIP","floor":54}],"player_experience":663252,"relics_obtained":[{"floor":9.0,"key":"Orichalcum"},{"floor":11.0,"key":"Omamori"},{"floor":23.0,"key":"Self Forming Clay"},{"floor":24.0,"key":"Bronze Scales"},{"floor":26.0,"key":"Centennial Puzzle"},{"floor":28.0,"key":"Red Mask"},{"floor":29.0,"key":"Shuriken"},{"floor":31.0,"key":"Pear"},{"floor":40.0,"key":"Kunai"},{"floor":40.0,"key":"Lantern"},{"floor":42.0,"key":"Whetstone"},{"floor":42.0,"key":"Ice Cream"},{"floor":45,"key":"Pen Nib"},{"floor":45,"key":"Bag of Marbles"},{"floor":54,"key":"Happy Flower"},{"floor":54,"key":"Bag of Preparation"}],"event_choices":[{"damage_healed":0.0,"max_hp_gain":0.0,"max_hp_loss":0.0,"gold_gain":0.0,"event_name":"Golden Idol","player_choice":"Take Wound","floor":3.0,"gold_loss":0.0,"damage_taken":0.0,"relics_obtained":["Golden Idol"],"cards_obtained":["Injury"]},{"damage_healed":0.0,"max_hp_gain":0.0,"max_hp_loss":0.0,"gold_gain":0.0,"event_name":"Shining Light","player_choice":"Ignored","floor":4.0,"gold_loss":0.0,"damage_taken":0.0},{"damage_healed":0.0,"max_hp_gain":0.0,"max_hp_loss":0.0,"gold_gain":0.0,"event_name":"Lab","player_choice":"Got Potions","floor":7.0,"gold_loss":0.0,"damage_taken":0.0},{"cards_removed":["Injury"],"damage_healed":0.0,"max_hp_gain":0.0,"max_hp_loss":0.0,"gold_gain":0.0,"event_name":"Beggar","player_choice":"Gave Gold","floor":21.0,"gold_loss":75.0,"damage_taken":0.0},{"damage_healed":0.0,"max_hp_gain":0.0,"max_hp_loss":0.0,"gold_gain":0.0,"event_name":"Masked Bandits","player_choice":"Fought Bandits","floor":28.0,"gold_loss":0.0,"damage_taken":0.0},{"damage_healed":0.0,"max_hp_gain":0.0,"max_hp_loss":0.0,"gold_gain":99.0,"event_name":"Nest","player_choice":"Stole From Cult","floor":30.0,"gold_loss":0.0,"damage_taken":0.0},{"cards_removed":["Strike_R"],"damage_healed":0.0,"max_hp_gain":0.0,"max_hp_loss":0.0,"gold_gain":0.0,"event_name":"Purifier","player_choice":"Purged","floor":38.0,"gold_loss":0.0,"damage_taken":0.0}],"is_beta":false,"boss_relics":[{"not_picked":["Velvet Choker","Mark of Pain"],"picked":"Cursed Key"},{"not_picked":["Runic Pyramid","Pandora\u0027s Box"],"picked":"Black Star"}],"items_purged_floors":[48],"is_endless":false,"potions_floor_spawned":[12,14,18,19,23,29,31,37,40,45],"ascension_level":7}