{"gold_per_floor":[110,129,204,8,27,27,27,27,27,47,65,78,78,93,93,191,191,191],"floor_reached":18,"playtime":527,"items_purged":[],"score":154,"play_id":"98c4aed0-9a69-49a0-a082-c0afaed45b93","local_time":"20181002021042","is_ascension_mode":false,"campfire_choices":[{"data":"Sadistic Nature","floor":6.0,"key":"SMITH"},{"data":"Dagger Spray","floor":8.0,"key":"SMITH"},{"data":"Neutralize","floor":13.0,"key":"SMITH"},{"data":"Quick Slash","floor":15.0,"key":"SMITH"}],"neow_cost":"NONE","seed_source_timestamp":0,"circlet_count":0,"master_deck":["Survivor","Neutralize+1","Dagger Spray+1","Bane","Sadistic Nature+1","Escape Plan","Backflip","Quick Slash+1","Adrenaline","Bouncing Flask","Acrobatics","Distraction","Expertise","Flechettes","Backstab","Catalyst","Terror","Deflect","Cloak And Dagger"],"special_seed":0,"relics":["Ring of the Snake","Whetstone","Sundial","Pandora\u0027s Box"],"potions_floor_usage":[],"damage_taken":[{"damage":0.0,"enemies":"Cultist","floor":1.0,"turns":4.0},{"damage":2.0,"enemies":"Jaw Worm","floor":2.0,"turns":4.0},{"damage":0.0,"enemies":"Small Slimes","floor":5.0,"turns":3.0},{"damage":5.0,"enemies":"2 Fungi Beasts","floor":10.0,"turns":3.0},{"damage":2.0,"enemies":"Large Slime","floor":11.0,"turns":8.0},{"damage":0.0,"enemies":"Looter","floor":12.0,"turns":3.0},{"damage":2.0,"enemies":"Blue Slaver","floor":14.0,"turns":4.0},{"damage":26.0,"enemies":"The Guardian","floor":16.0,"turns":5.0},{"damage":0,"enemies":"3 Byrds","floor":18,"turns":1}],"seed_played":"7146718319640188816","potions_obtained":[{"floor":2.0,"key":"PowerPotion"},{"floor":11.0,"key":"GhostInAJar"},{"floor":14.0,"key":"PowerPotion"}],"is_trial":false,"path_per_floor":["M","M","?","$","M","R","?","R","T","M","M","M","R","M","R","B",null],"character_chosen":"THE_SILENT","items_purchased":["Sadistic Nature"],"campfire_rested":0,"item_purchase_floors":[4],"current_hp_per_floor":[70,68,57,57,57,57,57,57,57,52,50,50,50,48,48,22,70,70],"gold":191,"neow_bonus":"RANDOM_COMMON_RELIC","is_prod":false,"is_daily":false,"chose_seed":false,"campfire_upgraded":4,"win_rate":0.0,"timestamp":1538457042,"path_taken":["M","M","?","$","M","R","?","R","T","M","M","M","R","M","R","BOSS","M"],"build_version":"2018-09-27","purchased_purges":0,"victory":false,"max_hp_per_floor":[70,70,70,70,70,70,70,70,70,70,70,70,70,70,70,70,70,70],"card_choices":[{"not_picked":["Eviscerate","Predator"],"picked":"Dagger Spray","floor":1.0},{"not_picked":["Setup","Cloak And Dagger"],"picked":"Bane","floor":2.0},{"not_picked":["Distraction","Quick Slash","Predator"],"picked":"SKIP","floor":5.0},{"not_picked":["Acrobatics","Sucker Punch"],"picked":"Escape Plan","floor":10.0},{"not_picked":["Masterful Stab","PiercingWail"],"picked":"Backflip","floor":11.0},{"not_picked":["Deflect","Caltrops"],"picked":"Quick Slash","floor":12.0},{"not_picked":["PiercingWail","Slice","Wraith Form v2"],"picked":"SKIP","floor":14.0},{"not_picked":["Die Die Die","Storm of Steel"],"picked":"Adrenaline","floor":16.0}],"player_experience":90624,"relics_obtained":[{"floor":9.0,"key":"Sundial"}],"event_choices":[{"event_name":"World of Goop","player_choice":"Gather Gold","floor":3.0,"damage_taken":0.0},{"event_name":"Golden Wing","player_choice":"Ignored","floor":7.0,"damage_taken":0.0}],"is_beta":false,"boss_relics":[{"not_picked":["Runic Pyramid","Philosopher\u0027s Stone"],"picked":"Pandora\u0027s Box"}],"items_purged_floors":[],"is_endless":false,"potions_floor_spawned":[2,11,14],"killed_by":"3 Byrds","ascension_level":0}