{"path_per_floor":["M","?","M","M","$","E","M","M","T","R","?","M","M","?","R"],"character_chosen":"IRONCLAD","items_purchased":["Blood for Blood"],"gold_per_floor":[113,93,104,118,82,113,130,148,174,174,174,187,205,280,280],"floor_reached":16,"campfire_rested":2,"playtime":523,"current_hp_per_floor":[80,80,72,80,80,54,35,35,35,59,65,63,64,53,78],"items_purged":[],"gold":280,"score":104,"play_id":"f6908ff5-f9d1-4924-af57-fba9e6e1aa14","is_prod":false,"is_daily":false,"is_ascension_mode":false,"campfire_upgraded":0,"path_taken":["M","?","M","M","$","E","M","M","T","R","?","?","M","?","R","BOSS"],"build_version":"2018-02-12-PROD1","purchased_purges":0,"victory":false,"master_deck":["Strike_R","Strike_R","Strike_R","Strike_R","Strike_R","Defend_R","Defend_R","Defend_R","Defend_R","Bash","Reaper","Pommel Strike","Wild Strike","Rampage","Blood for Blood","Twin Strike","Rampage","Anger","Regret","Whirlwind","Perfected Strike"],"max_hp_per_floor":[80,80,80,80,80,80,80,80,80,80,86,86,86,86,86],"relics":["Burning Blood","Girya","Vajra","Darkstone Periapt"],"card_choices":[{"not_picked":["Second Wind","Rage"],"picked":"Pommel Strike"},{"not_picked":["Shrug It Off","Rupture"],"picked":"Wild Strike"},{"not_picked":["Iron Wave","Inflame"],"picked":"Rampage"},{"not_picked":["Burning Pact","Fiend Fire"],"picked":"Twin Strike"},{"not_picked":["Warcry","Feel No Pain"],"picked":"Rampage"},{"not_picked":["Disarm","Shrug It Off"],"picked":"Anger"},{"not_picked":["Cleave","Intimidate"],"picked":"Whirlwind"},{"not_picked":["Second Wind","Dual Wield"],"picked":"Perfected Strike"}],"player_experience":85429,"potions_floor_usage":[6,6,16,16],"damage_taken":[{"damage":10,"enemies":"Jaw Worm","floor":1,"turns":6},{"damage":18,"enemies":"Blue Slaver","floor":3,"turns":6},{"damage":2,"enemies":"2 Louse","floor":4,"turns":3},{"damage":44,"enemies":"3 Sentries","floor":6,"turns":9},{"damage":33,"enemies":"Large Slime","floor":7,"turns":7},{"damage":13,"enemies":"2 Fungi Beasts","floor":8,"turns":3},{"damage":18,"enemies":"Exordium Thugs","floor":12,"turns":3},{"damage":15,"enemies":"Large Slime","floor":13,"turns":4},{"damage":86,"enemies":"Hexaghost","floor":16,"turns":9}],"event_choices":[{"event_name":"The Woman in Blue","player_choice":"Bought 1 Potion","floor":2,"damage_taken":0},{"event_name":"Big Fish","player_choice":"Box","floor":11,"damage_taken":0},{"event_name":"World of Goop","player_choice":"Gather Gold","floor":14,"damage_taken":0}],"boss_relics":[],"potions_floor_spawned":[1,4,13],"seed_played":"4752835829168950351","killed_by":"Hexaghost","ascension_level":0,"is_trial":false}