{"gold_per_floor":[365,379,20,20,36,36,36,63,63,63,76,76],"floor_reached":12,"playtime":742,"items_purged":["Defend_G"],"score":140,"play_id":"88d6f7f0-d02f-41cd-a600-0203530d8ff0","local_time":"20190617094651","is_ascension_mode":true,"campfire_choices":[{"data":"Backflip","floor":7,"key":"SMITH"},{"data":"Defend_G","floor":10,"key":"PURGE"}],"neow_cost":"TEN_PERCENT_HP_LOSS","seed_source_timestamp":402968529805841,"circlet_count":0,"master_deck":["AscendersBane","Defend_G","Defend_G","Defend_G","Strike_G","Strike_G","Strike_G","Strike_G","Strike_G","Survivor","Neutralize","Backflip+1","Backflip+1","Escape Plan","Backflip","Leg Sweep"],"relics":["Ring of the Snake","Gremlin Horn","Peace Pipe","Meat on the Bone"],"potions_floor_usage":[8],"damage_taken":[{"damage":7,"enemies":"Cultist","floor":1,"turns":5},{"damage":0,"enemies":"Small Slimes","floor":2,"turns":4},{"damage":0,"enemies":"Jaw Worm","floor":5,"turns":7},{"damage":9,"enemies":"3 Sentries","floor":8,"turns":11},{"damage":10,"enemies":"Exordium Wildlife","floor":11,"turns":8},{"damage":0,"enemies":"Lagavulin","floor":12,"turns":1}],"seed_played":"-5139993846002926701","potions_obtained":[{"floor":5,"key":"Explosive Potion"}],"is_trial":false,"path_per_floor":["M","M","$","?","M","$","R","E","T","R","M","E"],"character_chosen":"THE_SILENT","items_purchased":["Gremlin Horn"],"campfire_rested":0,"item_purchase_floors":[3],"current_hp_per_floor":[52,52,52,52,52,52,52,43,43,43,33,33],"gold":76,"neow_bonus":"TWO_FIFTY_GOLD","is_prod":false,"is_daily":false,"chose_seed":false,"campfire_upgraded":1,"win_rate":0,"timestamp":1560736011,"path_taken":["M","M","$","?","M","?","R","E","T","R","M","E"],"build_version":"2019-01-23","purchased_purges":1,"victory":false,"max_hp_per_floor":[60,60,60,60,60,60,60,60,60,60,60,60],"card_choices":[{"not_picked":["Bane","Flying Knee"],"picked":"Backflip","floor":1},{"not_picked":["Underhanded Strike","Predator"],"picked":"Backflip","floor":2},{"not_picked":["Bane","Slice"],"picked":"Escape Plan","floor":5},{"not_picked":["Eviscerate","Terror"],"picked":"Backflip","floor":8},{"not_picked":["All Out Attack","Backflip"],"picked":"Leg Sweep","floor":11}],"player_experience":888124,"relics_obtained":[{"floor":8,"key":"Peace Pipe"},{"floor":9,"key":"Meat on the Bone"}],"event_choices":[{"damage_healed":0,"gold_gain":0,"player_choice":"Forge","damage_taken":0,"max_hp_gain":0,"max_hp_loss":0,"event_name":"Accursed Blacksmith","floor":4,"gold_loss":0,"cards_upgraded":["Backflip"]}],"is_beta":false,"boss_relics":[],"items_purged_floors":[3],"is_endless":false,"potions_floor_spawned":[5],"killed_by":"Lagavulin","ascension_level":16}