{"gold_per_floor":[111,111,131,144,164,164,194,194,218,318,330,255,276,276,276,276],"floor_reached":16,"playtime":857,"items_purged":["Strike_G"],"score":190,"play_id":"2d02ebe5-0449-48d0-a73d-4dce2bb920b8","local_time":"20190610124116","is_ascension_mode":true,"campfire_choices":[{"data":"Neutralize","floor":6,"key":"SMITH"},{"data":"Footwork","floor":8,"key":"SMITH"},{"floor":15,"key":"REST"}],"neow_cost":"NONE","seed_source_timestamp":2278851121209599,"circlet_count":0,"master_deck":["AscendersBane","Defend_G","Defend_G","Defend_G","Defend_G","Defend_G","Strike_G","Strike_G","Strike_G","Strike_G","Survivor","Neutralize+1","Predator","Footwork+1","Dagger Spray","Deadly Poison","A Thousand Cuts","Crippling Poison","Poisoned Stab","Pain"],"relics":["Ring of the Snake","Anchor","Bag of Marbles","Odd Mushroom","WarpedTongs"],"potions_floor_usage":[7,7,16],"damage_taken":[{"damage":0,"enemies":"Small Slimes","floor":1,"turns":4},{"damage":0,"enemies":"Cultist","floor":3,"turns":4},{"damage":0,"enemies":"Jaw Worm","floor":4,"turns":4},{"damage":14,"enemies":"Blue Slaver","floor":5,"turns":4},{"damage":19,"enemies":"3 Sentries","floor":7,"turns":10},{"damage":0,"enemies":"Looter","floor":11,"turns":3},{"damage":20,"enemies":"The Mushroom Lair","floor":13,"turns":4},{"damage":37,"enemies":"Hexaghost","floor":16,"turns":11}],"seed_played":"-3328678434046263986","potions_obtained":[{"floor":1,"key":"Swift Potion"},{"floor":2,"key":"PowerPotion"},{"floor":3,"key":"Block Potion"},{"floor":11,"key":"Ancient Potion"},{"floor":13,"key":"SteroidPotion"}],"is_trial":false,"path_per_floor":["M","?","M","M","M","R","E","R","T","?","M","$","?","?","R","B"],"character_chosen":"THE_SILENT","items_purchased":[],"campfire_rested":1,"item_purchase_floors":[],"current_hp_per_floor":[65,65,65,65,51,51,32,32,32,32,32,32,12,12,33,0],"gold":276,"neow_bonus":"TEN_PERCENT_HP_BONUS","is_prod":false,"is_daily":false,"chose_seed":false,"campfire_upgraded":2,"win_rate":0,"timestamp":1560184876,"path_taken":["M","?","M","M","?","R","E","R","T","?","?","$","?","?","R","BOSS"],"build_version":"2019-01-23","purchased_purges":1,"victory":false,"max_hp_per_floor":[72,72,72,72,72,72,72,72,72,72,72,72,72,72,72,72],"card_choices":[{"not_picked":["Masterful Stab","Infinite Blades"],"picked":"Predator","floor":1},{"not_picked":["Cloak And Dagger","Bane"],"picked":"Footwork","floor":3},{"not_picked":["Backflip","Cloak And Dagger"],"picked":"Dagger Spray","floor":4},{"not_picked":["Reflex","Flying Knee"],"picked":"Deadly Poison","floor":5},{"not_picked":["Flechettes","Cloak And Dagger"],"picked":"A Thousand Cuts","floor":7},{"not_picked":["Dash","Quick Slash"],"picked":"Crippling Poison","floor":11},{"not_picked":["Dagger Throw","Acrobatics"],"picked":"Poisoned Stab","floor":13}],"player_experience":806755,"relics_obtained":[{"floor":7,"key":"Anchor"},{"floor":9,"key":"Bag of Marbles"},{"floor":13,"key":"Odd Mushroom"}],"event_choices":[{"damage_healed":0,"gold_gain":0,"player_choice":"Got Potions","damage_taken":0,"max_hp_gain":0,"max_hp_loss":0,"event_name":"Lab","floor":2,"gold_loss":0},{"damage_healed":0,"gold_gain":100,"player_choice":"Gold","damage_taken":0,"max_hp_gain":0,"max_hp_loss":0,"event_name":"Wheel of Change","floor":10,"gold_loss":0},{"damage_healed":0,"gold_gain":0,"player_choice":"Fought Mushrooms","damage_taken":0,"max_hp_gain":0,"max_hp_loss":0,"event_name":"Mushrooms","floor":13,"gold_loss":0},{"damage_healed":0,"gold_gain":0,"player_choice":"Rummage","damage_taken":0,"relics_obtained":["WarpedTongs"],"max_hp_gain":0,"max_hp_loss":0,"event_name":"Accursed Blacksmith","floor":14,"gold_loss":0,"cards_obtained":["Pain"]}],"is_beta":false,"boss_relics":[],"items_purged_floors":[12],"is_endless":false,"potions_floor_spawned":[1,3,11,13],"killed_by":"Hexaghost","ascension_level":18}