{"gold_per_floor":[99,99,99,99,99,99,99,99,99,99,99,24,0,0,0,0,0,0,0,0,0,0,0,0,0,0,0,0,0,0,0,0,0,0,0,0,0,0,0],"floor_reached":39,"playtime":1808,"items_purged":["Regret"],"score":686,"play_id":"e20d70ca-9c52-42c6-8c32-3aaf9c26d2f3","local_time":"20190425102615","is_ascension_mode":true,"campfire_choices":[{"data":"Leg Sweep","floor":6,"key":"SMITH"},{"floor":8,"key":"REST"},{"floor":15,"key":"REST"},{"floor":23,"key":"REST"},{"data":"Neutralize","floor":25,"key":"SMITH"},{"floor":30,"key":"REST"},{"floor":32,"key":"REST"}],"neow_cost":"NONE","seed_source_timestamp":738868264239,"circlet_count":0,"master_deck":["AscendersBane","Defend_G","Defend_G","Defend_G","Defend_G","Defend_G","Strike_G","Strike_G","Strike_G+1","Strike_G","Strike_G+1","Survivor","Neutralize+1","Noxious Fumes","Poisoned Stab","Leg Sweep+1","Injury","Finisher","Backflip","Corpse Explosion","Glass Knife","Blade Dance","Skewer","Terror+1","Poisoned Stab","Acrobatics","Crippling Poison","PiercingWail","Glass Knife","Deadly Poison","Infinite Blades","Acrobatics"],"relics":["Ectoplasm","Orichalcum","Golden Idol","Kunai","Whetstone","Regal Pillow","Philosopher\u0027s Stone","Enchiridion","Mercury Hourglass","Potion Belt","Turnip","Mummified Hand","Fusion Hammer","Pocketwatch"],"potions_floor_usage":[20,24,37],"damage_taken":[{"damage":2,"enemies":"Jaw Worm","floor":1,"turns":6},{"damage":3,"enemies":"Small Slimes","floor":2,"turns":5},{"damage":5,"enemies":"2 Louse","floor":4,"turns":3},{"damage":26,"enemies":"Lagavulin","floor":7,"turns":7},{"damage":6,"enemies":"Exordium Wildlife","floor":10,"turns":4},{"damage":22,"enemies":"3 Sentries","floor":11,"turns":9},{"damage":0,"enemies":"Blue Slaver","floor":14,"turns":5},{"damage":36,"enemies":"Slime Boss","floor":16,"turns":13},{"damage":22,"enemies":"Spheric Guardian","floor":18,"turns":6},{"damage":2,"enemies":"Chosen","floor":20,"turns":5},{"damage":0,"enemies":"Centurion and Healer","floor":22,"turns":4},{"damage":13,"enemies":"Gremlin Leader","floor":24,"turns":6},{"damage":8,"enemies":"Cultist and Chosen","floor":27,"turns":3},{"damage":17,"enemies":"Slavers","floor":28,"turns":3},{"damage":19,"enemies":"Shelled Parasite and Fungi","floor":31,"turns":4},{"damage":65,"enemies":"Collector","floor":33,"turns":9},{"damage":14,"enemies":"3 Darklings","floor":35,"turns":4},{"damage":0,"enemies":"3 Shapes","floor":36,"turns":3},{"damage":4,"enemies":"Mind Bloom Boss Battle","floor":37,"turns":8},{"damage":45,"enemies":"Writhing Mass","floor":39,"turns":4}],"seed_played":"4046824701985141756","potions_obtained":[{"floor":4,"key":"Strength Potion"},{"floor":7,"key":"GhostInAJar"},{"floor":14,"key":"Regen Potion"},{"floor":20,"key":"Ancient Potion"},{"floor":31,"key":"GamblersBrew"},{"floor":36,"key":"Explosive Potion"}],"is_trial":false,"path_per_floor":["M","M","?","M","?","R","E","R","T","M","E","$","?","M","R","B",null,"M","?","M","T","M","R","E","R","T","M","E","$","R","M","R","B",null,"M","M","?","?","M"],"character_chosen":"THE_SILENT","items_purchased":[],"campfire_rested":5,"item_purchase_floors":[],"current_hp_per_floor":[61,58,58,53,53,53,27,48,48,42,20,20,20,20,56,20,58,36,20,30,30,30,66,53,53,53,45,28,28,64,45,70,5,54,40,40,36,36,0],"gold":0,"neow_bonus":"BOSS_RELIC","is_prod":false,"is_daily":false,"chose_seed":false,"campfire_upgraded":2,"win_rate":0,"timestamp":1556202375,"path_taken":["M","M","?","M","?","R","E","R","T","M","E","$","?","M","R","BOSS","M","?","M","?","M","R","E","R","T","M","E","$","R","M","R","BOSS","M","M","?","?","?"],"build_version":"2019-01-23","purchased_purges":1,"victory":false,"max_hp_per_floor":[70,70,70,70,70,70,70,70,70,70,70,70,70,70,70,70,70,70,70,70,70,70,70,70,70,70,70,70,70,70,70,70,70,70,70,70,70,70,70],"card_choices":[{"not_picked":["Cloak And Dagger","Dodge and Roll"],"picked":"Noxious Fumes","floor":1},{"not_picked":["Flying Knee","Bane"],"picked":"Poisoned Stab","floor":2},{"not_picked":["Sucker Punch","Slice"],"picked":"Leg Sweep","floor":4},{"not_picked":["Prepared","Concentrate"],"picked":"Finisher","floor":7},{"not_picked":["Eviscerate","Deadly Poison"],"picked":"Backflip","floor":10},{"not_picked":["Deflect","Dagger Spray"],"picked":"Corpse Explosion","floor":11},{"not_picked":["Deadly Poison","Outmaneuver"],"picked":"PiercingWail","floor":14},{"not_picked":["Wraith Form v2","Night Terror"],"picked":"Glass Knife","floor":16},{"not_picked":["Backflip","Bouncing Flask"],"picked":"Blade Dance","floor":18},{"not_picked":["Tactician","Outmaneuver"],"picked":"Skewer","floor":20},{"not_picked":["Outmaneuver+1","Quick Slash"],"picked":"Terror+1","floor":22},{"not_picked":["Underhanded Strike","Expertise"],"picked":"Poisoned Stab","floor":24},{"not_picked":["Dagger Throw","Endless Agony+1"],"picked":"Acrobatics","floor":27},{"not_picked":["Infinite Blades","Well Laid Plans"],"picked":"Crippling Poison","floor":28},{"not_picked":["Dodge and Roll","Tactician+1"],"picked":"PiercingWail","floor":31},{"not_picked":["Tools of the Trade","Corpse Explosion"],"picked":"Glass Knife","floor":33},{"not_picked":["Setup","Backflip"],"picked":"Deadly Poison","floor":35},{"not_picked":["Bane","Flying Knee"],"picked":"Infinite Blades","floor":36},{"not_picked":["Concentrate+1","Glass Knife"],"picked":"Acrobatics","floor":37}],"player_experience":462289,"relics_obtained":[{"floor":7,"key":"Kunai"},{"floor":9,"key":"Whetstone"},{"floor":11,"key":"Regal Pillow"},{"floor":19,"key":"Enchiridion"},{"floor":21,"key":"Mercury Hourglass"},{"floor":24,"key":"Potion Belt"},{"floor":26,"key":"Turnip"},{"floor":28,"key":"Mummified Hand"},{"floor":37,"key":"Pocketwatch"}],"event_choices":[{"damage_healed":0,"gold_gain":0,"player_choice":"Box","damage_taken":0,"relics_obtained":["Orichalcum"],"max_hp_gain":0,"max_hp_loss":0,"event_name":"Big Fish","floor":3,"gold_loss":0,"cards_obtained":["Regret"]},{"damage_healed":0,"gold_gain":0,"player_choice":"Take Wound","damage_taken":0,"relics_obtained":["Golden Idol"],"max_hp_gain":0,"max_hp_loss":0,"event_name":"Golden Idol","floor":5,"gold_loss":0,"cards_obtained":["Injury"]},{"damage_healed":0,"gold_gain":0,"player_choice":"Left Gold","damage_taken":0,"max_hp_gain":0,"max_hp_loss":0,"event_name":"World of Goop","floor":13,"gold_loss":24},{"damage_healed":0,"gold_gain":0,"player_choice":"Obtained Book","damage_taken":16,"max_hp_gain":0,"max_hp_loss":0,"event_name":"Cursed Tome","floor":19,"gold_loss":0},{"damage_healed":0,"gold_gain":0,"player_choice":"Fight","damage_taken":0,"max_hp_gain":0,"max_hp_loss":0,"event_name":"MindBloom","floor":37,"gold_loss":0},{"cards_removed":["PiercingWail"],"damage_healed":0,"gold_gain":0,"player_choice":"Removed Skill","damage_taken":0,"max_hp_gain":0,"max_hp_loss":0,"event_name":"Falling","floor":38,"gold_loss":0}],"is_beta":false,"boss_relics":[{"not_picked":["White Beast Statue","Orrery"],"picked":"Philosopher\u0027s Stone"},{"not_picked":["Coffee Dripper","Calling Bell"],"picked":"Fusion Hammer"}],"items_purged_floors":[12],"is_endless":false,"potions_floor_spawned":[4,7,14,18,20,31,36],"killed_by":"Writhing Mass","ascension_level":12}