{"gold_per_floor":[145,160,175,188,263,263,279,279,334,334,65,65,15,47,47,150,150,105],"floor_reached":18,"playtime":665,"items_purged":[],"score":185,"play_id":"ba3faf1d-7150-4c07-b273-0e27532169df","local_time":"20190225013111","is_ascension_mode":false,"campfire_choices":[{"data":"Poisoned Stab","floor":6,"key":"SMITH"},{"data":"Venomology","floor":8,"key":"SMITH"},{"data":"Neutralize","floor":10,"key":"SMITH"},{"data":"Predator","floor":12,"key":"SMITH"},{"data":"Bane","floor":15,"key":"SMITH"}],"neow_cost":"NONE","seed_source_timestamp":8421989620043,"circlet_count":0,"master_deck":["Defend_G","Defend_G","Defend_G","Defend_G","Defend_G","Strike_G","Strike_G","Strike_G","Strike_G","Survivor","Neutralize+1","Bane+1","Poisoned Stab+1","Predator+1","Venomology+1","Backflip","Night Terror"],"relics":["Ring of the Serpent","Tiny Chest","Vajra","Meat on the Bone","Dodecahedron"],"potions_floor_usage":[7,7,14,16,16,16],"damage_taken":[{"damage":4,"enemies":"2 Louse","floor":1,"turns":5},{"damage":3,"enemies":"Jaw Worm","floor":2,"turns":5},{"damage":2,"enemies":"Small Slimes","floor":3,"turns":5},{"damage":23,"enemies":"Exordium Thugs","floor":4,"turns":7},{"damage":3,"enemies":"Lots of Slimes","floor":7,"turns":3},{"damage":0,"enemies":"Gremlin Nob","floor":14,"turns":2},{"damage":47,"enemies":"Slime Boss","floor":16,"turns":13},{"damage":12,"enemies":"2 Thieves","floor":18,"turns":3}],"seed_played":"-5171658488628339816","potions_obtained":[{"floor":1,"key":"Energy Potion"},{"floor":4,"key":"PowerPotion"},{"floor":14,"key":"EntropicBrew"}],"is_trial":false,"path_per_floor":["M","M","M","M","?","R","M","R","T","R","$","R","?","E","R","B",null,"M"],"character_chosen":"THE_SILENT","items_purchased":["Meat on the Bone","Backflip"],"campfire_rested":0,"item_purchase_floors":[11,11],"current_hp_per_floor":[66,63,61,38,27,27,24,24,24,24,24,24,24,36,36,16,70,58],"gold":105,"neow_bonus":"RANDOM_COMMON_RELIC","is_prod":false,"is_daily":false,"chose_seed":false,"campfire_upgraded":5,"win_rate":0,"timestamp":1551069071,"path_taken":["M","M","M","M","?","R","M","R","T","R","$","R","?","E","R","BOSS","M"],"build_version":"2019-01-23","purchased_purges":0,"victory":false,"max_hp_per_floor":[70,70,70,70,70,70,70,70,70,70,70,70,70,70,70,70,70,70],"card_choices":[{"not_picked":["Masterful Stab","Finisher"],"picked":"Bane","floor":1},{"not_picked":["Bane","Finisher"],"picked":"Poisoned Stab","floor":2},{"not_picked":["Skewer","Quick Slash","Outmaneuver"],"picked":"SKIP","floor":3},{"not_picked":["Skewer","Quick Slash","Outmaneuver"],"picked":"SKIP","floor":3},{"not_picked":["Dagger Throw","Terror"],"picked":"Predator","floor":4},{"not_picked":["Quick Slash","Sucker Punch"],"picked":"Venomology","floor":7},{"not_picked":["PiercingWail","Blade Dance","Setup"],"picked":"SKIP","floor":14},{"not_picked":["Storm of Steel","Envenom"],"picked":"Night Terror","floor":16}],"player_experience":871275,"relics_obtained":[{"floor":9,"key":"Vajra"},{"floor":14,"key":"Dodecahedron"}],"event_choices":[{"damage_healed":0,"gold_gain":75,"player_choice":"Gather Gold","damage_taken":11,"max_hp_gain":0,"max_hp_loss":0,"event_name":"World of Goop","floor":5,"gold_loss":0},{"cards_removed":["Strike_G"],"damage_healed":0,"gold_gain":0,"player_choice":"Card Removal","damage_taken":0,"max_hp_gain":0,"max_hp_loss":0,"event_name":"The Cleric","floor":13,"gold_loss":50}],"is_beta":false,"boss_relics":[{"not_picked":["WristBlade","Busted Crown"],"picked":"Ring of the Serpent"}],"items_purged_floors":[],"is_endless":false,"potions_floor_spawned":[1,4,14],"killed_by":"2 Thieves","ascension_level":0}