{"path_per_floor":["M","M","?","M","M","R","E","M","T","M","?","M","M","?","R"],"character_chosen":"THE_SILENT","items_purchased":[],"gold_per_floor":[119,136,136,152,145,145,184,205,205,228,298,314,334,434,434],"floor_reached":16,"campfire_rested":1,"playtime":695,"current_hp_per_floor":[75,75,75,75,56,56,13,13,13,3,3,3,3,3,26],"items_purged":[],"gold":434,"score":106,"play_id":"aa83ec23-55cc-43bb-9a8b-4c940641fb24","is_prod":false,"is_daily":false,"is_ascension_mode":false,"campfire_upgraded":1,"path_taken":["M","?","?","M","M","R","E","M","T","M","?","M","?","?","R","BOSS"],"build_version":"2018-02-08-PROD1","purchased_purges":0,"victory":false,"master_deck":["Defend_G","Defend_G","Defend_G","Defend_G","Defend_G","Strike_G","Strike_G","Strike_G","Strike_G","Strike_G","Survivor","Neutralize","All Out Attack","Deflect","Injury","Cloak And Dagger+1","Outmaneuver","Distraction","Distraction","Infinite Blades","Accuracy","Flying Knee"],"max_hp_per_floor":[77,77,77,77,77,77,77,77,77,77,77,77,77,77,77],"relics":["Ring of the Snake","Golden Idol","Ninja Scroll","Tingsha"],"card_choices":[{"not_picked":["Acrobatics","Deadly Poison"],"picked":"All Out Attack"},{"not_picked":["Poisoned Stab","Slice"],"picked":"Deflect"},{"not_picked":["Backflip","Sucker Punch"],"picked":"Cloak And Dagger"},{"not_picked":["Dodge and Roll","All Out Attack"],"picked":"Outmaneuver"},{"not_picked":["After Image","Slice"],"picked":"Distraction"},{"not_picked":["Riddle With Holes","Catalyst"],"picked":"Distraction"},{"not_picked":["Finisher","Prepared"],"picked":"Infinite Blades"},{"not_picked":["Blade Dance","Masterful Stab"],"picked":"Accuracy"},{"not_picked":["Deflect","Bane"],"picked":"Flying Knee"}],"player_experience":45317,"potions_floor_usage":[7,16],"damage_taken":[{"damage":2,"enemies":"Blue Slaver","floor":1,"turns":7},{"damage":0,"enemies":"Cultist","floor":2,"turns":3},{"damage":0,"enemies":"2 Louse","floor":4,"turns":2},{"damage":19,"enemies":"Exordium Thugs","floor":5,"turns":5},{"damage":43,"enemies":"Lagavulin","floor":7,"turns":9},{"damage":0,"enemies":"Large Slime","floor":8,"turns":6},{"damage":10,"enemies":"Looter","floor":10,"turns":3},{"damage":0,"enemies":"Lots of Slimes","floor":12,"turns":3},{"damage":0,"enemies":"3 Louse","floor":13,"turns":2},{"damage":26,"enemies":"The Guardian","floor":16,"turns":11}],"event_choices":[{"event_name":"Golden Idol","player_choice":"Take Wound","floor":3,"damage_taken":0},{"event_name":"Golden Wing","player_choice":"Gained Gold","floor":11,"damage_taken":0},{"event_name":"Golden Shrine","player_choice":"Pray","floor":14,"damage_taken":0}],"boss_relics":[],"potions_floor_spawned":[4,8],"seed_played":"7317317650320311379","killed_by":"The Guardian","ascension_level":0,"is_trial":false}