{"gold_per_floor":[114,114,389,404,419,419,434,434,484,499,529,544,574,589,589,689,689,704,719,4,4,4,4],"floor_reached":23,"playtime":1268,"items_purged":[],"score":203,"play_id":"31996b6b-72e1-4cb9-8ed5-cd106381a8d5","local_time":"20190114180154","daily_mods":["Heirloom","Diverse","Night Terrors"],"is_ascension_mode":false,"campfire_choices":[{"data":"Armaments","floor":6,"key":"SMITH"},{"data":"Zap","floor":15,"key":"SMITH"}],"neow_cost":"","seed_source_timestamp":0,"circlet_count":0,"master_deck":["Strike_B","Strike_B","Strike_B","Strike_B","Defend_B","Defend_B","Defend_B","Defend_B","Zap+1","Dualcast","Ball Lightning","Conserve Battery","Armaments+1","Ball Lightning","Genetic Algorithm","Double Tap","Flying Knee","Searing Blow","Genetic Algorithm","Buffer","Ball Lightning","Quick Slash","Self Repair","Riddle With Holes","Mind Blast","Metallicize"],"special_seed":17910,"relics":["Cracked Core","Dead Branch","Smiling Mask","Emotion Chip","Cables","Runic Pyramid","MealTicket","WingedGreaves"],"potions_floor_usage":[13,14,16,23,23],"damage_taken":[{"damage":0,"enemies":"Cultist","floor":1,"turns":3},{"damage":5,"enemies":"Jaw Worm","floor":4,"turns":4},{"damage":2,"enemies":"2 Louse","floor":5,"turns":3},{"damage":3,"enemies":"Red Slaver","floor":7,"turns":4},{"damage":14,"enemies":"3 Louse","floor":10,"turns":3},{"damage":14,"enemies":"3 Sentries","floor":11,"turns":5},{"damage":1,"enemies":"Blue Slaver","floor":12,"turns":3},{"damage":6,"enemies":"Lagavulin","floor":13,"turns":5},{"damage":0,"enemies":"Gremlin Gang","floor":14,"turns":3},{"damage":17,"enemies":"Hexaghost","floor":16,"turns":8},{"damage":5,"enemies":"3 Byrds","floor":18,"turns":4},{"damage":14,"enemies":"Shell Parasite","floor":19,"turns":5},{"damage":71,"enemies":"Gremlin Leader","floor":23,"turns":6}],"seed_played":"-1411169466540276601","potions_obtained":[{"floor":5,"key":"Poison Potion"},{"floor":7,"key":"Block Potion"},{"floor":11,"key":"GamblersBrew"},{"floor":13,"key":"Block Potion"},{"floor":19,"key":"GamblersBrew"}],"is_trial":false,"path_per_floor":["M","$","?","M","M","R","M","?","T","M","E","M","E","M","R","B",null,"M","M","$","$","?","E"],"character_chosen":"DEFECT","items_purchased":["MealTicket","WingedGreaves","Self Repair","Riddle With Holes","Mind Blast"],"campfire_rested":0,"item_purchase_floors":[20,20,20,20,20],"current_hp_per_floor":[75,75,75,70,68,68,65,65,65,51,37,36,30,30,30,13,75,70,56,56,71,71,0],"gold":4,"neow_bonus":"","is_prod":false,"is_daily":true,"chose_seed":false,"campfire_upgraded":2,"win_rate":0,"timestamp":1547506914,"path_taken":["M","?","?","M","?","R","M","?","T","M","E","M","E","M","R","BOSS","M","M","$","$","?","E"],"build_version":"2019-01-10","purchased_purges":0,"victory":false,"max_hp_per_floor":[75,75,75,75,75,75,75,75,75,75,75,75,75,75,75,75,75,75,75,75,75,75,75],"card_choices":[{"not_picked":["Hologram","Gash"],"picked":"Ball Lightning","floor":1},{"not_picked":["Coolheaded","Redo"],"picked":"Conserve Battery","floor":4},{"not_picked":["Redo","Headbutt"],"picked":"Armaments","floor":5},{"not_picked":["Heavy Blade","Undo"],"picked":"Ball Lightning","floor":7},{"not_picked":["Caltrops","Dagger Throw"],"picked":"Genetic Algorithm","floor":10},{"not_picked":["Rebound","Second Wind"],"picked":"Double Tap","floor":11},{"not_picked":["Catalyst","Blade Dance"],"picked":"Flying Knee","floor":12},{"not_picked":["Havoc","Cloak And Dagger"],"picked":"Searing Blow","floor":13},{"not_picked":["Slice","Flame Barrier"],"picked":"Genetic Algorithm","floor":14},{"not_picked":["Doppelganger","Seek"],"picked":"Buffer","floor":16},{"not_picked":["Dodge and Roll","Poisoned Stab"],"picked":"Ball Lightning","floor":18},{"not_picked":["Heavy Blade","Reprogram"],"picked":"Quick Slash","floor":19}],"player_experience":301661,"relics_obtained":[{"floor":9,"key":"Smiling Mask"},{"floor":11,"key":"Emotion Chip"},{"floor":13,"key":"Cables"}],"event_choices":[{"damage_healed":0,"gold_gain":275,"player_choice":"Desecrate","damage_taken":0,"max_hp_gain":0,"max_hp_loss":0,"event_name":"Golden Shrine","floor":3,"gold_loss":0,"cards_obtained":["Regret"]},{"cards_removed":["Regret"],"damage_healed":0,"gold_gain":0,"player_choice":"Purged","damage_taken":0,"max_hp_gain":0,"max_hp_loss":0,"event_name":"Purifier","floor":8,"gold_loss":0},{"damage_healed":0,"gold_gain":0,"player_choice":"Read","damage_taken":0,"max_hp_gain":0,"max_hp_loss":0,"event_name":"The Library","floor":22,"gold_loss":0,"cards_obtained":["Metallicize"]}],"is_beta":false,"boss_relics":[{"not_picked":["Fusion Hammer","Snecko Eye"],"picked":"Runic Pyramid"}],"items_purged_floors":[],"is_endless":false,"potions_floor_spawned":[5,7,11,13,19],"killed_by":"Gremlin Leader","ascension_level":0}