{"gold_per_floor":[114,132,132,132,132,152,152,185,208,208,240,315,315,74,74,74],"floor_reached":16,"playtime":443,"items_purged":[],"score":117,"play_id":"4eb32780-4e69-46d9-bcc8-3b5fa5d93788","local_time":"20180918210903","is_ascension_mode":true,"campfire_choices":[{"floor":7,"key":"REST"},{"floor":15,"key":"REST"}],"neow_cost":"","seed_source_timestamp":372129590699447,"circlet_count":0,"master_deck":["Strike_B","Strike_B","Strike_B","Strike_B","Defend_B+1","Defend_B","Defend_B","Defend_B+1","Zap+1","Dualcast","FTL","Beam Cell","Regret","Auto Shields","Conserve Battery","Defragment","Rebound"],"relics":["Cracked Core","Potion Belt","War Paint","Blood Vial","Ice Cream","WingedGreaves","Bottled Tornado","Membership Card"],"potions_floor_usage":[8,16],"damage_taken":[{"damage":7,"enemies":"Jaw Worm","floor":1,"turns":3},{"damage":10,"enemies":"2 Louse","floor":2,"turns":3},{"damage":0,"enemies":"Small Slimes","floor":6,"turns":3},{"damage":33,"enemies":"Gremlin Nob","floor":8,"turns":4},{"damage":22,"enemies":"Lagavulin","floor":11,"turns":7},{"damage":39,"enemies":"Slime Boss","floor":16,"turns":12}],"seed_played":"1755727877942278329","potions_obtained":[{"floor":6,"key":"LiquidBronze"}],"is_trial":false,"path_per_floor":["M","M","?","?","?","M","R","E","T","T","E","?","T","$","R"],"character_chosen":"DEFECT","items_purchased":["Membership Card","Rebound","SkillPotion"],"campfire_rested":2,"item_purchase_floors":[14,14,14],"current_hp_per_floor":[68,58,58,58,58,58,75,42,42,42,22,11,11,11,33,0],"gold":74,"neow_bonus":"","is_prod":false,"is_daily":false,"chose_seed":false,"campfire_upgraded":0,"win_rate":0,"timestamp":1537319343,"path_taken":["M","M","?","?","?","?","R","E","T","?","E","?","?","$","R","BOSS"],"build_version":"2018-09-06","purchased_purges":0,"victory":false,"max_hp_per_floor":[75,75,75,75,75,75,75,75,75,75,75,75,75,75,75,75],"card_choices":[{"not_picked":["Go for the Eyes","Doom and Gloom"],"picked":"FTL","floor":1},{"not_picked":["Steam","Undo"],"picked":"Beam Cell","floor":2},{"not_picked":["Glacier","Capacitor"],"picked":"Auto Shields","floor":6},{"not_picked":["Stack","Barrage"],"picked":"Conserve Battery","floor":8},{"not_picked":["Streamline","Coolheaded"],"picked":"Defragment","floor":11}],"player_experience":142624,"relics_obtained":[{"floor":8,"key":"War Paint"},{"floor":9,"key":"Blood Vial"},{"floor":10,"key":"Ice Cream"},{"floor":11,"key":"WingedGreaves"},{"floor":13,"key":"Bottled Tornado"}],"event_choices":[{"event_name":"Golden Wing","player_choice":"Ignored","floor":3,"damage_taken":0},{"event_name":"Living Wall","player_choice":"Grow","floor":4,"damage_taken":0},{"event_name":"Big Fish","player_choice":"Box","floor":5,"damage_taken":0},{"event_name":"World of Goop","player_choice":"Gather Gold","floor":12,"damage_taken":0}],"is_beta":false,"boss_relics":[],"items_purged_floors":[],"is_endless":false,"potions_floor_spawned":[6],"killed_by":"Slime Boss","ascension_level":2}