{"gold_per_floor":[117,117,117,217,229,229,257,271,294,294,314,334,345,368,368,465,465,482,59,75,36,46,72,72,98,98,111,111,440,440,459,459,560,560,571,671,522,522,533,533,549,578,605,630,253,253,270,303,303,303],"floor_reached":51,"playtime":3977,"items_purged":[],"score":872,"play_id":"9238df38-b3ee-4358-8089-e9737f798338","local_time":"20190119221618","is_ascension_mode":true,"campfire_choices":[{"floor":6,"key":"REST"},{"floor":10,"key":"REST"},{"data":"Infernal Blade","floor":15,"key":"SMITH"},{"data":"Reaper","floor":24,"key":"SMITH"},{"data":"Spot Weakness","floor":28,"key":"SMITH"},{"data":"Demon Form","floor":32,"key":"SMITH"},{"data":"Limit Break","floor":40,"key":"SMITH"},{"data":"1","floor":46,"key":"LIFT"},{"data":"2","floor":49,"key":"LIFT"}],"neow_cost":"PERCENT_DAMAGE","seed_source_timestamp":927425750792577,"circlet_count":0,"master_deck":["Strike_R","Strike_R","Strike_R","Strike_R","Defend_R+1","Defend_R","Defend_R+1","Defend_R","Bash","Seeing Red","Anger","Infernal Blade+1","Clothesline+1","Metallicize","Reaper+1","Spot Weakness+1","Bludgeon+1","Flame Barrier","Sever Soul","Rupture","Brutality","Demon Form+1","Juggernaut+1","Spot Weakness+1","Limit Break+1","Inflame","Heavy Blade+1","Master of Strategy","Flame Barrier","Reaper"],"relics":["Black Blood","Magic Flower","Orichalcum","Blood Vial","Vajra","Snecko Eye","Membership Card","Pen Nib","Ornamental Fan","Potion Belt","Oddly Smooth Stone","Question Card","Old Coin","Torii","Whetstone","Bag of Preparation","Gremlin Horn","Dream Catcher","Ancient Tea Set","Cauldron","Girya","Centennial Puzzle"],"potions_floor_usage":[7,16,16,33,33,42,42,44,50,50],"damage_taken":[{"damage":6,"enemies":"Jaw Worm","floor":1,"turns":4},{"damage":12,"enemies":"Small Slimes","floor":5,"turns":3},{"damage":37,"enemies":"Lagavulin","floor":7,"turns":6},{"damage":1,"enemies":"Cultist","floor":8,"turns":3},{"damage":4,"enemies":"Exordium Wildlife","floor":11,"turns":3},{"damage":6,"enemies":"Exordium Thugs","floor":12,"turns":4},{"damage":30,"enemies":"Gremlin Gang","floor":13,"turns":5},{"damage":26,"enemies":"Hexaghost","floor":16,"turns":11},{"damage":13,"enemies":"Shell Parasite","floor":18,"turns":5},{"damage":17,"enemies":"Spheric Guardian","floor":20,"turns":4},{"damage":5,"enemies":"Centurion and Healer","floor":22,"turns":4},{"damage":4,"enemies":"Book of Stabbing","floor":23,"turns":2},{"damage":22,"enemies":"Slavers","floor":25,"turns":5},{"damage":0,"enemies":"3 Cultists","floor":27,"turns":3},{"damage":18,"enemies":"Gremlin Leader","floor":29,"turns":4},{"damage":11,"enemies":"Snake Plant","floor":31,"turns":3},{"damage":58,"enemies":"Collector","floor":33,"turns":6},{"damage":58,"enemies":"3 Darklings","floor":35,"turns":6},{"damage":21,"enemies":"Mind Bloom Boss Battle","floor":36,"turns":6},{"damage":0,"enemies":"Orb Walker","floor":39,"turns":2},{"damage":57,"enemies":"Jaw Worm Horde","floor":41,"turns":4},{"damage":28,"enemies":"Nemesis","floor":42,"turns":5},{"damage":51,"enemies":"Giant Head","floor":44,"turns":8},{"damage":24,"enemies":"Maw","floor":47,"turns":3},{"damage":8,"enemies":"Nemesis","floor":48,"turns":5},{"damage":54,"enemies":"Time Eater","floor":50,"turns":7}],"seed_played":"3458049170682160829","potions_obtained":[{"floor":1,"key":"PowerPotion"},{"floor":7,"key":"Swift Potion"},{"floor":13,"key":"PowerPotion"},{"floor":23,"key":"FearPotion"},{"floor":25,"key":"SkillPotion"},{"floor":29,"key":"Strength Potion"},{"floor":31,"key":"GamblersBrew"},{"floor":39,"key":"Strength Potion"},{"floor":41,"key":"Regen Potion"},{"floor":45,"key":"SteroidPotion"},{"floor":45,"key":"SneckoOil"},{"floor":45,"key":"Explosive Potion"},{"floor":45,"key":"Explosive Potion"},{"floor":47,"key":"Strength Potion"}],"is_trial":false,"path_per_floor":["M","?","?","?","M","R","E","M","T","R","M","M","M","T","R","B",null,"M","$","M","$","M","E","R","E","T","M","R","E","?","M","R","B",null,"M","?","$","?","M","R","M","E","T","E","$","R","M","E","R","B",null],"character_chosen":"IRONCLAD","items_purchased":["Membership Card","Pen Nib","Ornamental Fan","Spot Weakness","Bludgeon","Whetstone","Bag of Preparation","Cauldron","Girya","Master of Strategy","Regen Potion"],"campfire_rested":2,"item_purchase_floors":[19,19,19,19,21,37,37,45,45,45,45],"current_hp_per_floor":[59,59,43,43,40,64,36,44,44,68,76,80,59,59,59,45,80,80,80,72,72,80,80,80,80,80,80,80,71,71,72,72,35,80,52,80,80,80,80,80,38,80,80,80,80,80,71,80,80,65],"gold":303,"neow_bonus":"ONE_RARE_RELIC","is_prod":false,"is_daily":false,"chose_seed":false,"campfire_upgraded":5,"win_rate":0,"timestamp":1547954178,"path_taken":["M","?","?","?","M","R","E","M","T","R","?","M","M","?","R","BOSS","M","$","M","$","M","E","R","E","T","M","R","E","?","?","R","BOSS","M","?","$","?","M","R","M","E","T","E","$","R","M","E","R","BOSS"],"build_version":"2019-01-17v2","purchased_purges":0,"victory":true,"max_hp_per_floor":[80,80,80,80,80,80,80,80,80,80,80,80,80,80,80,80,80,80,80,80,80,80,80,80,80,80,80,80,80,80,80,80,80,80,80,80,80,80,80,80,80,80,80,80,80,80,80,80,80,80],"card_choices":[{"not_picked":["Sentinel","Headbutt"],"picked":"Seeing Red","floor":1},{"not_picked":["Corruption","Headbutt"],"picked":"Anger","floor":5},{"not_picked":["Wild Strike","Reckless Charge","Corruption"],"picked":"SKIP","floor":7},{"not_picked":["Thunderclap","Perfected Strike"],"picked":"Infernal Blade","floor":8},{"not_picked":["Perfected Strike","Reckless Charge"],"picked":"Clothesline","floor":11},{"not_picked":["Sentinel","Sword Boomerang","Havoc"],"picked":"SKIP","floor":12},{"not_picked":["Seeing Red","Pummel"],"picked":"Metallicize","floor":13},{"not_picked":["Barricade","Berserk"],"picked":"Reaper","floor":16},{"not_picked":["Cleave","Havoc+1","Headbutt"],"picked":"SKIP","floor":18},{"not_picked":["Havoc","Hemokinesis","Feel No Pain"],"picked":"SKIP","floor":20},{"not_picked":["Armaments","Ghostly Armor"],"picked":"Flame Barrier","floor":22},{"not_picked":["True Grit","Bloodletting"],"picked":"Sever Soul","floor":23},{"not_picked":["Entrench+1","Feed","Perfected Strike"],"picked":"SKIP","floor":25},{"not_picked":["Iron Wave","Perfected Strike","Wild Strike+1","Shrug It Off"],"picked":"SKIP","floor":27},{"not_picked":["Blood for Blood","Armaments+1","Burning Pact+1"],"picked":"Rupture","floor":29},{"not_picked":["Clash","Shrug It Off+1","Perfected Strike"],"picked":"Demon Form","floor":31},{"not_picked":["Feed","Impervious","Berserk"],"picked":"Juggernaut","floor":33},{"not_picked":["Pommel Strike","Sword Boomerang","Ghostly Armor+1","Twin Strike+1"],"picked":"SKIP","floor":35},{"not_picked":["Perfected Strike+1","Iron Wave","Warcry+1"],"picked":"Spot Weakness+1","floor":36},{"not_picked":["Twin Strike+1","Clash+1","Anger"],"picked":"Limit Break","floor":39},{"not_picked":["Wild Strike","Sever Soul","Blood for Blood"],"picked":"Inflame","floor":41},{"not_picked":["Sword Boomerang","Havoc+1","Brutality","Anger+1"],"picked":"SKIP","floor":42},{"not_picked":["Burning Pact+1","Clothesline","Disarm+1"],"picked":"Heavy Blade+1","floor":44},{"not_picked":["Wild Strike","Infernal Blade","Thunderclap+1"],"picked":"Flame Barrier","floor":47},{"not_picked":["Clash","Shockwave+1","Power Through+1"],"picked":"Reaper","floor":48}],"player_experience":121922,"relics_obtained":[{"floor":7,"key":"Orichalcum"},{"floor":9,"key":"Blood Vial"},{"floor":14,"key":"Vajra"},{"floor":23,"key":"Potion Belt"},{"floor":25,"key":"Oddly Smooth Stone"},{"floor":26,"key":"Question Card"},{"floor":29,"key":"Old Coin"},{"floor":36,"key":"Torii"},{"floor":42,"key":"Gremlin Horn"},{"floor":43,"key":"Dream Catcher"},{"floor":44,"key":"Ancient Tea Set"},{"floor":48,"key":"Centennial Puzzle"}],"event_choices":[{"damage_healed":0,"gold_gain":0,"player_choice":"Ignored","damage_taken":0,"max_hp_gain":0,"max_hp_loss":0,"event_name":"Golden Wing","floor":2,"gold_loss":0},{"damage_healed":0,"gold_gain":0,"player_choice":"Entered Light","damage_taken":16,"max_hp_gain":0,"max_hp_loss":0,"event_name":"Shining Light","floor":3,"gold_loss":0,"cards_upgraded":["Defend_R","Defend_R"]},{"damage_healed":0,"gold_gain":100,"player_choice":"Pray","damage_taken":0,"max_hp_gain":0,"max_hp_loss":0,"event_name":"Golden Shrine","floor":4,"gold_loss":0},{"damage_healed":0,"gold_gain":0,"cards_transformed":["Strike_R"],"player_choice":"Transformed","damage_taken":0,"max_hp_gain":0,"max_hp_loss":0,"event_name":"Transmorgrifier","floor":30,"gold_loss":0,"cards_obtained":["Brutality"]},{"damage_healed":0,"gold_gain":0,"player_choice":"Fight","damage_taken":0,"max_hp_gain":0,"max_hp_loss":0,"event_name":"MindBloom","floor":36,"gold_loss":0},{"damage_healed":0,"gold_gain":0,"player_choice":"Upgraded","damage_taken":0,"max_hp_gain":0,"max_hp_loss":0,"event_name":"Upgrade Shrine","floor":38,"gold_loss":0,"cards_upgraded":["Juggernaut"]}],"is_beta":false,"boss_relics":[{"not_picked":["Fusion Hammer","Calling Bell"],"picked":"Snecko Eye"},{"not_picked":["Empty Cage","Runic Cube"],"picked":"Black Blood"}],"items_purged_floors":[],"is_endless":false,"potions_floor_spawned":[1,7,13,23,25,29,31,39,41,47,48],"ascension_level":2}