{"gold_per_floor":[13,25,36,50,64,64,76,105,159,159,169,7,7,23,23,98,98,111,36,36,48,48,48,60,60,60,86,99,99,99],"floor_reached":30,"playtime":1632,"items_purged":["Strike_G"],"score":468,"play_id":"fc643cfc-623d-4ba3-8701-ede06782d62d","local_time":"20190103135119","is_ascension_mode":true,"campfire_choices":[{"data":"Neutralize","floor":6,"key":"SMITH"},{"floor":10,"key":"REST"},{"data":"Burst","floor":13,"key":"SMITH"},{"floor":15,"key":"REST"},{"data":"Night Terror","floor":23,"key":"SMITH"},{"floor":25,"key":"REST"},{"data":"Deadly Poison","floor":29,"key":"SMITH"}],"neow_cost":"NO_GOLD","seed_source_timestamp":5509933171092,"circlet_count":0,"master_deck":["AscendersBane","Defend_G","Defend_G","Defend_G","Defend_G","Defend_G","Strike_G","Strike_G","Strike_G","Strike_G","Survivor","Neutralize+1","Flying Knee","Dagger Throw","Deadly Poison+1","Crippling Poison","Backflip","Burst+1","Deflect","Night Terror+1","Deadly Poison","Ghostly","Ghostly","Ghostly","Acrobatics+1"],"relics":["Ring of the Snake","Art of War","Lantern","Sozu","Toxic Egg 2","Anchor"],"potions_floor_usage":[4,16,16],"damage_taken":[{"damage":7,"enemies":"Cultist","floor":1,"turns":5},{"damage":2,"enemies":"2 Louse","floor":2,"turns":3},{"damage":2,"enemies":"Jaw Worm","floor":3,"turns":4},{"damage":0,"enemies":"Blue Slaver","floor":4,"turns":6},{"damage":7,"enemies":"2 Fungi Beasts","floor":5,"turns":4},{"damage":5,"enemies":"Exordium Wildlife","floor":7,"turns":5},{"damage":48,"enemies":"Gremlin Nob","floor":8,"turns":5},{"damage":0,"enemies":"Blue Slaver","floor":11,"turns":4},{"damage":4,"enemies":"Looter","floor":14,"turns":4},{"damage":14,"enemies":"The Guardian","floor":16,"turns":11},{"damage":15,"enemies":"Shell Parasite","floor":18,"turns":7},{"damage":2,"enemies":"Chosen","floor":21,"turns":7},{"damage":18,"enemies":"Colosseum Slavers","floor":22,"turns":7},{"damage":6,"enemies":"Snake Plant","floor":24,"turns":6},{"damage":10,"enemies":"Centurion and Healer","floor":28,"turns":11},{"damage":25,"enemies":"Cultist and Chosen","floor":30,"turns":5}],"seed_played":"-4212651275106138916","potions_obtained":[{"floor":2,"key":"Swift Potion"},{"floor":4,"key":"Fruit Juice"},{"floor":8,"key":"PowerPotion"},{"floor":14,"key":"Strength Potion"}],"is_trial":false,"path_per_floor":["M","M","M","M","M","R","M","E","T","R","M","$","R","M","R","B",null,"M","$","?","M","?","R","M","R","T","T","M","R","M"],"character_chosen":"THE_SILENT","items_purchased":["Burst"],"campfire_rested":3,"item_purchase_floors":[12],"current_hp_per_floor":[64,62,60,65,58,58,53,5,5,29,29,29,29,25,49,35,71,56,56,41,39,21,21,15,27,27,27,17,17,0],"gold":99,"neow_bonus":"TWENTY_PERCENT_HP_BONUS","is_prod":false,"is_daily":false,"chose_seed":false,"campfire_upgraded":4,"win_rate":0,"timestamp":1546534279,"path_taken":["M","M","M","M","M","R","M","E","T","R","?","$","R","M","R","BOSS","M","$","?","M","?","R","M","R","T","?","M","R","M"],"build_version":"2018-12-20","purchased_purges":1,"victory":false,"max_hp_per_floor":[78,78,78,83,83,83,83,83,83,83,83,83,83,83,83,83,83,83,83,41,41,41,41,41,41,41,41,41,41,41],"card_choices":[{"not_picked":["Bane","Dodge and Roll"],"picked":"Flying Knee","floor":1},{"not_picked":["Deflect","Underhanded Strike"],"picked":"Dagger Throw","floor":2},{"not_picked":["Dagger Throw","Flying Knee"],"picked":"Deadly Poison","floor":3},{"not_picked":["Bane","Outmaneuver"],"picked":"Crippling Poison","floor":4},{"not_picked":["Dagger Spray","Predator","Heel Hook"],"picked":"SKIP","floor":5},{"not_picked":["Deflect","Bane"],"picked":"Backflip","floor":7},{"not_picked":["Backflip","All Out Attack","Tactician"],"picked":"SKIP","floor":8},{"not_picked":["Riddle With Holes","Predator","Deflect"],"picked":"SKIP","floor":11},{"not_picked":["Outmaneuver","Expertise"],"picked":"Deflect","floor":14},{"not_picked":["Unload","A Thousand Cuts"],"picked":"Night Terror","floor":16},{"not_picked":["Blade Dance","Caltrops"],"picked":"Deadly Poison","floor":18},{"not_picked":["Flying Knee","Reflex","Prepared"],"picked":"SKIP","floor":21},{"not_picked":["Dagger Spray","Backflip","Endless Agony"],"picked":"SKIP","floor":24},{"not_picked":["Prepared+1","Blade Dance+1"],"picked":"Acrobatics+1","floor":28}],"player_experience":678899,"relics_obtained":[{"floor":8,"key":"Art of War"},{"floor":9,"key":"Lantern"},{"floor":26,"key":"Toxic Egg 2"},{"floor":27,"key":"Anchor"}],"event_choices":[{"damage_healed":0,"gold_gain":0,"player_choice":"Became a Ghost","damage_taken":0,"max_hp_gain":0,"max_hp_loss":42,"event_name":"Ghosts","floor":20,"gold_loss":0,"cards_obtained":["Ghostly","Ghostly","Ghostly"]},{"damage_healed":0,"gold_gain":0,"player_choice":"Fight","damage_taken":0,"max_hp_gain":0,"max_hp_loss":0,"event_name":"Colosseum","floor":22,"gold_loss":0},{"damage_healed":0,"gold_gain":0,"player_choice":"Fled From Nobs","damage_taken":0,"max_hp_gain":0,"max_hp_loss":0,"event_name":"Colosseum","floor":22,"gold_loss":0}],"is_beta":false,"boss_relics":[{"not_picked":["WristBlade","Philosopher\u0027s Stone"],"picked":"Sozu"}],"items_purged_floors":[19],"is_endless":false,"potions_floor_spawned":[2,4,8,14,21,28],"killed_by":"Cultist and Chosen","ascension_level":20}