{"gold_per_floor":[117,92,104,104,120,145,99,99,122,147,162,194,95,107,107,212,262,274,274,374,142,154,154,154],"floor_reached":24,"playtime":2489,"items_purged":["Writhe"],"score":321,"play_id":"8fe370e5-a3ef-48f8-b875-31dec09a29d2","local_time":"20190616224736","is_ascension_mode":true,"campfire_choices":[{"data":"Armaments","floor":8,"key":"SMITH"},{"floor":15,"key":"REST"},{"data":"Barricade","floor":23,"key":"SMITH"}],"neow_cost":"NONE","seed_source_timestamp":413122021269909,"circlet_count":0,"master_deck":["AscendersBane","Strike_R","Strike_R","Strike_R","Strike_R+1","Defend_R+1","Defend_R","Defend_R","Defend_R","Bash","Shrug It Off+1","Twin Strike","Barricade+1","Armaments+1","Rage","Cleave","Anger","Shrug It Off","Headbutt","Pommel Strike","Reaper","Flame Barrier","Impervious","Pommel Strike"],"relics":["Burning Blood","Orichalcum","War Paint","Gremlin Horn","Girya","Tiny House","Oddly Smooth Stone"],"potions_floor_usage":[10,12,16,16,18,24],"damage_taken":[{"damage":11,"enemies":"Jaw Worm","floor":1,"turns":4},{"damage":7,"enemies":"Small Slimes","floor":3,"turns":4},{"damage":8,"enemies":"Cultist","floor":5,"turns":4},{"damage":36,"enemies":"Gremlin Nob","floor":6,"turns":5},{"damage":2,"enemies":"3 Sentries","floor":10,"turns":18},{"damage":6,"enemies":"Red Slaver","floor":11,"turns":3},{"damage":26,"enemies":"Gremlin Nob","floor":12,"turns":5},{"damage":8,"enemies":"Exordium Thugs","floor":14,"turns":6},{"damage":40,"enemies":"Hexaghost","floor":16,"turns":13},{"damage":12,"enemies":"Chosen","floor":18,"turns":6},{"damage":9,"enemies":"3 Byrds","floor":22,"turns":7},{"damage":87,"enemies":"Gremlin Leader","floor":24,"turns":8}],"seed_played":"-8292152321156479465","potions_obtained":[{"floor":3,"key":"Swift Potion"},{"floor":5,"key":"SkillPotion"},{"floor":12,"key":"AttackPotion"},{"floor":14,"key":"Regen Potion"},{"floor":17,"key":"Poison Potion"},{"floor":22,"key":"FearPotion"}],"is_trial":false,"path_per_floor":["M","?","M","?","M","E","$","R","T","E","M","E","$","M","R","B",null,"M","?","?","$","M","R","E"],"character_chosen":"IRONCLAD","items_purchased":["Armaments","Shrug It Off","Headbutt","Impervious"],"campfire_rested":1,"item_purchase_floors":[7,13,13,21],"current_hp_per_floor":[75,75,74,74,72,42,42,42,42,46,46,26,26,24,50,31,79,77,77,77,77,74,74,0],"gold":154,"neow_bonus":"TEN_PERCENT_HP_BONUS","is_prod":false,"is_daily":false,"chose_seed":false,"campfire_upgraded":2,"win_rate":0,"timestamp":1560739656,"path_taken":["M","?","M","?","?","E","$","R","T","E","M","E","?","M","R","BOSS","M","?","?","$","?","R","E"],"build_version":"2019-01-23","purchased_purges":1,"victory":false,"max_hp_per_floor":[88,88,88,88,88,88,88,88,88,88,88,88,88,88,88,88,93,93,93,93,93,93,93,93],"card_choices":[{"not_picked":["Dual Wield","Entrench"],"picked":"Shrug It Off","floor":1},{"not_picked":["Rupture","Havoc"],"picked":"Twin Strike","floor":3},{"not_picked":["True Grit","Combust","Havoc"],"picked":"SKIP","floor":5},{"not_picked":["Double Tap","Intimidate"],"picked":"Barricade","floor":6},{"not_picked":["Iron Wave","Havoc"],"picked":"Rage","floor":10},{"not_picked":["Clash","Warcry"],"picked":"Cleave","floor":11},{"not_picked":["Carnage","Perfected Strike"],"picked":"Anger","floor":12},{"not_picked":["Clash","Havoc"],"picked":"Pommel Strike","floor":14},{"not_picked":["Brutality","Limit Break"],"picked":"Reaper","floor":16},{"not_picked":["Twin Strike","Headbutt"],"picked":"Flame Barrier","floor":18},{"not_picked":["True Grit+1","Wild Strike+1"],"picked":"Pommel Strike","floor":22}],"player_experience":816538,"relics_obtained":[{"floor":6,"key":"Orichalcum"},{"floor":9,"key":"War Paint"},{"floor":10,"key":"Gremlin Horn"},{"floor":12,"key":"Girya"}],"event_choices":[{"damage_healed":0,"gold_gain":0,"player_choice":"Left Gold","damage_taken":0,"max_hp_gain":0,"max_hp_loss":0,"event_name":"World of Goop","floor":2,"gold_loss":25},{"cards_removed":["Strike_R"],"damage_healed":0,"gold_gain":0,"player_choice":"Purged","damage_taken":0,"max_hp_gain":0,"max_hp_loss":0,"event_name":"Purifier","floor":4,"gold_loss":0},{"damage_healed":0,"gold_gain":0,"player_choice":"Opened","damage_taken":0,"relics_obtained":["Oddly Smooth Stone"],"max_hp_gain":0,"max_hp_loss":0,"event_name":"The Mausoleum","floor":19,"gold_loss":0,"cards_obtained":["Writhe"]},{"damage_healed":0,"gold_gain":100,"player_choice":"Pray","damage_taken":0,"max_hp_gain":0,"max_hp_loss":0,"event_name":"Golden Shrine","floor":20,"gold_loss":0}],"is_beta":false,"boss_relics":[{"not_picked":["Orrery","Busted Crown"],"picked":"Tiny House"}],"items_purged_floors":[21],"is_endless":false,"potions_floor_spawned":[3,5,12,14,22],"killed_by":"Gremlin Leader","ascension_level":10}