{"gold_per_floor":[116,136,156,171,171,171,194,235,287,287,287,28,52,28,28,157,157,97,97,22,22,22,22,22,22,22,22,22,22,22,22,22,22],"floor_reached":33,"playtime":1775,"items_purged":["Injury"],"score":249,"play_id":"22026d85-105d-414b-bc7c-2ef26727005b","local_time":"20190118215008","is_ascension_mode":false,"campfire_choices":[{"data":"Dagger Spray","floor":6,"key":"SMITH"},{"floor":11,"key":"REST"},{"floor":15,"key":"REST"},{"data":"1","floor":23,"key":"LIFT"},{"data":"Bullet Time","floor":25,"key":"SMITH"},{"data":"Glass Knife","floor":28,"key":"SMITH"},{"floor":32,"key":"REST"}],"neow_cost":"NONE","seed_source_timestamp":841903502265946,"circlet_count":0,"master_deck":["Defend_G","Defend_G","Defend_G+1","Defend_G","Defend_G+1","Strike_G","Strike_G","Strike_G","Strike_G","Strike_G","Survivor","Neutralize+1","Flying Knee","PiercingWail","Leg Sweep","Dagger Spray+1","Quick Slash","Bullet Time+1","Backflip","Sucker Punch","Glass Knife+1","Cloak And Dagger","RitualDagger","Blade Dance","Backflip+1","Blur+1","Quick Slash+1"],"relics":["Ring of the Snake","Golden Idol","Girya","Bronze Scales","Meat on the Bone","Ectoplasm","Bottled Lightning","Vajra"],"potions_floor_usage":[8,16,33,33,33,33,33,33],"damage_taken":[{"damage":0,"enemies":"Small Slimes","floor":1,"turns":3},{"damage":0,"enemies":"Jaw Worm","floor":2,"turns":3},{"damage":0,"enemies":"Cultist","floor":3,"turns":4},{"damage":2,"enemies":"Large Slime","floor":4,"turns":8},{"damage":6,"enemies":"Lots of Slimes","floor":7,"turns":4},{"damage":21,"enemies":"Gremlin Nob","floor":8,"turns":5},{"damage":0,"enemies":"Exordium Wildlife","floor":13,"turns":4},{"damage":41,"enemies":"Slime Boss","floor":16,"turns":19},{"damage":17,"enemies":"2 Thieves","floor":18,"turns":4},{"damage":1,"enemies":"Chosen","floor":21,"turns":5},{"damage":1,"enemies":"3 Cultists","floor":22,"turns":5},{"damage":1,"enemies":"Centurion and Healer","floor":27,"turns":7},{"damage":10,"enemies":"Snecko","floor":30,"turns":5},{"damage":0,"enemies":"Cultist and Chosen","floor":31,"turns":5},{"damage":71,"enemies":"Collector","floor":33,"turns":13}],"seed_played":"5810529810100121707","potions_obtained":[{"floor":2,"key":"Weak Potion"},{"floor":3,"key":"EntropicBrew"},{"floor":4,"key":"Dexterity Potion"},{"floor":21,"key":"Explosive Potion"},{"floor":27,"key":"Fire Potion"}],"is_trial":false,"path_per_floor":["M","M","M","M","?","R","M","E","T","?","R","$","M","$","R","B",null,"M","?","$","M","M","R","T","R","T","M","R","$","M","M","R","B"],"character_chosen":"THE_SILENT","items_purchased":["Meat on the Bone","Sucker Punch"],"campfire_rested":3,"item_purchase_floors":[12,14],"current_hp_per_floor":[70,70,70,68,68,68,62,41,41,27,48,48,48,48,69,40,70,53,47,47,46,45,45,45,45,45,44,44,44,46,46,67,0],"gold":22,"neow_bonus":"UPGRADE_CARD","is_prod":false,"is_daily":false,"chose_seed":false,"campfire_upgraded":3,"win_rate":0,"timestamp":1547866208,"path_taken":["M","M","M","M","?","R","M","E","T","?","R","$","M","?","R","BOSS","M","?","$","M","M","R","?","R","T","M","R","?","M","M","R","BOSS"],"build_version":"2019-01-17v2","purchased_purges":1,"victory":false,"max_hp_per_floor":[70,70,70,70,70,70,70,70,70,70,70,70,70,70,70,70,70,70,70,70,70,70,70,70,70,70,70,70,70,70,70,70,70],"card_choices":[{"not_picked":["Slice","Setup"],"picked":"Flying Knee","floor":1},{"not_picked":["Acrobatics","Slice"],"picked":"PiercingWail","floor":2},{"not_picked":["Accuracy","Footwork"],"picked":"Leg Sweep","floor":3},{"not_picked":["Blade Dance","Poisoned Stab"],"picked":"Dagger Spray","floor":4},{"not_picked":["Bane","Prepared"],"picked":"Quick Slash","floor":7},{"not_picked":["Skewer","Dagger Spray"],"picked":"Bullet Time","floor":8},{"not_picked":["Crippling Poison","Dagger Throw"],"picked":"Backflip","floor":13},{"not_picked":["Bullet Time","Unload"],"picked":"Glass Knife","floor":16},{"not_picked":["Dodge and Roll","Flying Knee"],"picked":"Cloak And Dagger","floor":18},{"not_picked":["Reflex","Masterful Stab","Bullet Time"],"picked":"SKIP","floor":21},{"not_picked":["Calculated Gamble","Expertise+1"],"picked":"Blade Dance","floor":22},{"not_picked":["Dodge and Roll","Acrobatics"],"picked":"Backflip+1","floor":27},{"not_picked":["Heel Hook","Underhanded Strike"],"picked":"Blur+1","floor":30},{"not_picked":["PiercingWail+1","Slice"],"picked":"Quick Slash+1","floor":31}],"player_experience":104916,"relics_obtained":[{"floor":8,"key":"Girya"},{"floor":9,"key":"Bronze Scales"},{"floor":24,"key":"Bottled Lightning"},{"floor":26,"key":"Vajra"}],"event_choices":[{"damage_healed":0,"gold_gain":0,"player_choice":"Take Wound","damage_taken":0,"relics_obtained":["Golden Idol"],"max_hp_gain":0,"max_hp_loss":0,"event_name":"Golden Idol","floor":5,"gold_loss":0,"cards_obtained":["Injury"]},{"damage_healed":0,"gold_gain":0,"player_choice":"Entered Light","damage_taken":14,"max_hp_gain":0,"max_hp_loss":0,"event_name":"Shining Light","floor":10,"gold_loss":0,"cards_upgraded":["Defend_G","Defend_G"]},{"damage_healed":0,"gold_gain":0,"player_choice":"Joined the Cult","damage_taken":6,"max_hp_gain":0,"max_hp_loss":0,"event_name":"Nest","floor":19,"gold_loss":0,"cards_obtained":["RitualDagger"]}],"is_beta":false,"boss_relics":[{"not_picked":["Coffee Dripper","Orrery"],"picked":"Ectoplasm"}],"items_purged_floors":[20],"is_endless":false,"potions_floor_spawned":[2,3,4,7,21,27],"killed_by":"Collector","ascension_level":0}