{"gold_per_floor":[119,219,232,232,232,264,264,295,295,295,310,310,86,106,106,202,202,202,127,127,127,127,127,127,127,127,127,127,127,127,127,127,127,127,127,127,127,0,0,0,0,0,0,0,0,0,0,0,0,0],"floor_reached":51,"playtime":5211,"items_purged":["Strike_G"],"score":1141,"play_id":"ab42b2d0-f442-4f30-b66f-a9ff0d40ee49","local_time":"20190612162633","is_ascension_mode":true,"campfire_choices":[{"data":"Dodge and Roll","floor":7,"key":"SMITH"},{"data":"Cloak And Dagger","floor":10,"key":"SMITH"},{"data":"Neutralize","floor":12,"key":"SMITH"},{"data":"Well Laid Plans","floor":15,"key":"SMITH"},{"data":"Backflip","floor":24,"key":"SMITH"},{"data":"Grand Finale","floor":29,"key":"SMITH"},{"floor":32,"key":"REST"},{"data":"Grand Finale","floor":40,"key":"SMITH"},{"data":"Calculated Gamble","floor":44,"key":"SMITH"},{"data":"Backflip","floor":46,"key":"SMITH"},{"data":"Survivor","floor":49,"key":"SMITH"}],"neow_cost":"NONE","seed_source_timestamp":139609630935124,"circlet_count":0,"master_deck":["AscendersBane","Defend_G","Defend_G","Defend_G","Defend_G+1","Defend_G","Strike_G","Strike_G+1","Strike_G","Strike_G","Survivor+1","Dodge and Roll+1","Well Laid Plans+1","Cloak And Dagger+1","Grand Finale+1","Backflip+1","Backflip+1","Grand Finale+1","Calculated Gamble+1","Backflip+1","Acrobatics","Prepared","Acrobatics+1","Writhe","Dagger Throw+1","Prepared+1"],"relics":["Ring of the Snake","NeowsBlessing","Vajra","Strawberry","The Courier","Darkstone Periapt","TwistedFunnel","Ectoplasm","Juzu Bracelet","Potion Belt","Art of War","MutagenicStrength","Singing Bowl","Coffee Dripper","Red Mask","Question Card"],"potions_floor_usage":[8,8,16,19,21,23,27,39,50],"damage_taken":[{"damage":0,"enemies":"Small Slimes","floor":1,"turns":1},{"damage":0,"enemies":"Cultist","floor":3,"turns":1},{"damage":0,"enemies":"Lagavulin","floor":6,"turns":1},{"damage":16,"enemies":"Gremlin Nob","floor":8,"turns":4},{"damage":0,"enemies":"Jaw Worm","floor":11,"turns":4},{"damage":0,"enemies":"3 Louse","floor":14,"turns":3},{"damage":1,"enemies":"Hexaghost","floor":16,"turns":11},{"damage":0,"enemies":"Spheric Guardian","floor":18,"turns":3},{"damage":2,"enemies":"2 Thieves","floor":19,"turns":4},{"damage":0,"enemies":"Sentry and Sphere","floor":20,"turns":3},{"damage":15,"enemies":"Shelled Parasite and Fungi","floor":21,"turns":4},{"damage":0,"enemies":"Centurion and Healer","floor":22,"turns":3},{"damage":16,"enemies":"Slavers","floor":23,"turns":4},{"damage":0,"enemies":"Snake Plant","floor":25,"turns":4},{"damage":12,"enemies":"Book of Stabbing","floor":27,"turns":9},{"damage":8,"enemies":"Snecko","floor":31,"turns":6},{"damage":0,"enemies":"Collector","floor":33,"turns":5},{"damage":3,"enemies":"3 Shapes","floor":35,"turns":7},{"damage":0,"enemies":"Orb Walker","floor":36,"turns":2},{"damage":11,"enemies":"3 Darklings","floor":39,"turns":7},{"damage":4,"enemies":"Writhing Mass","floor":41,"turns":2},{"damage":66,"enemies":"Awakened One","floor":50,"turns":11}],"seed_played":"2945214460402916688","potions_obtained":[{"floor":1,"key":"PowerPotion"},{"floor":3,"key":"LiquidBronze"},{"floor":8,"key":"PowerPotion"},{"floor":16,"key":"Explosive Potion"},{"floor":18,"key":"SkillPotion"},{"floor":21,"key":"EssenceOfSteel"},{"floor":23,"key":"GhostInAJar"},{"floor":27,"key":"Swift Potion"},{"floor":39,"key":"Fruit Juice"}],"is_trial":false,"path_per_floor":["M","?","M","?","?","E","R","E","T","R","M","R","$","M","R","B",null,"M","M","M","M","M","E","R","M","T","E","?","R","?","M","R","B",null,"M","M","?","?","M","R","M","?","T","R","?","R","?","?","R","B",null],"character_chosen":"THE_SILENT","items_purchased":["TwistedFunnel"],"campfire_rested":1,"item_purchase_floors":[13],"current_hp_per_floor":[63,63,63,49,37,44,44,28,28,28,28,28,28,28,28,27,65,65,63,63,48,48,32,32,32,32,20,20,20,26,20,45,47,77,74,74,74,74,70,70,68,70,70,70,70,70,70,70,70,4],"gold":0,"neow_bonus":"THREE_ENEMY_KILL","is_prod":false,"is_daily":false,"chose_seed":false,"campfire_upgraded":10,"win_rate":0,"timestamp":1560327993,"path_taken":["M","?","?","?","?","E","R","E","T","R","M","R","$","M","R","BOSS","M","M","M","M","M","E","R","M","T","E","?","R","?","M","R","BOSS","M","M","?","?","M","R","M","?","T","R","?","R","?","?","R","BOSS"],"build_version":"2019-01-23","purchased_purges":1,"victory":true,"max_hp_per_floor":[70,70,70,70,70,77,77,77,77,77,77,77,77,77,77,77,77,77,77,77,77,77,77,77,77,77,77,77,77,83,85,85,87,87,87,87,83,83,90,90,92,94,94,94,94,94,94,94,94,94],"card_choices":[{"not_picked":["Finisher","PiercingWail"],"picked":"Dodge and Roll","floor":1},{"not_picked":["Riddle With Holes","Masterful Stab"],"picked":"Well Laid Plans","floor":3},{"not_picked":["Finisher","Escape Plan"],"picked":"Cloak And Dagger","floor":6},{"not_picked":["Terror","Poisoned Stab"],"picked":"Grand Finale","floor":8},{"not_picked":["PiercingWail","Flying Knee"],"picked":"Backflip","floor":11},{"not_picked":["Dash","Acrobatics"],"picked":"Backflip","floor":14},{"not_picked":["Storm of Steel","Adrenaline"],"picked":"Grand Finale","floor":16},{"not_picked":["All Out Attack","Cloak And Dagger"],"picked":"Calculated Gamble","floor":18},{"not_picked":["Deadly Poison","PiercingWail"],"picked":"Backflip","floor":19},{"not_picked":["Accuracy+1","Outmaneuver"],"picked":"Acrobatics","floor":20},{"not_picked":["Cloak And Dagger","Outmaneuver","Sucker Punch"],"picked":"SKIP","floor":21},{"not_picked":["Deflect","Deadly Poison","PiercingWail"],"picked":"SKIP","floor":22},{"not_picked":["Poisoned Stab+1","Distraction"],"picked":"Prepared","floor":23},{"not_picked":["Quick Slash+1","Envenom"],"picked":"Acrobatics+1","floor":25},{"not_picked":["Underhanded Strike","Cloak And Dagger","Choke+1"],"picked":"SKIP","floor":27},{"not_picked":["Cloak And Dagger","Caltrops","Acrobatics"],"picked":"Singing Bowl","floor":31},{"not_picked":["Tools of the Trade","Burst","Corpse Explosion"],"picked":"Singing Bowl","floor":33},{"not_picked":["Caltrops","Cloak And Dagger+1"],"picked":"Dagger Throw+1","floor":35},{"not_picked":["Quick Slash+1","Bane"],"picked":"Prepared+1","floor":36},{"not_picked":["Cloak And Dagger+1","Outmaneuver","Blade Dance+1"],"picked":"Singing Bowl","floor":39},{"not_picked":["Choke+1","Dash","Underhanded Strike+1"],"picked":"Singing Bowl","floor":41},{"not_picked":["Forethought","Blind","Mayhem"],"picked":"Singing Bowl","floor":42}],"player_experience":801646,"relics_obtained":[{"floor":6,"key":"Strawberry"},{"floor":8,"key":"The Courier"},{"floor":9,"key":"Darkstone Periapt"},{"floor":23,"key":"Juzu Bracelet"},{"floor":26,"key":"Potion Belt"},{"floor":27,"key":"Art of War"},{"floor":43,"key":"Question Card"}],"event_choices":[{"damage_healed":0,"gold_gain":100,"player_choice":"Pray","damage_taken":0,"max_hp_gain":0,"max_hp_loss":0,"event_name":"Golden Shrine","floor":2,"gold_loss":0},{"damage_healed":0,"gold_gain":0,"player_choice":"Entered Light","damage_taken":14,"max_hp_gain":0,"max_hp_loss":0,"event_name":"Shining Light","floor":4,"gold_loss":0,"cards_upgraded":["Strike_G","Defend_G"]},{"damage_healed":0,"gold_gain":0,"player_choice":"Success","damage_taken":12,"relics_obtained":["Vajra"],"max_hp_gain":0,"max_hp_loss":0,"event_name":"Scrap Ooze","floor":5,"gold_loss":0},{"damage_healed":0,"gold_gain":0,"player_choice":"Inject Mutagens","damage_taken":0,"relics_obtained":["MutagenicStrength"],"max_hp_gain":0,"max_hp_loss":0,"event_name":"Drug Dealer","floor":28,"gold_loss":0},{"damage_healed":0,"gold_gain":0,"player_choice":"Opened","damage_taken":0,"relics_obtained":["Singing Bowl"],"max_hp_gain":0,"max_hp_loss":0,"event_name":"The Mausoleum","floor":30,"gold_loss":0,"cards_obtained":["Writhe"]},{"damage_healed":0,"gold_gain":0,"player_choice":"Max HP","damage_taken":0,"max_hp_gain":0,"max_hp_loss":4,"event_name":"Winding Halls","floor":37,"gold_loss":0},{"damage_healed":0,"gold_gain":0,"player_choice":"Paid","damage_taken":0,"relics_obtained":["Red Mask"],"max_hp_gain":0,"max_hp_loss":0,"event_name":"Tomb of Lord Red Mask","floor":38,"gold_loss":127},{"damage_healed":0,"gold_gain":0,"player_choice":"Memory 1","damage_taken":0,"max_hp_gain":0,"max_hp_loss":0,"event_name":"SensoryStone","floor":42,"gold_loss":0},{"cards_removed":["Neutralize"],"damage_healed":0,"gold_gain":0,"player_choice":"Removed Attack","damage_taken":0,"max_hp_gain":0,"max_hp_loss":0,"event_name":"Falling","floor":45,"gold_loss":0},{"damage_healed":0,"gold_gain":0,"player_choice":"Forge","damage_taken":0,"max_hp_gain":0,"max_hp_loss":0,"event_name":"Accursed Blacksmith","floor":47,"gold_loss":0,"cards_upgraded":["Backflip"]},{"damage_healed":0,"gold_gain":100,"player_choice":"Pray","damage_taken":0,"max_hp_gain":0,"max_hp_loss":0,"event_name":"Golden Shrine","floor":48,"gold_loss":0}],"is_beta":false,"boss_relics":[{"not_picked":["Astrolabe","WristBlade"],"picked":"Ectoplasm"},{"not_picked":["Pandora\u0027s Box","White Beast Statue"],"picked":"Coffee Dripper"}],"items_purged_floors":[13],"is_endless":false,"potions_floor_spawned":[1,3,8,16,18,21,23,27,39],"ascension_level":11}