{"gold_per_floor":[362,377,377,377,552,577,280,245,268,268,301,301,316,146,146,146],"floor_reached":16,"playtime":826,"items_purged":[],"score":106,"play_id":"3fd91377-55a9-4117-8d45-f96a1569b375","local_time":"20180914232811","is_ascension_mode":false,"campfire_choices":[{"floor":10,"key":"REST"},{"floor":12,"key":"REST"},{"data":"Zap","floor":15,"key":"SMITH"}],"neow_cost":"PERCENT_DAMAGE","seed_source_timestamp":34494600994613,"circlet_count":0,"master_deck":["Strike_B","Strike_B","Strike_B","Strike_B","Defend_B","Defend_B","Defend_B","Defend_B","Zap+1","Dualcast","Coolheaded","Glacier","Doubt","BootSequence","Capacitor","Turbo+1","Leap+1","Rebound"],"relics":["Cracked Core","WingedGreaves","Toxic Egg 2","Ancient Tea Set","Darkstone Periapt","Anchor"],"potions_floor_usage":[6,6,6,6,16,16],"damage_taken":[{"damage":5,"enemies":"Cultist","floor":1,"turns":4},{"damage":7,"enemies":"2 Louse","floor":2,"turns":4},{"damage":38,"enemies":"Gremlin Nob","floor":6,"turns":6},{"damage":11,"enemies":"Lagavulin","floor":11,"turns":10},{"damage":0,"enemies":"Small Slimes","floor":13,"turns":4},{"damage":77,"enemies":"Hexaghost","floor":16,"turns":22}],"seed_played":"-8168607611753605399","potions_obtained":[{"floor":4,"key":"Fire Potion"},{"floor":4,"key":"EntropicBrew"},{"floor":4,"key":"SkillPotion"},{"floor":11,"key":"Energy Potion"}],"is_trial":false,"path_per_floor":["M","M","?","?","?","E","$","?","T","R","E","R","M","$","R"],"character_chosen":"DEFECT","items_purchased":["Capacitor","Toxic Egg 2","Rebound","Anchor"],"campfire_rested":2,"item_purchase_floors":[7,7,14,14],"current_hp_per_floor":[49,42,42,42,42,19,19,37,37,59,48,70,70,70,70,0],"gold":146,"neow_bonus":"TWO_FIFTY_GOLD","is_prod":false,"is_daily":false,"chose_seed":false,"campfire_upgraded":1,"win_rate":0.0,"timestamp":1536982091,"path_taken":["M","?","?","?","?","E","?","?","T","R","E","R","?","$","R","BOSS"],"build_version":"2018-09-06","purchased_purges":0,"victory":false,"max_hp_per_floor":[75,75,75,75,75,75,75,75,75,75,75,75,75,75,75,75],"card_choices":[{"not_picked":["Rebound","Hologram"],"picked":"Coolheaded","floor":1},{"not_picked":["Rebound","Steam"],"picked":"Glacier","floor":2},{"not_picked":["Tempest","Auto Shields"],"picked":"BootSequence","floor":6},{"not_picked":["Scrape","Echo Form"],"picked":"Turbo+1","floor":11},{"not_picked":["Steam+1","Beam Cell"],"picked":"Leap+1","floor":13}],"player_experience":100129,"relics_obtained":[{"floor":6,"key":"WingedGreaves"},{"floor":9,"key":"Ancient Tea Set"},{"floor":11,"key":"Darkstone Periapt"}],"event_choices":[{"event_name":"Purifier","player_choice":"Skipped","floor":3,"damage_taken":0},{"event_name":"The Lab","player_choice":"Got Potions","floor":4,"damage_taken":0},{"event_name":"Liars Game","player_choice":"agreed","floor":5,"damage_taken":0},{"event_name":"The Cleric","player_choice":"Healed","floor":8,"damage_taken":0}],"is_beta":false,"boss_relics":[],"items_purged_floors":[],"is_endless":false,"potions_floor_spawned":[11],"killed_by":"Hexaghost","ascension_level":0}