{"gold_per_floor":[114,124,124,18,18,18,18,32,32,43,58,76,92,103,103,204,204,214,16,16,32,51,51],"floor_reached":23,"playtime":713,"items_purged":[],"score":224,"play_id":"1d3b5509-fa74-4e93-99e7-69d75f6ae661","local_time":"20181202155205","is_ascension_mode":true,"campfire_choices":[{"data":"Static Discharge","floor":6,"key":"SMITH"},{"floor":15,"key":"REST"}],"neow_cost":"NONE","seed_source_timestamp":5520012782114200,"circlet_count":0,"master_deck":["Strike_B","Strike_B","Strike_B","Strike_B","Defend_B","Defend_B","Defend_B","Defend_B","Zap","Dualcast","Sweeping Beam","Gash","Sunder","Sunder","Static Discharge+1","Regret","Gash","Force Field","Conserve Battery","FTL","Genetic Algorithm","Static Discharge","Seek","Chaos+1","Rebound","Electrodynamics"],"relics":["Cracked Core","Meat on the Bone","Mummified Hand","Cursed Key","Toy Ornithopter"],"potions_floor_usage":[10,11,13,21,22],"damage_taken":[{"damage":2,"enemies":"Jaw Worm","floor":1,"turns":3},{"damage":9,"enemies":"Small Slimes","floor":2,"turns":2},{"damage":6,"enemies":"Cultist","floor":8,"turns":4},{"damage":3,"enemies":"Blue Slaver","floor":10,"turns":2},{"damage":0,"enemies":"2 Fungi Beasts","floor":11,"turns":2},{"damage":22,"enemies":"Large Slime","floor":12,"turns":5},{"damage":13,"enemies":"Red Slaver","floor":13,"turns":4},{"damage":9,"enemies":"2 Fungi Beasts","floor":14,"turns":3},{"damage":64,"enemies":"The Guardian","floor":16,"turns":8},{"damage":13,"enemies":"Shell Parasite","floor":18,"turns":5},{"damage":27,"enemies":"2 Thieves","floor":21,"turns":4},{"damage":21,"enemies":"Centurion and Healer","floor":22,"turns":4},{"damage":42,"enemies":"Slavers","floor":23,"turns":2}],"seed_played":"-8835181156063468042","potions_obtained":[{"floor":1,"key":"Dexterity Potion"},{"floor":2,"key":"PowerPotion"},{"floor":8,"key":"AttackPotion"},{"floor":12,"key":"Regen Potion"},{"floor":21,"key":"Swift Potion"}],"is_trial":false,"path_per_floor":["M","M","?","$","?","R","$","M","T","M","M","M","M","M","R","B",null,"M","$","?","M","M","E"],"character_chosen":"DEFECT","items_purchased":["Sunder","Static Discharge","Toy Ornithopter"],"campfire_rested":1,"item_purchase_floors":[4,4,19],"current_hp_per_floor":[73,64,64,64,64,64,64,58,58,55,55,45,44,47,69,17,75,62,62,62,40,36,0],"gold":51,"neow_bonus":"THREE_CARDS","is_prod":false,"is_daily":false,"chose_seed":false,"campfire_upgraded":1,"win_rate":0,"timestamp":1543783925,"path_taken":["M","M","?","$","?","R","$","M","T","M","M","?","M","M","R","BOSS","M","$","?","M","M","E"],"build_version":"2018-11-15","purchased_purges":0,"victory":false,"max_hp_per_floor":[75,75,75,75,75,75,75,75,75,75,75,75,75,75,75,75,75,75,75,75,75,75,75],"card_choices":[{"not_picked":["Steam","Go for the Eyes"],"picked":"Sweeping Beam","floor":0},{"not_picked":["Rip and Tear","Compile Driver"],"picked":"Gash","floor":1},{"not_picked":["Scrape","Leap"],"picked":"Sunder","floor":2},{"not_picked":["Steam","Cold Snap"],"picked":"Gash","floor":8},{"not_picked":["Fission","Turbo"],"picked":"Force Field","floor":10},{"not_picked":["Go for the Eyes","Steam Power"],"picked":"Conserve Battery","floor":11},{"not_picked":["Rip and Tear","Streamline"],"picked":"FTL","floor":12},{"not_picked":["Stack","Cold Snap"],"picked":"Genetic Algorithm","floor":13},{"not_picked":["Skim","Fusion"],"picked":"Static Discharge","floor":14},{"not_picked":["All For One","Fission"],"picked":"Seek","floor":16},{"not_picked":["Rebound","Go for the Eyes+1"],"picked":"Chaos+1","floor":18},{"not_picked":["Darkness","Go for the Eyes"],"picked":"Rebound","floor":21},{"not_picked":["Go for the Eyes","Leap"],"picked":"Electrodynamics","floor":22}],"player_experience":237331,"relics_obtained":[{"floor":9,"key":"Mummified Hand"}],"event_choices":[{"damage_healed":0,"gold_gain":0,"player_choice":"Leave","damage_taken":0,"max_hp_gain":0,"max_hp_loss":0,"event_name":"The Cleric","floor":3,"gold_loss":0},{"damage_healed":0,"gold_gain":0,"player_choice":"Box","damage_taken":0,"relics_obtained":["Meat on the Bone"],"max_hp_gain":0,"max_hp_loss":0,"event_name":"Big Fish","floor":5,"gold_loss":0,"cards_obtained":["Regret"]},{"damage_healed":0,"gold_gain":0,"player_choice":"Ignored","damage_taken":0,"max_hp_gain":0,"max_hp_loss":0,"event_name":"Ghosts","floor":20,"gold_loss":0}],"is_beta":false,"boss_relics":[{"not_picked":["Astrolabe","White Beast Statue"],"picked":"Cursed Key"}],"items_purged_floors":[],"is_endless":false,"potions_floor_spawned":[1,2,8,12,21],"killed_by":"Slavers","ascension_level":4}