{"gold_per_floor":[114,32,32,32,47,77,77,107,182,457,487,487,502,517,517,617,617,632,632,62,77,176,206,231,231,256,356,356,356,371,401,401,501,501,516,251,251,251,266,266,296,396,421,421,451,15,15,45,45,45],"floor_reached":51,"playtime":3615,"items_purged":["Regret"],"score":1008,"play_id":"bac7b9a2-c1fc-42bf-bb86-de1bb3ad3b9b","local_time":"20190114213339","daily_mods":["Insanity","Time Dilation","Elite Swarm"],"is_ascension_mode":false,"campfire_choices":[{"data":"Hello World","floor":7,"key":"SMITH"},{"floor":12,"key":"REST"},{"data":"BootSequence","floor":15,"key":"SMITH"},{"floor":29,"key":"REST"},{"floor":32,"key":"REST"},{"data":"Gash","floor":40,"key":"SMITH"},{"data":"Sunder","floor":47,"key":"SMITH"},{"data":"Hologram","floor":49,"key":"SMITH"}],"neow_cost":"","seed_source_timestamp":0,"circlet_count":0,"master_deck":["Gash","Rebound","Streamline","Consume","Hello World+1","Beam Cell","Sunder+1","Gash+1","Coolheaded","Compile Driver","Steam","Cold Snap","Beam Cell","Stack","Recycle","Genetic Algorithm","Sweeping Beam","Rebound","BootSequence+1","Steam Power","Recycle","Sweeping Beam","Glacier","Steam+1","Beam Cell","Steam","Recycle","Ball Lightning","Gash","Redo","Hologram+1","Go for the Eyes","Ball Lightning","Barrage","Lockon","Ball Lightning","Stack","Fusion+1","Darkness","Doom and Gloom","Reinforced Body","Reprogram","Darkness","Redo","Leap","Fusion+1","Redo","Cold Snap","Leap","Lockon","Turbo","Jack Of All Trades+1","Auto Shields","Rainbow","Meteor Strike","Amplify","Go for the Eyes","Gash","Creative AI","Static Discharge","Gash+1","Hyperbeam+1","Tempest+1","Storm","All For One+1","Meteor Strike+1","Ball Lightning+1","Gash+1","Storm","Madness","Madness","Sunder+1","Seek","Chaos+1","Hello World+1","Meteor Strike+1","Violence","Machine Learning"],"special_seed":17911,"relics":["Cracked Core","Bottled Lightning","Happy Flower","Mummified Hand","Kunai","Calling Bell","Ancient Tea Set","Molten Egg 2","Mango","Symbiotic Virus","HandDrill","Ice Cream","Juzu Bracelet","Blood Vial","Nunchaku","Letter Opener","War Paint","Lizard Tail","Bag of Preparation","Prayer Wheel","Pocketwatch","Bronze Scales","StoneCalendar","Pantograph","Emotion Chip"],"potions_floor_usage":[16,21,21,23,33,41,45],"damage_taken":[{"damage":2,"enemies":"2 Louse","floor":1,"turns":2},{"damage":0,"enemies":"Cultist","floor":5,"turns":3},{"damage":18,"enemies":"3 Sentries","floor":6,"turns":7},{"damage":0,"enemies":"Lagavulin","floor":8,"turns":6},{"damage":28,"enemies":"Gremlin Nob","floor":11,"turns":4},{"damage":1,"enemies":"Jaw Worm","floor":13,"turns":2},{"damage":0,"enemies":"Gremlin Gang","floor":14,"turns":3},{"damage":24,"enemies":"Slime Boss","floor":16,"turns":5},{"damage":13,"enemies":"3 Byrds","floor":18,"turns":6},{"damage":0,"enemies":"Spheric Guardian","floor":21,"turns":3},{"damage":29,"enemies":"Gremlin Leader","floor":23,"turns":7},{"damage":0,"enemies":"Colosseum Slavers","floor":27,"turns":3},{"damage":26,"enemies":"Colosseum Nobs","floor":27,"turns":5},{"damage":0,"enemies":"Centurion and Healer","floor":30,"turns":1},{"damage":5,"enemies":"Book of Stabbing","floor":31,"turns":5},{"damage":7,"enemies":"Automaton","floor":33,"turns":7},{"damage":3,"enemies":"3 Shapes","floor":35,"turns":2},{"damage":0,"enemies":"Orb Walker","floor":39,"turns":2},{"damage":20,"enemies":"Reptomancer","floor":41,"turns":5},{"damage":12,"enemies":"Mind Bloom Boss Battle","floor":42,"turns":4},{"damage":0,"enemies":"Giant Head","floor":45,"turns":7},{"damage":18,"enemies":"Nemesis","floor":48,"turns":3},{"damage":6,"enemies":"Donu and Deca","floor":50,"turns":6}],"seed_played":"-1374087961846543557","potions_obtained":[{"floor":6,"key":"Explosive Potion"},{"floor":13,"key":"Weak Potion"},{"floor":14,"key":"Strength Potion"},{"floor":16,"key":"AttackPotion"},{"floor":19,"key":"PowerPotion"},{"floor":19,"key":"Energy Potion"},{"floor":31,"key":"LiquidBronze"},{"floor":35,"key":"Weak Potion"},{"floor":41,"key":"FearPotion"},{"floor":42,"key":"Poison Potion"}],"is_trial":false,"path_per_floor":["M","$","?","$","M","E","R","E","T","?","E","R","M","M","R","B",null,"M","?","$","M","?","E","T","?","T","?","?","R","M","E","R","B",null,"M","$","?","?","M","R","E","?","T","?","E","$","R","E","R","B",null],"character_chosen":"DEFECT","items_purchased":["Jack Of All Trades","Symbiotic Virus","HandDrill","Gash+1","Bag of Preparation","Gash+1","Storm","Pantograph","Violence"],"campfire_rested":3,"item_purchase_floors":[2,20,20,20,36,36,36,46,46],"current_hp_per_floor":[73,73,73,73,73,55,55,55,55,55,27,49,48,48,48,24,89,76,76,76,76,76,47,47,30,30,8,8,36,38,35,63,58,94,91,91,79,79,81,81,63,53,53,53,55,55,55,39,39,60],"gold":45,"neow_bonus":"","is_prod":false,"is_daily":true,"chose_seed":false,"campfire_upgraded":5,"win_rate":0,"timestamp":1547519619,"path_taken":["M","$","?","$","?","E","R","E","T","?","E","R","M","?","R","BOSS","M","?","$","?","?","E","?","?","T","?","?","R","M","E","R","BOSS","M","$","?","?","M","R","E","?","T","?","E","$","R","E","R","BOSS"],"build_version":"2019-01-10","purchased_purges":1,"victory":true,"max_hp_per_floor":[75,75,75,75,75,75,75,75,75,75,75,75,75,75,75,75,89,89,89,89,89,89,89,89,94,94,94,94,94,94,94,94,94,94,94,94,94,94,94,94,94,94,94,94,94,94,94,94,94,94],"card_choices":[{"not_picked":["Steam","Hologram"],"picked":"Turbo","floor":1},{"not_picked":["Steam","Sweeping Beam"],"picked":"Auto Shields","floor":5},{"not_picked":["Biased Cognition","Machine Learning"],"picked":"Rainbow","floor":6},{"not_picked":["Biased Cognition","Amplify"],"picked":"Meteor Strike","floor":8},{"not_picked":["Machine Learning","Biased Cognition"],"picked":"Amplify","floor":11},{"not_picked":["Coolheaded","Cold Snap"],"picked":"Go for the Eyes","floor":13},{"not_picked":["Double Energy","Coolheaded"],"picked":"Gash","floor":14},{"not_picked":["Multi-Cast","Rainbow"],"picked":"Creative AI","floor":16},{"not_picked":["Chaos","Streamline+1"],"picked":"Static Discharge","floor":18},{"not_picked":["Steam","Leap","Redo"],"picked":"SKIP","floor":21},{"not_picked":["Multi-Cast","Rainbow"],"picked":"Hyperbeam+1","floor":23},{"not_picked":["Melter+1","Leap"],"picked":"Tempest+1","floor":27},{"not_picked":["Blizzard+1","Redo"],"picked":"Storm","floor":30},{"not_picked":["Seek","Amplify"],"picked":"All For One+1","floor":31},{"not_picked":["Machine Learning","Reboot"],"picked":"Meteor Strike+1","floor":33},{"not_picked":["Coolheaded","Melter+1"],"picked":"Ball Lightning+1","floor":35},{"not_picked":["Go for the Eyes+1","Melter+1"],"picked":"Sunder+1","floor":39},{"not_picked":["Core Surge+1","Amplify"],"picked":"Seek","floor":41},{"not_picked":["Barrage+1","Conserve Battery"],"picked":"Chaos+1","floor":42},{"not_picked":["Core Surge+1","Multi-Cast"],"picked":"Meteor Strike+1","floor":45},{"not_picked":["Biased Cognition","Fission"],"picked":"Machine Learning","floor":48}],"player_experience":302929,"relics_obtained":[{"floor":6,"key":"Bottled Lightning"},{"floor":8,"key":"Happy Flower"},{"floor":9,"key":"Mummified Hand"},{"floor":11,"key":"Kunai"},{"floor":17,"key":"Ancient Tea Set"},{"floor":17,"key":"Molten Egg 2"},{"floor":17,"key":"Mango"},{"floor":23,"key":"Ice Cream"},{"floor":24,"key":"Juzu Bracelet"},{"floor":26,"key":"Blood Vial"},{"floor":27,"key":"Nunchaku"},{"floor":27,"key":"Letter Opener"},{"floor":31,"key":"War Paint"},{"floor":41,"key":"Prayer Wheel"},{"floor":42,"key":"Pocketwatch"},{"floor":43,"key":"Bronze Scales"},{"floor":45,"key":"StoneCalendar"},{"floor":48,"key":"Emotion Chip"}],"event_choices":[{"damage_healed":0,"gold_gain":0,"player_choice":"Upgraded","damage_taken":0,"max_hp_gain":0,"max_hp_loss":0,"event_name":"Upgrade Shrine","floor":3,"gold_loss":0,"cards_upgraded":["Jack Of All Trades"]},{"damage_healed":0,"gold_gain":275,"player_choice":"Desecrate","damage_taken":0,"max_hp_gain":0,"max_hp_loss":0,"event_name":"Golden Shrine","floor":10,"gold_loss":0,"cards_obtained":["Regret"]},{"damage_healed":0,"gold_gain":0,"player_choice":"Got Potions","damage_taken":0,"max_hp_gain":0,"max_hp_loss":0,"event_name":"Lab","floor":19,"gold_loss":0},{"damage_healed":0,"gold_gain":99,"player_choice":"Stole From Cult","damage_taken":0,"max_hp_gain":0,"max_hp_loss":0,"event_name":"Nest","floor":22,"gold_loss":0},{"damage_healed":0,"gold_gain":0,"player_choice":"Shed Blood","damage_taken":22,"max_hp_gain":5,"max_hp_loss":0,"event_name":"Forgotten Altar","floor":25,"gold_loss":0},{"damage_healed":0,"gold_gain":0,"player_choice":"Fight","damage_taken":0,"max_hp_gain":0,"max_hp_loss":0,"event_name":"Colosseum","floor":27,"gold_loss":0},{"damage_healed":0,"gold_gain":0,"player_choice":"Fought Nobs","damage_taken":0,"max_hp_gain":0,"max_hp_loss":0,"event_name":"Colosseum","floor":27,"gold_loss":0},{"cards_removed":["Writhe","Regret","Decay"],"damage_healed":0,"gold_gain":0,"player_choice":"Removed Curses","damage_taken":0,"max_hp_gain":0,"max_hp_loss":0,"event_name":"Fountain of Cleansing","floor":28,"gold_loss":0},{"damage_healed":0,"gold_gain":0,"player_choice":"Embrace Madness","damage_taken":12,"max_hp_gain":0,"max_hp_loss":0,"event_name":"Winding Halls","floor":37,"gold_loss":0,"cards_obtained":["Madness","Madness"]},{"damage_healed":0,"gold_gain":0,"player_choice":"Upgraded","damage_taken":0,"max_hp_gain":0,"max_hp_loss":0,"event_name":"Upgrade Shrine","floor":38,"gold_loss":0,"cards_upgraded":["Fusion"]},{"damage_healed":0,"gold_gain":0,"player_choice":"Fight","damage_taken":0,"max_hp_gain":0,"max_hp_loss":0,"event_name":"MindBloom","floor":42,"gold_loss":0},{"damage_healed":0,"gold_gain":0,"player_choice":"Copied","damage_taken":0,"max_hp_gain":0,"max_hp_loss":0,"event_name":"Duplicator","floor":44,"gold_loss":0,"cards_obtained":["Hello World"]}],"is_beta":false,"boss_relics":[{"not_picked":["Sozu","Astrolabe"],"picked":"Calling Bell"},{"not_picked":["Tiny House","Empty Cage"],"picked":"Lizard Tail"}],"items_purged_floors":[20],"is_endless":false,"potions_floor_spawned":[6,13,14,16,18,27,31,35,41,42],"ascension_level":0}