{"gold_per_floor":[114,389,35,35,53,87,87,100,176,201,212,223,223,248,248,248],"floor_reached":16,"playtime":665,"items_purged":["Regret"],"score":232,"play_id":"da509fce-6532-4c34-935c-43d502aba090","local_time":"20190325182905","is_ascension_mode":true,"campfire_choices":[{"data":"Neutralize","floor":7,"key":"SMITH"},{"floor":13,"key":"REST"},{"floor":15,"key":"REST"}],"neow_cost":"NONE","seed_source_timestamp":1041863203910109,"circlet_count":0,"master_deck":["AscendersBane","Defend_G","Defend_G","Defend_G","Defend_G","Defend_G","Strike_G","Strike_G","Strike_G","Strike_G","Strike_G","Survivor","Neutralize+1","Quick Slash","Noxious Fumes+1","Dagger Throw","Cloak And Dagger","Storm of Steel","Predator","Blur","Deflect","Deflect"],"relics":["Ring of the Snake","NeowsBlessing","Frozen Egg 2","Darkstone Periapt","Bag of Marbles","Letter Opener","Peace Pipe","Smiling Mask"],"potions_floor_usage":[11,14,14],"damage_taken":[{"damage":0,"enemies":"Small Slimes","floor":1,"turns":1},{"damage":0,"enemies":"Cultist","floor":5,"turns":1},{"damage":0,"enemies":"3 Sentries","floor":6,"turns":1},{"damage":2,"enemies":"2 Louse","floor":8,"turns":2},{"damage":42,"enemies":"Lagavulin","floor":10,"turns":6},{"damage":0,"enemies":"Blue Slaver","floor":11,"turns":2},{"damage":0,"enemies":"3 Louse","floor":12,"turns":2},{"damage":8,"enemies":"Gremlin Nob","floor":14,"turns":3},{"damage":58,"enemies":"Slime Boss","floor":16,"turns":9}],"seed_played":"5470478548616967513","potions_obtained":[{"floor":6,"key":"Fire Potion"},{"floor":10,"key":"PowerPotion"},{"floor":12,"key":"Fire Potion"}],"is_trial":false,"path_per_floor":["M","?","$","T","M","E","R","M","T","E","M","M","R","E","R","B"],"character_chosen":"THE_SILENT","items_purchased":["Frozen Egg 2","Noxious Fumes+1"],"campfire_rested":2,"item_purchase_floors":[3,3],"current_hp_per_floor":[63,63,63,63,63,63,63,61,61,19,19,19,40,32,53,0],"gold":248,"neow_bonus":"THREE_ENEMY_KILL","is_prod":false,"is_daily":false,"chose_seed":false,"campfire_upgraded":1,"win_rate":0,"timestamp":1553552945,"path_taken":["M","?","$","?","?","E","R","M","T","E","M","M","R","E","R","BOSS"],"build_version":"2019-01-23","purchased_purges":1,"victory":false,"max_hp_per_floor":[70,70,70,70,70,70,70,70,70,70,70,70,70,70,70,70],"card_choices":[{"not_picked":["Underhanded Strike","Deflect"],"picked":"Quick Slash","floor":1},{"not_picked":["Flying Knee","Endless Agony"],"picked":"Dagger Throw","floor":5},{"not_picked":["Blade Dance","Acrobatics"],"picked":"Cloak And Dagger","floor":6},{"not_picked":["Dodge and Roll","Tactician"],"picked":"Storm of Steel","floor":8},{"not_picked":["Concentrate","Deadly Poison"],"picked":"Predator","floor":10},{"not_picked":["Bouncing Flask","Deflect"],"picked":"Blur","floor":11},{"not_picked":["Eviscerate","Finisher"],"picked":"Deflect","floor":12},{"not_picked":["Dodge and Roll","Setup"],"picked":"Deflect","floor":14}],"player_experience":379638,"relics_obtained":[{"floor":4,"key":"Darkstone Periapt"},{"floor":6,"key":"Bag of Marbles"},{"floor":9,"key":"Letter Opener"},{"floor":10,"key":"Peace Pipe"},{"floor":14,"key":"Smiling Mask"}],"event_choices":[{"damage_healed":0,"gold_gain":275,"player_choice":"Desecrate","damage_taken":0,"max_hp_gain":0,"max_hp_loss":0,"event_name":"Golden Shrine","floor":2,"gold_loss":0,"cards_obtained":["Regret"]}],"is_beta":false,"boss_relics":[],"items_purged_floors":[3],"is_endless":false,"potions_floor_spawned":[6,10,12],"killed_by":"Slime Boss","ascension_level":12}