{"gold_per_floor":[112,128,141,141,166,166,202,214,226,238,271,303,315,327,339,441,453,353,353,353,353,42,42,42,42,42,42,42,42,42,0,0,0],"floor_reached":33,"playtime":1646,"items_purged":[],"score":521,"play_id":"50f66124-6b3a-4e3d-b6d5-9a82c965e4ac","local_time":"20181227154121","is_ascension_mode":true,"campfire_choices":[{"data":"Deadly Poison","floor":6,"key":"SMITH"},{"floor":8,"key":"REST"},{"data":"Bane","floor":10,"key":"SMITH"},{"floor":15,"key":"REST"},{"data":"Footwork","floor":23,"key":"SMITH"},{"floor":25,"key":"REST"},{"floor":32,"key":"REST"}],"neow_cost":"NONE","seed_source_timestamp":1190113706582,"circlet_count":0,"master_deck":["AscendersBane","Defend_G","Defend_G","Defend_G","Defend_G","Defend_G+1","Strike_G","Strike_G","Strike_G","Strike_G","Strike_G","Survivor","Neutralize","Deadly Poison+1","PiercingWail","Bane+1","Poisoned Stab+1","Footwork","Leg Sweep","Burst","Dash","Writhe","Calculated Gamble","Footwork+1","Noxious Fumes","Escape Plan","Acrobatics","Deflect"],"relics":["Ring of the Snake","NeowsBlessing","Golden Idol","MawBank","Letter Opener","Ectoplasm","Du-Vu Doll","DollysMirror","Shuriken","Anchor"],"potions_floor_usage":[7,16,24,24,24,30,33,33],"damage_taken":[{"damage":0,"enemies":"Cultist","floor":1,"turns":1},{"damage":0,"enemies":"Jaw Worm","floor":2,"turns":1},{"damage":0,"enemies":"2 Louse","floor":3,"turns":1},{"damage":28,"enemies":"Exordium Wildlife","floor":5,"turns":7},{"damage":16,"enemies":"Lagavulin","floor":7,"turns":7},{"damage":6,"enemies":"Large Slime","floor":11,"turns":4},{"damage":1,"enemies":"2 Fungi Beasts","floor":12,"turns":4},{"damage":16,"enemies":"The Guardian","floor":16,"turns":13},{"damage":8,"enemies":"2 Thieves","floor":18,"turns":4},{"damage":0,"enemies":"Shell Parasite","floor":20,"turns":5},{"damage":10,"enemies":"Centurion and Healer","floor":24,"turns":8},{"damage":15,"enemies":"Snake Plant","floor":28,"turns":5},{"damage":23,"enemies":"3 Cultists","floor":29,"turns":7},{"damage":5,"enemies":"Book of Stabbing","floor":30,"turns":6},{"damage":30,"enemies":"Collector","floor":33,"turns":9}],"seed_played":"7095606506050349474","potions_obtained":[{"floor":1,"key":"GhostInAJar"},{"floor":3,"key":"Energy Potion"},{"floor":7,"key":"EssenceOfSteel"},{"floor":20,"key":"EntropicBrew"},{"floor":28,"key":"GhostInAJar"},{"floor":30,"key":"SpeedPotion"}],"is_trial":false,"path_per_floor":["M","M","M","?","M","R","E","R","T","R","M","M","$","?","R","B",null,"M","?","M","?","$","R","M","R","T","$","M","M","E","?","R","B"],"character_chosen":"THE_SILENT","items_purchased":["DollysMirror","Noxious Fumes"],"campfire_rested":4,"item_purchase_floors":[22,22],"current_hp_per_floor":[59,59,59,59,31,31,15,33,33,33,27,26,26,8,26,10,48,40,40,40,40,40,40,30,48,48,48,33,10,5,5,23,0],"gold":0,"neow_bonus":"THREE_ENEMY_KILL","is_prod":false,"is_daily":false,"chose_seed":false,"campfire_upgraded":3,"win_rate":0,"timestamp":1545936081,"path_taken":["M","M","M","?","M","R","E","R","T","R","M","M","$","?","R","BOSS","M","?","M","?","$","R","M","R","T","?","M","M","E","?","R","BOSS"],"build_version":"2018-12-20","purchased_purges":0,"victory":false,"max_hp_per_floor":[66,66,66,60,60,60,60,60,60,60,60,60,60,60,60,60,60,60,60,60,60,60,60,60,60,60,60,60,60,60,60,60,60],"card_choices":[{"not_picked":["Caltrops","Bane"],"picked":"Deadly Poison","floor":1},{"not_picked":["Reflex","Accuracy"],"picked":"PiercingWail","floor":2},{"not_picked":["Deflect","Poisoned Stab"],"picked":"Bane","floor":3},{"not_picked":["Predator","Eviscerate","Finisher"],"picked":"SKIP","floor":5},{"not_picked":["Sucker Punch","Acrobatics"],"picked":"Poisoned Stab","floor":7},{"not_picked":["Backstab","Quick Slash"],"picked":"Footwork","floor":11},{"not_picked":["Grand Finale","Backflip"],"picked":"Leg Sweep","floor":12},{"not_picked":["Envenom","Malaise"],"picked":"Burst","floor":16},{"not_picked":["Choke","Flechettes"],"picked":"Dash","floor":18},{"not_picked":["Masterful Stab","Quick Slash"],"picked":"Calculated Gamble","floor":20},{"not_picked":["Blade Dance","Flying Knee","Quick Slash"],"picked":"SKIP","floor":24},{"not_picked":["Flying Knee","PiercingWail"],"picked":"Escape Plan","floor":28},{"not_picked":["Escape Plan","Quick Slash"],"picked":"Acrobatics","floor":29},{"not_picked":["Wraith Form v2","Bane"],"picked":"Deflect","floor":30}],"player_experience":648543,"relics_obtained":[{"floor":7,"key":"MawBank"},{"floor":9,"key":"Letter Opener"},{"floor":26,"key":"Shuriken"},{"floor":30,"key":"Anchor"}],"event_choices":[{"damage_healed":0,"gold_gain":0,"player_choice":"Lose Max HP","damage_taken":0,"relics_obtained":["Golden Idol"],"max_hp_gain":0,"max_hp_loss":6,"event_name":"Golden Idol","floor":4,"gold_loss":0},{"damage_healed":0,"gold_gain":0,"player_choice":"Entered Light","damage_taken":18,"max_hp_gain":0,"max_hp_loss":0,"event_name":"Shining Light","floor":14,"gold_loss":0,"cards_upgraded":["Poisoned Stab","Defend_G"]},{"damage_healed":0,"gold_gain":0,"player_choice":"Opened","damage_taken":0,"relics_obtained":["Du-Vu Doll"],"max_hp_gain":0,"max_hp_loss":0,"event_name":"The Mausoleum","floor":19,"gold_loss":0,"cards_obtained":["Writhe"]},{"damage_healed":0,"gold_gain":0,"player_choice":"Ignored","damage_taken":0,"max_hp_gain":0,"max_hp_loss":0,"event_name":"Cursed Tome","floor":21,"gold_loss":0},{"damage_healed":0,"gold_gain":0,"player_choice":"Paid Fearfully","damage_taken":0,"max_hp_gain":0,"max_hp_loss":0,"event_name":"Masked Bandits","floor":31,"gold_loss":42}],"is_beta":false,"boss_relics":[{"not_picked":["Fusion Hammer","Orrery"],"picked":"Ectoplasm"}],"items_purged_floors":[],"is_endless":false,"potions_floor_spawned":[1,3,7,20,28,29,30],"killed_by":"Collector","ascension_level":19}