{"gold_per_floor":[112,124,124,135,155,189,189,215,215,215,233,57,82,94,94,198,198,217,217,234,234,246,278,278,77,101,132,132,161,175,175,175,175],"floor_reached":33,"playtime":1454,"items_purged":[],"score":420,"play_id":"91b3f9cd-7dbf-4993-96e9-a4f1278f9661","local_time":"20181127225112","is_ascension_mode":true,"campfire_choices":[{"floor":7,"key":"REST"},{"floor":10,"key":"REST"},{"data":"Auto Shields","floor":15,"key":"SMITH"},{"data":"Hello World","floor":24,"key":"SMITH"},{"floor":28,"key":"REST"},{"floor":32,"key":"REST"}],"neow_cost":"NONE","seed_source_timestamp":5112421177572222,"circlet_count":0,"master_deck":["Strike_B+1","Strike_B","Strike_B+1","Strike_B","Defend_B","Defend_B","Defend_B","Defend_B","Zap+1","Dualcast","Cold Snap","Ball Lightning","Conserve Battery","FTL","Redo","Conserve Battery","Conserve Battery","Cold Snap","Echo Form","Auto Shields+1","Electrodynamics","Barrage+1","Ball Lightning+1","Hello World+1","Force Field","Gash+1","Static Discharge","Streamline+1","Self Repair"],"relics":["Cracked Core","Happy Flower","Incense Burner","Mango","Orichalcum","Turnip","Inserter","Bag of Marbles","Bronze Scales","Toolbox","Whetstone","Potion Belt","Molten Egg 2"],"potions_floor_usage":[1,5,6,6,16,23,23,23,27,27,33],"damage_taken":[{"damage":0,"enemies":"Cultist","floor":1,"turns":3},{"damage":5,"enemies":"Jaw Worm","floor":2,"turns":4},{"damage":0,"enemies":"2 Louse","floor":4,"turns":2},{"damage":20,"enemies":"Large Slime","floor":5,"turns":4},{"damage":11,"enemies":"Gremlin Nob","floor":6,"turns":3},{"damage":23,"enemies":"Lagavulin","floor":8,"turns":6},{"damage":0,"enemies":"3 Louse","floor":11,"turns":2},{"damage":13,"enemies":"3 Sentries","floor":13,"turns":6},{"damage":0,"enemies":"Looter","floor":14,"turns":3},{"damage":7,"enemies":"Slime Boss","floor":16,"turns":12},{"damage":0,"enemies":"Chosen","floor":18,"turns":4},{"damage":0,"enemies":"Spheric Guardian","floor":20,"turns":6},{"damage":10,"enemies":"Snake Plant","floor":22,"turns":4},{"damage":8,"enemies":"Gremlin Leader","floor":23,"turns":5},{"damage":46,"enemies":"Slavers","floor":27,"turns":4},{"damage":0,"enemies":"Gremlin Leader","floor":29,"turns":5},{"damage":22,"enemies":"Cultist and Chosen","floor":30,"turns":5},{"damage":73,"enemies":"Champ","floor":33,"turns":8}],"seed_played":"3168699856352705056","potions_obtained":[{"floor":0,"key":"AttackPotion"},{"floor":0,"key":"Poison Potion"},{"floor":0,"key":"SneckoOil"},{"floor":2,"key":"Explosive Potion"},{"floor":11,"key":"SpeedPotion"},{"floor":13,"key":"SpeedPotion"},{"floor":14,"key":"Dexterity Potion"},{"floor":16,"key":"EntropicBrew"},{"floor":18,"key":"FocusPotion"},{"floor":27,"key":"FearPotion"}],"is_trial":false,"path_per_floor":["M","M","?","M","M","E","R","E","T","R","M","$","E","M","R","B",null,"M","?","M","?","M","E","R","$","T","E","R","E","M","?","R","B"],"character_chosen":"DEFECT","items_purchased":["Orichalcum","Cold Snap","Toolbox"],"campfire_rested":4,"item_purchase_floors":[12,12,25],"current_hp_per_floor":[75,70,70,70,50,39,61,38,52,78,78,78,65,65,65,58,89,89,89,89,89,79,71,71,71,71,25,51,51,29,29,55,0],"gold":175,"neow_bonus":"THREE_SMALL_POTIONS","is_prod":false,"is_daily":false,"chose_seed":false,"campfire_upgraded":2,"win_rate":0,"timestamp":1543377072,"path_taken":["M","?","?","M","M","E","R","E","T","R","M","$","E","M","R","BOSS","M","?","?","?","M","E","R","$","T","E","R","E","M","?","R","BOSS"],"build_version":"2018-11-15","purchased_purges":0,"victory":false,"max_hp_per_floor":[75,75,75,75,75,75,75,75,89,89,89,89,89,89,89,89,89,89,89,89,89,89,89,89,89,89,89,89,89,89,89,89,89],"card_choices":[{"not_picked":["Double Energy","Turbo"],"picked":"Cold Snap","floor":1},{"not_picked":["Reprogram","Go for the Eyes"],"picked":"Ball Lightning","floor":2},{"not_picked":["Lockon","Skim"],"picked":"Conserve Battery","floor":4},{"not_picked":["Capacitor","Gash"],"picked":"FTL","floor":5},{"not_picked":["Cold Snap","Turbo"],"picked":"Redo","floor":6},{"not_picked":["Rebound","Beam Cell"],"picked":"Conserve Battery","floor":8},{"not_picked":["Barrage","Turbo"],"picked":"Conserve Battery","floor":11},{"not_picked":["Fusion","Chill"],"picked":"Echo Form","floor":13},{"not_picked":["Redo","Barrage"],"picked":"Auto Shields","floor":14},{"not_picked":["Biased Cognition","Seek"],"picked":"Electrodynamics","floor":16},{"not_picked":["Blizzard","Double Energy"],"picked":"Barrage+1","floor":18},{"not_picked":["Conserve Battery","Stack"],"picked":"Ball Lightning+1","floor":20},{"not_picked":["Steam","Tempest"],"picked":"Hello World","floor":22},{"not_picked":["Steam","Skim"],"picked":"Force Field","floor":23},{"not_picked":["Thunder Strike","Cold Snap"],"picked":"Gash+1","floor":27},{"not_picked":["FTL+1","Machine Learning"],"picked":"Static Discharge","floor":29},{"not_picked":["Redo","Coolheaded"],"picked":"Streamline+1","floor":30}],"player_experience":218765,"relics_obtained":[{"floor":6,"key":"Happy Flower"},{"floor":8,"key":"Incense Burner"},{"floor":9,"key":"Mango"},{"floor":13,"key":"Turnip"},{"floor":23,"key":"Bronze Scales"},{"floor":26,"key":"Whetstone"},{"floor":27,"key":"Potion Belt"},{"floor":29,"key":"Molten Egg 2"}],"event_choices":[{"damage_healed":0,"gold_gain":0,"player_choice":"Upgraded","damage_taken":0,"max_hp_gain":0,"max_hp_loss":0,"event_name":"Upgrade Shrine","floor":3,"gold_loss":0,"cards_upgraded":["Zap"]},{"damage_healed":0,"gold_gain":0,"player_choice":"Full Heal","damage_taken":0,"max_hp_gain":0,"max_hp_loss":0,"event_name":"Wheel of Change","floor":19,"gold_loss":0},{"damage_healed":0,"gold_gain":0,"player_choice":"Opened","damage_taken":0,"relics_obtained":["Bag of Marbles"],"max_hp_gain":0,"max_hp_loss":0,"event_name":"The Mausoleum","floor":21,"gold_loss":0},{"damage_healed":0,"gold_gain":0,"player_choice":"Read","damage_taken":0,"max_hp_gain":0,"max_hp_loss":0,"event_name":"The Library","floor":31,"gold_loss":0,"cards_obtained":["Self Repair"]}],"is_beta":false,"boss_relics":[{"not_picked":["Eternal Feather","Fusion Hammer"],"picked":"Inserter"}],"items_purged_floors":[],"is_endless":false,"potions_floor_spawned":[2,4,11,13,14,16,18,27],"killed_by":"Champ","ascension_level":4}