{"gold_per_floor":[114,129,204,379,394,424,439,45,45,45,45,75,90,140,140,240,240,255,270,26,41,41,56,56,71,96,96,126,141,156,171,171,271,271,286,301,0,25,61,61,91,106,106,106,206,221,236,236,236,236],"floor_reached":50,"playtime":2354,"items_purged":[],"score":571,"play_id":"d78bed48-57a7-4080-a61a-f953276117d8","local_time":"20181211175338","daily_mods":["Shiny","Blue Cards","Lethality"],"is_ascension_mode":false,"campfire_choices":[{"floor":15,"key":"REST"},{"data":"Madness","floor":24,"key":"SMITH"},{"floor":27,"key":"REST"},{"data":"Double Tap","floor":32,"key":"SMITH"},{"data":"Echo Form","floor":44,"key":"SMITH"},{"data":"Buffer","floor":49,"key":"SMITH"}],"neow_cost":"","seed_source_timestamp":0,"circlet_count":0,"master_deck":["Multi-Cast","Hyperbeam","Thunder Strike","Biased Cognition","Machine Learning","Electrodynamics","Buffer+1","Rainbow","Seek","Meteor Strike","Echo Form+1","All For One","Reboot","Amplify","Creative AI","Core Surge","Double Tap+1","Demon Form","Bludgeon","Feed","Limit Break","Barricade","Fiend Fire+1","Dark Embrace","Berserk","Impervious","Juggernaut","Brutality","Reaper","Exhume","Offering","Immolate","Sweeping Beam","Conserve Battery","Doubt","Self Repair","Berserk","Conserve Battery","Mind Blast+1","Power Through","Immolate","Flex+1","Headbutt+1","Madness+1","Havoc","Self Repair","Recycle+1","Shrug It Off","Armaments+1","Whirlwind+1","Carnage","Buffer","Streamline+1","Intimidate+1","Havoc","Power Through+1","Evolve","Flex+1","Hemokinesis+1","Leap","Entrench+1","Sunder"],"special_seed":17876,"relics":["Black Blood","Lantern","Charon\u0027s Ashes","Self Forming Clay","Vajra","Tiny Chest","Whetstone","Philosopher\u0027s Stone","Oddly Smooth Stone","Anchor","Omamori","Bottled Tornado","Red Skull","Gambling Chip","Mercury Hourglass","Blue Candle","Dead Branch","Sundial"],"potions_floor_usage":[16,16,28,39,50,50],"damage_taken":[{"damage":24,"enemies":"Small Slimes","floor":1,"turns":4},{"damage":14,"enemies":"Jaw Worm","floor":2,"turns":2},{"damage":0,"enemies":"2 Louse","floor":5,"turns":1},{"damage":59,"enemies":"Gremlin Nob","floor":6,"turns":5},{"damage":0,"enemies":"Red Slaver","floor":7,"turns":1},{"damage":0,"enemies":"3 Louse","floor":13,"turns":1},{"damage":36,"enemies":"The Guardian","floor":16,"turns":6},{"damage":36,"enemies":"Chosen","floor":18,"turns":4},{"damage":0,"enemies":"Spheric Guardian","floor":19,"turns":1},{"damage":0,"enemies":"Snake Plant","floor":21,"turns":1},{"damage":0,"enemies":"3 Cultists","floor":23,"turns":2},{"damage":26,"enemies":"Cultist and Chosen","floor":25,"turns":4},{"damage":59,"enemies":"Book of Stabbing","floor":28,"turns":5},{"damage":8,"enemies":"Chosen and Byrds","floor":29,"turns":2},{"damage":2,"enemies":"Centurion and Healer","floor":30,"turns":2},{"damage":0,"enemies":"Snake Plant","floor":31,"turns":1},{"damage":82,"enemies":"Collector","floor":33,"turns":7},{"damage":6,"enemies":"3 Darklings","floor":35,"turns":1},{"damage":35,"enemies":"3 Shapes","floor":36,"turns":3},{"damage":17,"enemies":"2 Orb Walkers","floor":39,"turns":2},{"damage":30,"enemies":"Nemesis","floor":41,"turns":7},{"damage":6,"enemies":"3 Darklings","floor":42,"turns":2},{"damage":36,"enemies":"Mind Bloom Boss Battle","floor":45,"turns":6},{"damage":1,"enemies":"Transient","floor":46,"turns":5},{"damage":0,"enemies":"Jaw Worm Horde","floor":47,"turns":2},{"damage":100,"enemies":"Donu and Deca","floor":50,"turns":4}],"seed_played":"7445985323297054017","potions_obtained":[{"floor":6,"key":"Strength Potion"},{"floor":7,"key":"Block Potion"},{"floor":18,"key":"SteroidPotion"},{"floor":19,"key":"SpeedPotion"},{"floor":31,"key":"SmokeBomb"},{"floor":33,"key":"LiquidBronze"},{"floor":39,"key":"Explosive Potion"},{"floor":41,"key":"SteroidPotion"},{"floor":47,"key":"Strength Potion"}],"is_trial":false,"path_per_floor":["M","M","?","?","M","E","M","$","T","?","$","?","M","T","R","B",null,"M","M","$","M","?","M","R","M","T","R","E","M","M","M","R","B",null,"M","M","$","T","?","?","E","M","T","R","?","M","M","T","R","B"],"character_chosen":"IRONCLAD","items_purchased":["Charon\u0027s Ashes","Mind Blast","Oddly Smooth Stone","Madness","Bottled Tornado","Havoc"],"campfire_rested":2,"item_purchase_floors":[8,8,20,20,37,37],"current_hp_per_floor":[74,69,58,58,64,39,45,45,45,20,20,20,26,26,51,21,86,80,86,86,86,86,86,86,66,66,86,55,53,73,79,79,10,86,86,75,75,75,68,68,62,80,80,80,54,86,86,86,86,0],"gold":236,"neow_bonus":"","is_prod":false,"is_daily":true,"chose_seed":false,"campfire_upgraded":4,"win_rate":0,"timestamp":1544568818,"path_taken":["M","M","?","?","M","E","M","$","T","?","?","?","M","?","R","BOSS","M","M","$","M","?","M","R","M","T","R","E","M","M","M","R","BOSS","M","M","$","?","?","?","E","?","T","R","?","M","M","?","R","BOSS"],"build_version":"2018-12-06","purchased_purges":0,"victory":false,"max_hp_per_floor":[83,86,86,86,86,86,86,86,86,86,86,86,86,86,86,86,86,86,86,86,86,86,86,86,86,86,86,86,86,86,86,86,86,86,86,86,86,86,86,86,86,86,86,86,86,86,86,86,86,86],"card_choices":[{"not_picked":["Warcry","Feel No Pain"],"picked":"Sweeping Beam","floor":1},{"not_picked":["Iron Wave","Rebound"],"picked":"Conserve Battery","floor":2},{"not_picked":["Cleave","Reprogram"],"picked":"Self Repair","floor":5},{"not_picked":["Barrage","Chill"],"picked":"Berserk","floor":6},{"not_picked":["Iron Wave","Corruption"],"picked":"Conserve Battery","floor":7},{"not_picked":["Sweeping Beam","Go for the Eyes"],"picked":"Power Through","floor":13},{"not_picked":["Multi-Cast","All For One"],"picked":"Immolate","floor":16},{"not_picked":["Aggregate","Cleave"],"picked":"Flex+1","floor":18},{"not_picked":["Heavy Blade","Twin Strike+1"],"picked":"Headbutt+1","floor":19},{"not_picked":["Dropkick","Rebound"],"picked":"Havoc","floor":21},{"not_picked":["Sweeping Beam+1","True Grit"],"picked":"Self Repair","floor":23},{"not_picked":["Sweeping Beam","Clash"],"picked":"Recycle+1","floor":25},{"not_picked":["Body Slam","Offering"],"picked":"Shrug It Off","floor":28},{"not_picked":["Steam+1","Streamline"],"picked":"Armaments+1","floor":29},{"not_picked":["Rip and Tear","Steam"],"picked":"Whirlwind+1","floor":30},{"not_picked":["Hologram","Wild Strike"],"picked":"Carnage","floor":31},{"not_picked":["Thunder Strike","Fission"],"picked":"Buffer","floor":33},{"not_picked":["Pommel Strike","Barrage"],"picked":"Streamline+1","floor":35},{"not_picked":["Shrug It Off+1","Gash"],"picked":"Intimidate+1","floor":36},{"not_picked":["Aggregate","Ball Lightning+1"],"picked":"Power Through+1","floor":39},{"not_picked":["Inflame+1","Fission"],"picked":"Flex+1","floor":41},{"not_picked":["Turbo","Doom and Gloom"],"picked":"Hemokinesis+1","floor":42},{"not_picked":["Beam Cell","Dark Embrace"],"picked":"Leap","floor":45},{"not_picked":["Body Slam+1","Go for the Eyes+1"],"picked":"Entrench+1","floor":46},{"not_picked":["Beam Cell","Headbutt"],"picked":"Sunder","floor":47}],"player_experience":261327,"relics_obtained":[{"floor":6,"key":"Lantern"},{"floor":9,"key":"Self Forming Clay"},{"floor":14,"key":"Whetstone"},{"floor":26,"key":"Anchor"},{"floor":28,"key":"Omamori"},{"floor":38,"key":"Red Skull"},{"floor":39,"key":"Gambling Chip"},{"floor":41,"key":"Mercury Hourglass"},{"floor":43,"key":"Blue Candle"},{"floor":45,"key":"Dead Branch"},{"floor":48,"key":"Sundial"}],"event_choices":[{"damage_healed":0,"gold_gain":75,"player_choice":"Gather Gold","damage_taken":11,"max_hp_gain":0,"max_hp_loss":0,"event_name":"World of Goop","floor":3,"gold_loss":0},{"damage_healed":0,"gold_gain":175,"player_choice":"AGREE","damage_taken":0,"max_hp_gain":0,"max_hp_loss":0,"event_name":"Liars Game","floor":4,"gold_loss":0,"cards_obtained":["Doubt"]},{"damage_healed":0,"gold_gain":0,"player_choice":"Success","damage_taken":25,"relics_obtained":["Vajra"],"max_hp_gain":0,"max_hp_loss":0,"event_name":"Scrap Ooze","floor":10,"gold_loss":0},{"damage_healed":0,"gold_gain":0,"player_choice":"Box","damage_taken":0,"relics_obtained":["Tiny Chest"],"max_hp_gain":0,"max_hp_loss":0,"event_name":"Big Fish","floor":12,"gold_loss":0,"cards_obtained":["Regret"]},{"cards_removed":["Regret"],"damage_healed":0,"gold_gain":0,"player_choice":"Purged","damage_taken":0,"max_hp_gain":0,"max_hp_loss":0,"event_name":"Purifier","floor":22,"gold_loss":0},{"damage_healed":0,"gold_gain":0,"player_choice":"Fight","damage_taken":0,"max_hp_gain":0,"max_hp_loss":0,"event_name":"Mysterious Sphere","floor":39,"gold_loss":0},{"damage_healed":0,"gold_gain":0,"cards_transformed":["Fission"],"player_choice":"Transformed","damage_taken":0,"max_hp_gain":0,"max_hp_loss":0,"event_name":"Transmorgrifier","floor":40,"gold_loss":0,"cards_obtained":["Evolve"]},{"damage_healed":0,"gold_gain":0,"player_choice":"Fight","damage_taken":0,"max_hp_gain":0,"max_hp_loss":0,"event_name":"MindBloom","floor":45,"gold_loss":0}],"is_beta":false,"boss_relics":[{"not_picked":["Sozu","Coffee Dripper"],"picked":"Philosopher\u0027s Stone"},{"not_picked":["Busted Crown","Runic Dome"],"picked":"Black Blood"}],"items_purged_floors":[],"is_endless":false,"potions_floor_spawned":[6,7,18,19,31,33,39,41,46,47],"killed_by":"Donu and Deca","ascension_level":0}