{"gold_per_floor":[115,115,125,143,161,161,193,193,193,193,211,211,224,242,242,337,387,399,419,344,344,344,344,356,384,384,174,206,226,239,239,239,337,337,352,352,173,193,211,244,244,263,263,263,263,263,275,287,287,287],"floor_reached":51,"playtime":3504,"items_purged":["Strike_B","Strike_B"],"score":995,"play_id":"a49d6c69-2f1c-4c68-917f-e1d43bb1d832","local_time":"20190514184203","is_ascension_mode":true,"campfire_choices":[{"data":"Zap","floor":6,"key":"SMITH"},{"data":"Coolheaded","floor":8,"key":"SMITH"},{"data":"Dualcast","floor":10,"key":"SMITH"},{"data":"Defragment","floor":15,"key":"SMITH"},{"data":"Self Repair","floor":23,"key":"SMITH"},{"data":"Echo Form","floor":32,"key":"SMITH"},{"data":"Capacitor","floor":41,"key":"SMITH"},{"data":"Blizzard","floor":44,"key":"SMITH"},{"data":"Glacier","floor":46,"key":"SMITH"},{"data":"Glacier","floor":49,"key":"SMITH"}],"neow_cost":"NONE","seed_source_timestamp":1122792666593456,"circlet_count":0,"master_deck":["Zap+1","Dualcast+1","Coolheaded+1","Glacier+1","Glacier+1","Ball Lightning","Leap","Core Surge","Defragment+1","Hyperbeam","Self Repair+1","Double Energy+1","Blizzard+1","Chill","Capacitor+1","BootSequence+1","Echo Form+1","Cold Snap+1","Capacitor+1","Electrodynamics+1","Beam Cell","Tempest+1","Chill+1","Hello World+1","Sweeping Beam","Coolheaded+1","Secret Technique+1","Master of Strategy+1","Steam Power+1","White Noise+1","Hello World+1","Capacitor+1","Barrage+1"],"relics":["Cracked Core","NeowsBlessing","CultistMask","Calipers","Bottled Lightning","Tiny House","MutagenicStrength","Blue Candle","Toxic Egg 2","Boot","Frozen Egg 2","Pandora\u0027s Box","Thread and Needle","Art of War"],"potions_floor_usage":[24,25,30,50,50,50],"damage_taken":[{"damage":0,"enemies":"Small Slimes","floor":1,"turns":1},{"damage":0,"enemies":"Cultist","floor":3,"turns":1},{"damage":0,"enemies":"Jaw Worm","floor":4,"turns":1},{"damage":13,"enemies":"Gremlin Gang","floor":5,"turns":8},{"damage":3,"enemies":"3 Sentries","floor":7,"turns":8},{"damage":2,"enemies":"3 Louse","floor":11,"turns":4},{"damage":1,"enemies":"2 Fungi Beasts","floor":13,"turns":4},{"damage":7,"enemies":"Exordium Thugs","floor":14,"turns":4},{"damage":0,"enemies":"The Guardian","floor":16,"turns":13},{"damage":20,"enemies":"3 Byrds","floor":18,"turns":6},{"damage":16,"enemies":"2 Thieves","floor":19,"turns":3},{"damage":0,"enemies":"Centurion and Healer","floor":24,"turns":8},{"damage":36,"enemies":"Slavers","floor":25,"turns":9},{"damage":0,"enemies":"Gremlin Leader","floor":28,"turns":9},{"damage":16,"enemies":"Sentry and Sphere","floor":29,"turns":7},{"damage":7,"enemies":"Shelled Parasite and Fungi","floor":30,"turns":7},{"damage":11,"enemies":"Champ","floor":33,"turns":13},{"damage":10,"enemies":"Orb Walker","floor":35,"turns":4},{"damage":0,"enemies":"3 Darklings","floor":38,"turns":2},{"damage":0,"enemies":"Maw","floor":39,"turns":8},{"damage":21,"enemies":"Giant Head","floor":40,"turns":11},{"damage":25,"enemies":"Spire Growth","floor":42,"turns":7},{"damage":0,"enemies":"4 Shapes","floor":47,"turns":4},{"damage":10,"enemies":"Jaw Worm Horde","floor":48,"turns":4},{"damage":11,"enemies":"Time Eater","floor":50,"turns":9}],"seed_played":"189997996829928800","potions_obtained":[{"floor":5,"key":"Fire Potion"},{"floor":11,"key":"Regen Potion"},{"floor":14,"key":"SkillPotion"},{"floor":29,"key":"Poison Potion"},{"floor":30,"key":"Explosive Potion"},{"floor":33,"key":"FocusPotion"}],"is_trial":false,"path_per_floor":["M","?","M","M","M","R","E","R","T","R","M","?","M","M","R","B",null,"M","M","$","?","?","R","M","E","T","$","E","M","M","T","R","B",null,"M","?","$","M","M","E","R","M","T","R","?","R","M","M","R","B",null],"character_chosen":"DEFECT","items_purchased":["Capacitor","BootSequence+1","Master of Strategy+1"],"campfire_rested":0,"item_purchase_floors":[27,27,37],"current_hp_per_floor":[68,68,68,68,55,55,52,52,52,52,50,50,49,42,42,42,72,59,43,43,43,43,43,53,42,42,42,52,46,49,49,49,58,75,75,75,75,75,75,64,64,59,59,59,59,59,69,69,69,58],"gold":287,"neow_bonus":"THREE_ENEMY_KILL","is_prod":false,"is_daily":false,"chose_seed":false,"campfire_upgraded":10,"win_rate":0,"timestamp":1557873723,"path_taken":["M","?","?","M","M","R","E","R","T","R","M","?","?","M","R","BOSS","M","M","$","?","?","R","?","E","T","$","E","M","M","?","R","BOSS","M","?","$","M","M","E","R","M","T","R","?","R","M","M","R","BOSS"],"build_version":"2019-01-23","purchased_purges":2,"victory":true,"max_hp_per_floor":[75,75,75,75,75,75,75,75,75,75,75,75,75,75,75,75,80,80,80,80,80,80,80,80,80,80,80,80,80,80,80,80,80,80,80,80,80,80,80,80,80,80,80,80,80,80,80,80,80,80],"card_choices":[{"not_picked":["Stack","Barrage"],"picked":"Coolheaded","floor":1},{"not_picked":["Coolheaded","Force Field"],"picked":"Glacier","floor":3},{"not_picked":["Compile Driver","Redo"],"picked":"Glacier","floor":4},{"not_picked":["Tempest","Steam Power"],"picked":"Ball Lightning","floor":5},{"not_picked":["Rebound","Streamline"],"picked":"Leap","floor":7},{"not_picked":["Sweeping Beam","Undo","Reprogram"],"picked":"SKIP","floor":11},{"not_picked":["Storm","Recycle"],"picked":"Core Surge","floor":13},{"not_picked":["Sweeping Beam","Rebound"],"picked":"Defragment","floor":14},{"not_picked":["Rainbow","Amplify"],"picked":"Hyperbeam","floor":16},{"not_picked":["Chill","Go for the Eyes"],"picked":"Self Repair","floor":17},{"not_picked":["Reprogram","Auto Shields+1","Sweeping Beam"],"picked":"SKIP","floor":18},{"not_picked":["Static Discharge","Doom and Gloom"],"picked":"Double Energy","floor":19},{"not_picked":["Turbo+1","Hologram"],"picked":"Blizzard","floor":24},{"not_picked":["Go for the Eyes+1","Rebound+1"],"picked":"Chill","floor":25},{"not_picked":["Static Discharge","Turbo+1"],"picked":"Echo Form","floor":28},{"not_picked":["Genetic Algorithm+1","Reprogram+1"],"picked":"Cold Snap+1","floor":29},{"not_picked":["Force Field+1","Recycle+1"],"picked":"Capacitor+1","floor":30},{"not_picked":["Machine Learning+1","Multi-Cast+1"],"picked":"Electrodynamics+1","floor":33},{"not_picked":["Leap+1","Scrape"],"picked":"Coolheaded+1","floor":35},{"not_picked":["Blind+1","Chrysalis+1"],"picked":"Secret Technique+1","floor":36},{"not_picked":["Genetic Algorithm+1","Beam Cell"],"picked":"Steam Power+1","floor":38},{"not_picked":["Rebound+1","Redo+1"],"picked":"White Noise+1","floor":39},{"not_picked":["Gash+1","Steam+1","Doom and Gloom+1"],"picked":"SKIP","floor":40},{"not_picked":["Steam+1","Genetic Algorithm+1"],"picked":"Hello World+1","floor":42},{"not_picked":["Turbo+1","Genetic Algorithm+1"],"picked":"Capacitor+1","floor":47},{"not_picked":["Rebound","Stack+1"],"picked":"Barrage+1","floor":48}],"player_experience":551209,"relics_obtained":[{"floor":7,"key":"Calipers"},{"floor":9,"key":"Bottled Lightning"},{"floor":25,"key":"Blue Candle"},{"floor":26,"key":"Toxic Egg 2"},{"floor":28,"key":"Boot"},{"floor":31,"key":"Frozen Egg 2"},{"floor":40,"key":"Thread and Needle"},{"floor":43,"key":"Art of War"}],"event_choices":[{"damage_healed":0,"gold_gain":0,"player_choice":"Trade","damage_taken":0,"relics_obtained":["CultistMask"],"max_hp_gain":0,"max_hp_loss":0,"event_name":"FaceTrader","floor":2,"gold_loss":0},{"cards_removed":["Strike_B"],"damage_healed":0,"gold_gain":0,"player_choice":"Offered Basic","damage_taken":0,"max_hp_gain":0,"max_hp_loss":0,"event_name":"Bonfire Elementals","floor":12,"gold_loss":0},{"damage_healed":0,"gold_gain":0,"player_choice":"Inject Mutagens","damage_taken":0,"relics_obtained":["MutagenicStrength"],"max_hp_gain":0,"max_hp_loss":0,"event_name":"Drug Dealer","floor":21,"gold_loss":0},{"damage_healed":0,"gold_gain":0,"player_choice":"Upgraded","damage_taken":0,"max_hp_gain":0,"max_hp_loss":0,"event_name":"Upgrade Shrine","floor":22,"gold_loss":0,"cards_upgraded":["Double Energy"]},{"damage_healed":0,"gold_gain":0,"player_choice":"Memory 1","damage_taken":0,"max_hp_gain":0,"max_hp_loss":0,"event_name":"SensoryStone","floor":36,"gold_loss":0},{"damage_healed":0,"gold_gain":0,"player_choice":"Ignored","damage_taken":0,"max_hp_gain":0,"max_hp_loss":0,"event_name":"Tomb of Lord Red Mask","floor":45,"gold_loss":0}],"is_beta":false,"boss_relics":[{"not_picked":["Lizard Tail","Velvet Choker"],"picked":"Tiny House"},{"not_picked":["Orrery","Coffee Dripper"],"picked":"Pandora\u0027s Box"}],"items_purged_floors":[20,27],"is_endless":false,"potions_floor_spawned":[5,11,14,16,19,29,30,33,35,38,39,42],"ascension_level":6}