{"gold_per_floor":[115,115,115,128,141,170,170,170,170,204,217,217,227,33,33,128,128,99,99,112,58,73,73,73,73,73,106,106,133,161,176,176,274,274,292,292,111,130,130,130,130],"floor_reached":41,"playtime":2252,"items_purged":[],"score":659,"play_id":"cfce2200-3408-40e9-a6b2-852273ea5b5a","local_time":"20190321025401","is_ascension_mode":true,"campfire_choices":[{"floor":7,"key":"REST"},{"floor":12,"key":"REST"},{"data":"Cloak And Dagger","floor":15,"key":"SMITH"},{"floor":23,"key":"REST"},{"floor":25,"key":"REST"},{"data":"A Thousand Cuts","floor":28,"key":"SMITH"},{"floor":32,"key":"REST"},{"floor":40,"key":"REST"}],"neow_cost":"NONE","seed_source_timestamp":638571942662922,"circlet_count":0,"master_deck":["Defend_G+1","Defend_G+1","Defend_G+1","Defend_G+1","Defend_G+1","Strike_G+1","Strike_G+1","Strike_G+1","Strike_G+1","Survivor","Neutralize+1","Quick Slash","Cloak And Dagger+1","Footwork","Blur","PiercingWail","Glass Knife","Dash","Decay","Deflect","Caltrops","Deadly Poison+1","A Thousand Cuts+1","Noxious Fumes","Finisher","Infinite Blades+1","Wraith Form v2","Predator+1","Apotheosis","Cloak And Dagger+1"],"relics":["Ring of the Serpent","Gremlin Horn","Mango","Lantern","The Courier","Letter Opener","Mercury Hourglass","Kunai","Red Mask","Question Card"],"potions_floor_usage":[6,10,10,16,16,18,30,41],"damage_taken":[{"damage":8,"enemies":"Jaw Worm","floor":1,"turns":11},{"damage":2,"enemies":"2 Louse","floor":4,"turns":3},{"damage":0,"enemies":"Cultist","floor":5,"turns":4},{"damage":39,"enemies":"Lagavulin","floor":6,"turns":11},{"damage":5,"enemies":"Gremlin Nob","floor":10,"turns":5},{"damage":3,"enemies":"Looter","floor":11,"turns":4},{"damage":0,"enemies":"Lots of Slimes","floor":13,"turns":4},{"damage":44,"enemies":"Slime Boss","floor":16,"turns":17},{"damage":15,"enemies":"2 Thieves","floor":18,"turns":5},{"damage":7,"enemies":"Shell Parasite","floor":20,"turns":10},{"damage":33,"enemies":"Snecko","floor":22,"turns":9},{"damage":13,"enemies":"Slavers","floor":27,"turns":7},{"damage":33,"enemies":"Masked Bandits","floor":29,"turns":4},{"damage":11,"enemies":"Book of Stabbing","floor":30,"turns":6},{"damage":2,"enemies":"Cultist and Chosen","floor":31,"turns":4},{"damage":43,"enemies":"Champ","floor":33,"turns":14},{"damage":18,"enemies":"3 Darklings","floor":35,"turns":5},{"damage":6,"enemies":"Orb Walker","floor":38,"turns":5},{"damage":93,"enemies":"Nemesis","floor":41,"turns":10}],"seed_played":"7201226995177808242","potions_obtained":[{"floor":5,"key":"GamblersBrew"},{"floor":8,"key":"Strength Potion"},{"floor":8,"key":"Weak Potion"},{"floor":8,"key":"Explosive Potion"},{"floor":13,"key":"EssenceOfSteel"},{"floor":16,"key":"EntropicBrew"},{"floor":18,"key":"GhostInAJar"},{"floor":27,"key":"SteroidPotion"},{"floor":35,"key":"AttackPotion"}],"is_trial":false,"path_per_floor":["M","?","?","M","M","E","R","?","T","E","M","R","M","$","R","B",null,"M","?","M","$","M","R","?","R","T","E","R","?","E","M","R","B",null,"M","?","$","M","?","R","E"],"character_chosen":"THE_SILENT","items_purchased":["Letter Opener","Caltrops","Apotheosis","Strength Potion"],"campfire_rested":6,"item_purchase_floors":[14,21,37,37],"current_hp_per_floor":[62,47,47,45,45,20,47,47,47,42,39,66,66,66,66,22,74,59,59,52,52,19,46,46,73,73,60,60,27,16,14,41,9,71,53,53,53,47,47,74,0],"gold":130,"neow_bonus":"TEN_PERCENT_HP_BONUS","is_prod":false,"is_daily":false,"chose_seed":false,"campfire_upgraded":2,"win_rate":0,"timestamp":1553151241,"path_taken":["M","?","?","?","M","E","R","?","T","E","?","R","M","$","R","BOSS","M","?","M","$","M","R","?","R","T","E","R","?","E","?","R","BOSS","M","?","$","?","?","R","E"],"build_version":"2019-01-23","purchased_purges":0,"victory":false,"max_hp_per_floor":[77,77,77,77,77,91,91,91,91,91,91,91,91,91,91,91,91,91,91,91,91,91,91,91,91,91,91,91,91,91,91,91,91,91,91,91,91,91,91,91,91],"card_choices":[{"not_picked":["Dodge and Roll","Setup"],"picked":"Quick Slash","floor":1},{"not_picked":["Outmaneuver","Quick Slash"],"picked":"Cloak And Dagger","floor":4},{"not_picked":["Calculated Gamble","Flying Knee"],"picked":"Footwork","floor":5},{"not_picked":["Doppelganger","Cloak And Dagger","Dodge and Roll"],"picked":"SKIP","floor":6},{"not_picked":["Acrobatics","Slice","Dagger Throw"],"picked":"SKIP","floor":10},{"not_picked":["Storm of Steel","Underhanded Strike"],"picked":"Blur","floor":11},{"not_picked":["Prepared","Backflip"],"picked":"PiercingWail","floor":13},{"not_picked":["Tools of the Trade","Die Die Die"],"picked":"Glass Knife","floor":16},{"not_picked":["Flechettes","PiercingWail"],"picked":"Dash","floor":18},{"not_picked":["Slice","Skewer"],"picked":"Deflect","floor":20},{"not_picked":["PiercingWail","Dodge and Roll"],"picked":"Deadly Poison+1","floor":22},{"not_picked":["Masterful Stab+1","Deflect"],"picked":"A Thousand Cuts","floor":27},{"not_picked":["Poisoned Stab+1","Underhanded Strike"],"picked":"Noxious Fumes","floor":29},{"not_picked":["Quick Slash+1","Deadly Poison"],"picked":"Finisher","floor":30},{"not_picked":["PiercingWail+1","Prepared","Catalyst"],"picked":"Infinite Blades+1","floor":31},{"not_picked":["Bullet Time","Burst","Die Die Die"],"picked":"Wraith Form v2","floor":33},{"not_picked":["Riddle With Holes+1","Sucker Punch+1","Masterful Stab"],"picked":"Predator+1","floor":35},{"not_picked":["Dagger Spray+1","Bane","Backflip"],"picked":"Cloak And Dagger+1","floor":38}],"player_experience":205543,"relics_obtained":[{"floor":3,"key":"Gremlin Horn"},{"floor":6,"key":"Mango"},{"floor":9,"key":"Lantern"},{"floor":10,"key":"The Courier"},{"floor":26,"key":"Mercury Hourglass"},{"floor":27,"key":"Kunai"},{"floor":29,"key":"Red Mask"},{"floor":30,"key":"Question Card"}],"event_choices":[{"damage_healed":0,"gold_gain":0,"player_choice":"Entered Light","damage_taken":15,"max_hp_gain":0,"max_hp_loss":0,"event_name":"Shining Light","floor":2,"gold_loss":0,"cards_upgraded":["Defend_G","Neutralize"]},{"damage_healed":0,"gold_gain":0,"player_choice":"Relic","damage_taken":0,"max_hp_gain":0,"max_hp_loss":0,"event_name":"Wheel of Change","floor":3,"gold_loss":0},{"damage_healed":0,"gold_gain":0,"player_choice":"Got Potions","damage_taken":0,"max_hp_gain":0,"max_hp_loss":0,"event_name":"Lab","floor":8,"gold_loss":0},{"damage_healed":0,"gold_gain":0,"player_choice":"Smashed Altar","damage_taken":0,"max_hp_gain":0,"max_hp_loss":0,"event_name":"Forgotten Altar","floor":19,"gold_loss":0,"cards_obtained":["Decay"]},{"damage_healed":0,"gold_gain":0,"player_choice":"Simplicity","damage_taken":0,"max_hp_gain":0,"max_hp_loss":0,"event_name":"Back to Basics","floor":24,"gold_loss":0,"cards_upgraded":["Defend_G","Defend_G","Defend_G","Defend_G","Strike_G","Strike_G","Strike_G","Strike_G","Strike_G"]},{"damage_healed":0,"gold_gain":0,"player_choice":"Fought Bandits","damage_taken":0,"max_hp_gain":0,"max_hp_loss":0,"event_name":"Masked Bandits","floor":29,"gold_loss":0},{"damage_healed":0,"gold_gain":0,"player_choice":"Ignored","damage_taken":0,"max_hp_gain":0,"max_hp_loss":0,"event_name":"SecretPortal","floor":36,"gold_loss":0},{"cards_removed":["Strike_G"],"damage_healed":0,"gold_gain":0,"player_choice":"Removed Attack","damage_taken":0,"max_hp_gain":0,"max_hp_loss":0,"event_name":"Falling","floor":39,"gold_loss":0}],"is_beta":false,"boss_relics":[{"not_picked":["HoveringKite","Snecko Eye"],"picked":"Ring of the Serpent"},{"not_picked":["Pandora\u0027s Box","Runic Pyramid","Runic Dome"]}],"items_purged_floors":[],"is_endless":false,"potions_floor_spawned":[5,13,16,18,22,27,35],"killed_by":"Nemesis","ascension_level":9}