{"gold_per_floor":[119,0,0,0,0,32,32,67,67,117,117,145,159,173,173,249,249,264,264,264,264,280,280,311,311,387,387,387,400,416,416,416,490,490,506,406,406,406,425,425,11,29,29,0,0,26,26,37,37,37,37],"floor_reached":51,"playtime":3131,"items_purged":["Strike_G","Strike_G","Strike_G"],"score":1489,"play_id":"99c56274-de7e-4a4a-ba9a-bb27895a0c2f","local_time":"20190328232534","is_ascension_mode":true,"campfire_choices":[{"data":"Neutralize","floor":7,"key":"SMITH"},{"data":"All Out Attack","floor":11,"key":"SMITH"},{"data":"Dagger Spray","floor":15,"key":"SMITH"},{"floor":23,"key":"REST"},{"data":"Envenom","floor":25,"key":"SMITH"},{"floor":27,"key":"REST"},{"data":"Sucker Punch","floor":32,"key":"SMITH"},{"data":"After Image","floor":40,"key":"SMITH"},{"floor":45,"key":"REST"},{"data":"Well Laid Plans","floor":49,"key":"SMITH"}],"neow_cost":"NONE","seed_source_timestamp":763764032879,"circlet_count":0,"master_deck":["AscendersBane","Defend_G","Defend_G","Defend_G+1","Defend_G+1","Defend_G","Survivor","Neutralize+1","Slice","Crippling Poison+1","Backflip","All Out Attack+1","Poisoned Stab","Well Laid Plans+1","Dagger Spray+1","Envenom+1","Deadly Poison","Blur","Dash","Sucker Punch+1","Caltrops","After Image+1","Dodge and Roll+1","After Image+1","Blur+1","Noxious Fumes","Heel Hook","Parasite","Noxious Fumes+1","Crippling Poison+1"],"relics":["Ring of the Serpent","NeowsBlessing","Paper Crane","Sundial","Centennial Puzzle","PreservedInsect","Mercury Hourglass","Velvet Choker","War Paint","Dodecahedron","Blood Vial","Happy Flower","Red Mask","Singing Bowl"],"potions_floor_usage":[16,22,48,50],"damage_taken":[{"damage":0,"enemies":"Jaw Worm","floor":1,"turns":1},{"damage":0,"enemies":"Gremlin Nob","floor":6,"turns":1},{"damage":0,"enemies":"3 Sentries","floor":8,"turns":1},{"damage":18,"enemies":"Lagavulin","floor":12,"turns":6},{"damage":0,"enemies":"Small Slimes","floor":13,"turns":3},{"damage":0,"enemies":"Cultist","floor":14,"turns":2},{"damage":26,"enemies":"Slime Boss","floor":16,"turns":9},{"damage":2,"enemies":"2 Thieves","floor":18,"turns":3},{"damage":9,"enemies":"Spheric Guardian","floor":22,"turns":8},{"damage":21,"enemies":"Slavers","floor":24,"turns":3},{"damage":0,"enemies":"Snake Plant","floor":29,"turns":4},{"damage":1,"enemies":"Cultist and Chosen","floor":30,"turns":6},{"damage":28,"enemies":"Automaton","floor":33,"turns":13},{"damage":23,"enemies":"3 Darklings","floor":35,"turns":4},{"damage":0,"enemies":"Orb Walker","floor":39,"turns":4},{"damage":5,"enemies":"Writhing Mass","floor":42,"turns":7},{"damage":0,"enemies":"Nemesis","floor":46,"turns":7},{"damage":0,"enemies":"3 Darklings","floor":48,"turns":4},{"damage":55,"enemies":"Awakened One","floor":50,"turns":21},{"damage":15,"enemies":"Time Eater","floor":51,"turns":9}],"seed_played":"-4272335044007809866","potions_obtained":[{"floor":6,"key":"PowerPotion"},{"floor":13,"key":"Weak Potion"},{"floor":22,"key":"Explosive Potion"},{"floor":24,"key":"SpeedPotion"},{"floor":35,"key":"PowerPotion"}],"is_trial":false,"path_per_floor":["M","$","?","?","?","E","R","E","T","?","R","E","M","M","R","B",null,"M","?","?","?","M","R","E","R","T","R","?","M","M","?","R","B",null,"M","$","?","?","M","R","$","M","T","?","R","E","?","M","R","B","B"],"character_chosen":"THE_SILENT","items_purchased":["Crippling Poison","Noxious Fumes","Blood Vial","Heel Hook"],"campfire_rested":3,"item_purchase_floors":[2,41,41,41],"current_hp_per_floor":[59,59,48,48,48,48,48,48,48,48,48,30,30,30,30,4,51,49,49,49,31,22,43,22,22,22,43,43,43,42,42,42,14,57,34,34,34,34,34,34,34,31,31,31,51,55,55,59,59,6,0],"gold":37,"neow_bonus":"THREE_ENEMY_KILL","is_prod":false,"is_daily":false,"chose_seed":false,"campfire_upgraded":7,"win_rate":0,"timestamp":1553826334,"path_taken":["M","$","?","?","?","E","R","E","T","?","R","E","M","?","R","BOSS","M","?","?","?","M","R","E","R","T","R","?","M","M","?","R","BOSS","M","$","?","?","M","R","$","?","T","?","R","E","?","M","R","BOSS","BOSS"],"build_version":"2019-01-23","purchased_purges":3,"victory":false,"max_hp_per_floor":[66,66,66,66,66,66,66,66,66,66,66,66,66,66,66,66,66,66,66,66,71,71,71,71,71,71,71,71,71,71,71,71,71,71,71,71,67,67,67,67,67,67,67,67,67,69,69,71,71,71,71],"card_choices":[{"not_picked":["Outmaneuver","Blade Dance"],"picked":"Slice","floor":1},{"not_picked":["Choke","Terror"],"picked":"Backflip","floor":6},{"not_picked":["PiercingWail","Well Laid Plans"],"picked":"All Out Attack","floor":8},{"not_picked":["Reflex","Prepared"],"picked":"Poisoned Stab","floor":12},{"not_picked":["Dodge and Roll","Riddle With Holes"],"picked":"Well Laid Plans","floor":13},{"not_picked":["Underhanded Strike","Prepared"],"picked":"Dagger Spray","floor":14},{"not_picked":["Tools of the Trade","Glass Knife"],"picked":"Envenom","floor":16},{"not_picked":["Accuracy","Acrobatics"],"picked":"Deadly Poison","floor":18},{"not_picked":["Blade Dance","All Out Attack"],"picked":"Dash","floor":22},{"not_picked":["Quick Slash","Concentrate"],"picked":"Sucker Punch","floor":24},{"not_picked":["Poisoned Stab","Slice+1"],"picked":"Dodge and Roll+1","floor":29},{"not_picked":["Bane","Venomology","Deadly Poison"],"picked":"SKIP","floor":30},{"not_picked":["Bane","Venomology","Deadly Poison"],"picked":"SKIP","floor":30},{"not_picked":["A Thousand Cuts","Phantasmal Killer"],"picked":"After Image","floor":33},{"not_picked":["Dash","Escape Plan+1"],"picked":"Blur+1","floor":35},{"not_picked":["Riddle With Holes","Sucker Punch","Outmaneuver+1"],"picked":"SKIP","floor":39},{"not_picked":["Outmaneuver","Flying Knee"],"picked":"Noxious Fumes+1","floor":42},{"not_picked":["Infinite Blades+1","Bane","Escape Plan+1"],"picked":"Singing Bowl","floor":46},{"not_picked":["Blade Dance","Outmaneuver","Heel Hook"],"picked":"Singing Bowl","floor":48}],"player_experience":994506,"relics_obtained":[{"floor":6,"key":"Sundial"},{"floor":8,"key":"Centennial Puzzle"},{"floor":9,"key":"PreservedInsect"},{"floor":12,"key":"Mercury Hourglass"},{"floor":24,"key":"War Paint"},{"floor":26,"key":"Dodecahedron"},{"floor":43,"key":"Happy Flower"},{"floor":46,"key":"Singing Bowl"}],"event_choices":[{"damage_healed":0,"gold_gain":0,"player_choice":"Success","damage_taken":11,"relics_obtained":["Paper Crane"],"max_hp_gain":0,"max_hp_loss":0,"event_name":"Scrap Ooze","floor":3,"gold_loss":0},{"damage_healed":0,"gold_gain":0,"player_choice":"Grow","damage_taken":0,"max_hp_gain":0,"max_hp_loss":0,"event_name":"Living Wall","floor":4,"gold_loss":0,"cards_upgraded":["Crippling Poison"]},{"damage_healed":0,"gold_gain":0,"player_choice":"Leave","damage_taken":0,"max_hp_gain":0,"max_hp_loss":0,"event_name":"The Cleric","floor":5,"gold_loss":0},{"damage_healed":0,"gold_gain":50,"player_choice":"Pray","damage_taken":0,"max_hp_gain":0,"max_hp_loss":0,"event_name":"Golden Shrine","floor":10,"gold_loss":0},{"damage_healed":0,"gold_gain":0,"player_choice":"Read","damage_taken":0,"max_hp_gain":0,"max_hp_loss":0,"event_name":"The Library","floor":19,"gold_loss":0,"cards_obtained":["Blur"]},{"damage_healed":0,"gold_gain":0,"player_choice":"Ignored","damage_taken":0,"max_hp_gain":0,"max_hp_loss":0,"event_name":"Ghosts","floor":20,"gold_loss":0},{"damage_healed":0,"gold_gain":0,"player_choice":"Shed Blood","damage_taken":23,"max_hp_gain":5,"max_hp_loss":0,"event_name":"Forgotten Altar","floor":21,"gold_loss":0},{"damage_healed":0,"gold_gain":0,"cards_transformed":["Strike_G","Strike_G"],"player_choice":"Became Test Subject","damage_taken":0,"max_hp_gain":0,"max_hp_loss":0,"event_name":"Drug Dealer","floor":28,"gold_loss":0,"cards_obtained":["Caltrops","After Image"]},{"damage_healed":0,"gold_gain":0,"player_choice":"Ignored","damage_taken":0,"max_hp_gain":0,"max_hp_loss":0,"event_name":"Vampires","floor":31,"gold_loss":0},{"damage_healed":0,"gold_gain":0,"player_choice":"Max HP","damage_taken":0,"max_hp_gain":0,"max_hp_loss":4,"event_name":"Winding Halls","floor":37,"gold_loss":0},{"damage_healed":0,"gold_gain":0,"player_choice":"Upgraded","damage_taken":0,"max_hp_gain":0,"max_hp_loss":0,"event_name":"Upgrade Shrine","floor":38,"gold_loss":0,"cards_upgraded":["After Image"]},{"damage_healed":0,"gold_gain":0,"player_choice":"Paid","damage_taken":0,"relics_obtained":["Red Mask"],"max_hp_gain":0,"max_hp_loss":0,"event_name":"Tomb of Lord Red Mask","floor":44,"gold_loss":29},{"damage_healed":0,"gold_gain":0,"player_choice":"Copied","damage_taken":0,"max_hp_gain":0,"max_hp_loss":0,"event_name":"Duplicator","floor":47,"gold_loss":0,"cards_obtained":["Crippling Poison"]}],"is_beta":false,"boss_relics":[{"not_picked":["Snecko Eye","Eternal Feather"],"picked":"Velvet Choker"},{"not_picked":["WristBlade","HoveringKite"],"picked":"Ring of the Serpent"}],"items_purged_floors":[2,36,41],"is_endless":false,"potions_floor_spawned":[6,13,14,22,24,29,35,46],"killed_by":"Time Eater","ascension_level":20}