{"gold_per_floor":[99,99,99,99,120,164,178,199,226,245,294,294,61,84,84,209,209,230,138,138,67,81,111,130,130,130,145,145],"floor_reached":28,"playtime":1062,"items_purged":[],"score":277,"play_id":"73c64148-4b98-4fa9-95dd-7d6660926372","local_time":"20180918190525","is_ascension_mode":true,"campfire_choices":[{"floor":12,"key":"REST"},{"floor":15,"key":"REST"}],"neow_cost":"PERCENT_DAMAGE","seed_source_timestamp":364091176464323,"circlet_count":0,"master_deck":["Strike_B","Strike_B","Strike_B","Strike_B","Defend_B","Defend_B","Defend_B","Defend_B","Zap","Dualcast","All For One","Beam Cell","Regret","Injury","Go for the Eyes","Go for the Eyes","Beam Cell","Ball Lightning","Go for the Eyes","Darkness","Coolheaded","Rainbow","Chaos","Doom and Gloom","Hologram","Go for the Eyes","Steam","Barrage","Stack","Chaos+1"],"relics":["Cracked Core","Happy Flower","Bloody Idol","Oddly Smooth Stone","Anchor","Omamori","TheAbacus","Busted Crown","Peace Pipe","Toxic Egg 2","The Courier"],"potions_floor_usage":[8,22,27,28],"damage_taken":[{"damage":0,"enemies":"Cultist","floor":1,"turns":3},{"damage":11,"enemies":"Jaw Worm","floor":5,"turns":2},{"damage":29,"enemies":"Gremlin Nob","floor":6,"turns":5},{"damage":1,"enemies":"Small Slimes","floor":7,"turns":3},{"damage":7,"enemies":"3 Louse","floor":8,"turns":3},{"damage":0,"enemies":"2 Fungi Beasts","floor":10,"turns":3},{"damage":24,"enemies":"Gremlin Gang","floor":14,"turns":4},{"damage":9,"enemies":"Slime Boss","floor":16,"turns":7},{"damage":10,"enemies":"3 Byrds","floor":18,"turns":4},{"damage":0,"enemies":"Spheric Guardian","floor":22,"turns":2},{"damage":21,"enemies":"Book of Stabbing","floor":23,"turns":7},{"damage":23,"enemies":"Centurion and Healer","floor":24,"turns":5},{"damage":8,"enemies":"Snake Plant","floor":27,"turns":4},{"damage":48,"enemies":"Gremlin Leader","floor":28,"turns":9}],"seed_played":"1696500085955771956","potions_obtained":[{"floor":7,"key":"Fire Potion"},{"floor":14,"key":"FairyPotion"},{"floor":16,"key":"Ancient Potion"},{"floor":27,"key":"Energy Potion"}],"is_trial":false,"path_per_floor":["M","?","?","?","M","E","M","M","T","M","T","R","$","M","R","B",null,"M","$","?","$","M","E","M","?","T","M"],"character_chosen":"DEFECT","items_purchased":["Darkness","TheAbacus","Doom and Gloom","AttackPotion","Hologram","Go for the Eyes"],"campfire_rested":2,"item_purchase_floors":[13,13,19,19,21,21],"current_hp_per_floor":[54,54,54,54,43,14,13,6,6,6,6,28,28,4,26,17,75,65,65,65,65,70,54,36,36,36,33,0],"gold":145,"neow_bonus":"THREE_RARE_CARDS","is_prod":false,"is_daily":false,"chose_seed":false,"campfire_upgraded":0,"win_rate":0,"timestamp":1537311925,"path_taken":["M","?","?","?","M","E","?","M","T","?","?","R","?","M","R","BOSS","M","$","?","$","M","E","M","?","T","?","E"],"build_version":"2018-09-06","purchased_purges":0,"victory":false,"max_hp_per_floor":[75,75,75,75,75,75,75,75,75,75,75,75,75,75,75,75,75,75,75,75,75,75,75,75,75,75,75,75],"card_choices":[{"not_picked":["Thunder Strike","Multi-Cast"],"picked":"All For One","floor":0},{"not_picked":["Sweeping Beam","Coolheaded"],"picked":"Beam Cell","floor":1},{"not_picked":["Turbo","Hologram"],"picked":"Go for the Eyes","floor":5},{"not_picked":["Echo Form","Hologram"],"picked":"Go for the Eyes","floor":6},{"not_picked":["Steam","Barrage"],"picked":"Beam Cell","floor":7},{"not_picked":["Cold Snap","Steam"],"picked":"Ball Lightning","floor":8},{"not_picked":["Rebound","Ball Lightning"],"picked":"Go for the Eyes","floor":10},{"not_picked":["Force Field","Compile Driver"],"picked":"Coolheaded","floor":14},{"not_picked":["Buffer","Core Surge"],"picked":"Rainbow","floor":16},{"not_picked":[],"picked":"Chaos","floor":18},{"not_picked":[],"picked":"Steam","floor":22},{"not_picked":[],"picked":"Barrage","floor":23},{"not_picked":[],"picked":"Stack","floor":24},{"not_picked":[],"picked":"Chaos+1","floor":27}],"player_experience":134821,"relics_obtained":[{"floor":6,"key":"Oddly Smooth Stone"},{"floor":9,"key":"Anchor"},{"floor":11,"key":"Omamori"},{"floor":23,"key":"Peace Pipe"},{"floor":26,"key":"The Courier"}],"event_choices":[{"event_name":"Purifier","player_choice":"Skipped","floor":2,"damage_taken":0},{"event_name":"Big Fish","player_choice":"Box","floor":3,"damage_taken":0},{"event_name":"Golden Idol","player_choice":"Take Wound","floor":4,"damage_taken":0},{"event_name":"Forgotten Altar","player_choice":"Gave Idol","floor":20,"damage_taken":0},{"event_name":"The Mausoleum","player_choice":"Yes","floor":25,"damage_taken":0}],"is_beta":false,"boss_relics":[{"not_picked":["Cursed Key","Velvet Choker"],"picked":"Busted Crown"}],"items_purged_floors":[],"is_endless":false,"potions_floor_spawned":[7,14,16,27],"killed_by":"Gremlin Leader","ascension_level":1}