{"gold_per_floor":[116,191,191,204,204,204,237,237,237,237,248,281,206,238,238,238],"floor_reached":16,"playtime":650,"items_purged":[],"score":254,"play_id":"d0b20f40-074a-43ac-84a3-d6026ce704f3","local_time":"20190616121704","is_ascension_mode":true,"campfire_choices":[{"data":"Backflip","floor":6,"key":"SMITH"},{"data":"Crippling Poison","floor":10,"key":"SMITH"},{"floor":15,"key":"REST"}],"neow_cost":"NONE","seed_source_timestamp":325673384299573,"circlet_count":0,"master_deck":["AscendersBane","Defend_G","Defend_G","Defend_G","Defend_G","Strike_G","Strike_G","Strike_G","Strike_G","Strike_G","Survivor","Neutralize+1","Dodge and Roll","Backflip+1","Crippling Poison+1","Dodge and Roll","Adrenaline","Poisoned Stab"],"relics":["Ring of the Snake","NeowsBlessing","Sundial","Letter Opener","Dream Catcher","Torii"],"potions_floor_usage":[12,14],"damage_taken":[{"damage":0,"enemies":"Jaw Worm","floor":1,"turns":1},{"damage":0,"enemies":"Small Slimes","floor":4,"turns":1},{"damage":0,"enemies":"3 Sentries","floor":7,"turns":1},{"damage":0,"enemies":"Cultist","floor":11,"turns":4},{"damage":41,"enemies":"Lagavulin","floor":12,"turns":10},{"damage":20,"enemies":"3 Sentries","floor":14,"turns":16},{"damage":39,"enemies":"Hexaghost","floor":16,"turns":14}],"seed_played":"-5124183267279622772","potions_obtained":[{"floor":11,"key":"Regen Potion"},{"floor":12,"key":"GhostInAJar"}],"is_trial":false,"path_per_floor":["M","?","?","M","?","R","E","?","T","R","M","E","?","E","R","B"],"character_chosen":"THE_SILENT","items_purchased":[],"campfire_rested":1,"item_purchase_floors":[],"current_hp_per_floor":[59,48,48,48,66,66,66,66,66,66,66,40,40,20,39,0],"gold":238,"neow_bonus":"THREE_ENEMY_KILL","is_prod":false,"is_daily":false,"chose_seed":false,"campfire_upgraded":2,"win_rate":0,"timestamp":1560658624,"path_taken":["M","?","?","?","?","R","E","?","T","R","M","E","?","E","R","BOSS"],"build_version":"2019-01-23","purchased_purges":0,"victory":false,"max_hp_per_floor":[66,66,66,66,66,66,66,66,66,66,66,66,66,66,66,66],"card_choices":[{"not_picked":["Outmaneuver","Bane"],"picked":"Dodge and Roll","floor":1},{"not_picked":["Prepared","Flying Knee"],"picked":"Backflip","floor":4},{"not_picked":["PiercingWail","Underhanded Strike"],"picked":"Crippling Poison","floor":7},{"not_picked":["Flying Knee","Deflect","Prepared"],"picked":"SKIP","floor":11},{"not_picked":["Riddle With Holes","Accuracy"],"picked":"Dodge and Roll","floor":12},{"not_picked":["Underhanded Strike","Glass Knife"],"picked":"Adrenaline","floor":14},{"not_picked":["Deflect","Flying Knee"],"picked":"Poisoned Stab","floor":15}],"player_experience":877741,"relics_obtained":[{"floor":7,"key":"Sundial"},{"floor":9,"key":"Letter Opener"},{"floor":12,"key":"Dream Catcher"},{"floor":14,"key":"Torii"}],"event_choices":[{"damage_healed":0,"gold_gain":75,"player_choice":"Gather Gold","damage_taken":11,"max_hp_gain":0,"max_hp_loss":0,"event_name":"World of Goop","floor":2,"gold_loss":0},{"damage_healed":0,"gold_gain":0,"player_choice":"Forge","damage_taken":0,"max_hp_gain":0,"max_hp_loss":0,"event_name":"Accursed Blacksmith","floor":3,"gold_loss":0,"cards_upgraded":["Neutralize"]},{"damage_healed":22,"gold_gain":0,"player_choice":"Banana","damage_taken":0,"max_hp_gain":0,"max_hp_loss":0,"event_name":"Big Fish","floor":5,"gold_loss":0},{"damage_healed":0,"gold_gain":0,"player_choice":"Ignored","damage_taken":0,"max_hp_gain":0,"max_hp_loss":0,"event_name":"Liars Game","floor":8,"gold_loss":0},{"cards_removed":["Defend_G"],"damage_healed":0,"gold_gain":0,"player_choice":"Card Removal","damage_taken":0,"max_hp_gain":0,"max_hp_loss":0,"event_name":"The Cleric","floor":13,"gold_loss":75}],"is_beta":false,"boss_relics":[],"items_purged_floors":[],"is_endless":false,"potions_floor_spawned":[11,12],"killed_by":"Hexaghost","ascension_level":16}