{"gold_per_floor":[116,15,26,26,39,66,83,95,95,108,123,148,166,180,180,281,281,291,291,306,318,417,16,16,16,16,16,34,34,34,34,34,131,131,143,143,143,243,257,290,304,22,22,22,38,50,0,17,17,17],"floor_reached":51,"playtime":3689,"items_purged":["Strike_B+1","Strike_B+1"],"score":718,"play_id":"fd4f3bfa-82bf-4926-b777-93db5e3a3f1e","local_time":"20190623113539","is_ascension_mode":false,"campfire_choices":[{"floor":15,"key":"REST"},{"data":"Capacitor","floor":24,"key":"SMITH"},{"data":"Consume","floor":27,"key":"SMITH"},{"data":"Loop","floor":29,"key":"SMITH"},{"data":"Defragment","floor":30,"key":"SMITH"},{"data":"Defragment","floor":32,"key":"SMITH"},{"data":"Static Discharge","floor":44,"key":"SMITH"},{"floor":49,"key":"REST"}],"neow_cost":"NONE","seed_source_timestamp":224980382464299,"circlet_count":0,"master_deck":["Defend_B+1","Defend_B+1","Defend_B+1","Defend_B+1","Zap","Dualcast","Genetic Algorithm","Defragment+1","Coolheaded","Conserve Battery","Capacitor+1","Consume+1","Ball Lightning+1","Leap","Barrage+1","Cold Snap+1","Go for the Eyes+1","Loop+1","Barrage+1","Compile Driver+1","Thunder Strike+1","Static Discharge+1","Ball Lightning+1","Multi-Cast","Defragment+1","Electrodynamics","Ball Lightning+1","Coolheaded+1","Stack+1","Self Repair","Leap+1"],"relics":["Cracked Core","Molten Egg 2","Pear","Bag of Preparation","Snecko Eye","Lee\u0027s Waffle","WingedGreaves","Busted Crown","Nunchaku","Gambling Chip","Membership Card","Meat on the Bone"],"potions_floor_usage":[6,6,8,8,12,13,13,21,33,33,40,46,48,50],"damage_taken":[{"damage":6,"enemies":"Jaw Worm","floor":1,"turns":4},{"damage":0,"enemies":"Cultist","floor":3,"turns":3},{"damage":0,"enemies":"Small Slimes","floor":5,"turns":4},{"damage":10,"enemies":"3 Sentries","floor":6,"turns":8},{"damage":6,"enemies":"Gremlin Gang","floor":7,"turns":5},{"damage":14,"enemies":"Exordium Thugs","floor":8,"turns":5},{"damage":1,"enemies":"3 Louse","floor":10,"turns":4},{"damage":1,"enemies":"Looter","floor":11,"turns":3},{"damage":16,"enemies":"Gremlin Nob","floor":12,"turns":5},{"damage":18,"enemies":"Exordium Wildlife","floor":13,"turns":4},{"damage":4,"enemies":"2 Fungi Beasts","floor":14,"turns":3},{"damage":0,"enemies":"Slime Boss","floor":16,"turns":10},{"damage":13,"enemies":"2 Thieves","floor":18,"turns":3},{"damage":0,"enemies":"Spheric Guardian","floor":20,"turns":4},{"damage":11,"enemies":"Centurion and Healer","floor":21,"turns":5},{"damage":0,"enemies":"Snecko","floor":28,"turns":3},{"damage":46,"enemies":"Collector","floor":33,"turns":8},{"damage":0,"enemies":"3 Darklings","floor":35,"turns":4},{"damage":4,"enemies":"Mind Bloom Boss Battle","floor":38,"turns":5},{"damage":0,"enemies":"3 Shapes","floor":39,"turns":2},{"damage":41,"enemies":"Reptomancer","floor":40,"turns":6},{"damage":0,"enemies":"Maw","floor":41,"turns":6},{"damage":0,"enemies":"4 Shapes","floor":45,"turns":3},{"damage":4,"enemies":"Spire Growth","floor":46,"turns":4},{"damage":13,"enemies":"3 Darklings","floor":48,"turns":3},{"damage":35,"enemies":"Time Eater","floor":50,"turns":7}],"seed_played":"1120266781181787244","potions_obtained":[{"floor":1,"key":"Dexterity Potion"},{"floor":5,"key":"Explosive Potion"},{"floor":7,"key":"EntropicBrew"},{"floor":11,"key":"Weak Potion"},{"floor":12,"key":"SteroidPotion"},{"floor":16,"key":"EssenceOfSteel"},{"floor":18,"key":"Swift Potion"},{"floor":20,"key":"Fire Potion"},{"floor":33,"key":"FearPotion"},{"floor":39,"key":"Poison Potion"},{"floor":40,"key":"FocusPotion"},{"floor":45,"key":"Dexterity Potion"}],"is_trial":false,"path_per_floor":["M","$","M","?","M","E","M","M","T","M","M","E","M","M","R","B",null,"M","?","M","M","?","$","R","?","T","R","M","R","R","$","R","B",null,"M","?","?","?","M","E","M","$","T","R","M","M","$","M","R","B",null],"character_chosen":"DEFECT","items_purchased":["Defragment","Coolheaded","Lee\u0027s Waffle","Multi-Cast","Defragment","Membership Card","Self Repair"],"campfire_rested":2,"item_purchase_floors":[2,2,23,23,23,42,42],"current_hp_per_floor":[76,76,76,76,76,66,60,46,56,55,54,38,20,16,43,43,92,79,79,79,68,68,99,99,99,99,99,99,99,99,99,99,53,99,99,99,94,90,90,49,49,49,49,49,56,52,52,58,86,58],"gold":17,"neow_bonus":"TEN_PERCENT_HP_BONUS","is_prod":false,"is_daily":false,"chose_seed":false,"campfire_upgraded":6,"win_rate":0.0,"timestamp":1561314939,"path_taken":["M","$","M","?","M","E","?","?","T","M","M","E","M","M","R","BOSS","M","?","M","M","?","$","R","?","T","R","?","R","R","?","R","BOSS","M","?","?","?","M","E","?","$","T","R","M","M","$","M","R","BOSS"],"build_version":"2019-01-23","purchased_purges":2,"victory":true,"max_hp_per_floor":[82,82,82,82,82,82,82,82,92,92,92,92,92,92,92,92,92,92,92,92,92,92,99,99,99,99,99,99,99,99,99,99,99,99,99,99,94,94,94,94,94,94,94,94,94,94,94,94,94,94],"card_choices":[{"not_picked":["Go for the Eyes","Chill"],"picked":"Genetic Algorithm","floor":1},{"not_picked":["Static Discharge","Chill"],"picked":"Conserve Battery","floor":3},{"not_picked":["Leap","Static Discharge"],"picked":"Consume","floor":5},{"not_picked":["Lockon","BootSequence"],"picked":"Ball Lightning","floor":6},{"not_picked":["Steam","Consume"],"picked":"Leap","floor":7},{"not_picked":["Buffer","Stack"],"picked":"Barrage+1","floor":8},{"not_picked":["Compile Driver+1","Hologram"],"picked":"Cold Snap+1","floor":10},{"not_picked":["Steam","Coolheaded"],"picked":"Go for the Eyes+1","floor":11},{"not_picked":["Beam Cell+1","Cold Snap+1"],"picked":"Loop","floor":12},{"not_picked":["Hologram","Redo"],"picked":"Barrage+1","floor":13},{"not_picked":["Steam","Loop"],"picked":"Compile Driver+1","floor":14},{"not_picked":["Amplify","Buffer"],"picked":"Thunder Strike+1","floor":16},{"not_picked":["Leap","Stack+1"],"picked":"Static Discharge","floor":18},{"not_picked":["Chill","Go for the Eyes+1"],"picked":"Ball Lightning+1","floor":20},{"not_picked":["Go for the Eyes+1","Melter+1","Lockon+1"],"picked":"SKIP","floor":21},{"not_picked":["Streamline+1","Compile Driver+1","Stack"],"picked":"SKIP","floor":28},{"not_picked":["All For One+1","Machine Learning"],"picked":"Electrodynamics","floor":33},{"not_picked":[],"picked":"Ball Lightning+1","floor":35},{"not_picked":[],"picked":"Coolheaded+1","floor":39},{"not_picked":[],"picked":"Stack+1","floor":40},{"not_picked":["Ball Lightning+1"],"picked":"SKIP","floor":41},{"not_picked":["Coolheaded+1"],"picked":"SKIP","floor":45},{"not_picked":[],"picked":"Leap+1","floor":46},{"not_picked":["Melter+1"],"picked":"SKIP","floor":48}],"player_experience":8659,"relics_obtained":[{"floor":6,"key":"Molten Egg 2"},{"floor":9,"key":"Pear"},{"floor":12,"key":"Bag of Preparation"},{"floor":26,"key":"WingedGreaves"},{"floor":38,"key":"Nunchaku"},{"floor":40,"key":"Gambling Chip"},{"floor":43,"key":"Meat on the Bone"}],"event_choices":[{"damage_healed":0,"gold_gain":0,"cards_transformed":["Strike_B"],"player_choice":"Transformed","damage_taken":0,"max_hp_gain":0,"max_hp_loss":0,"event_name":"Transmorgrifier","floor":4,"gold_loss":0,"cards_obtained":["Capacitor"]},{"damage_healed":0,"gold_gain":0,"player_choice":"Simplicity","damage_taken":0,"max_hp_gain":0,"max_hp_loss":0,"event_name":"Back to Basics","floor":19,"gold_loss":0,"cards_upgraded":["Strike_B","Strike_B","Strike_B","Defend_B","Defend_B","Defend_B","Defend_B"]},{"damage_healed":0,"gold_gain":99,"player_choice":"Stole From Cult","damage_taken":0,"max_hp_gain":0,"max_hp_loss":0,"event_name":"Nest","floor":22,"gold_loss":0},{"cards_removed":["Strike_B"],"damage_healed":0,"gold_gain":0,"player_choice":"Offered Basic","damage_taken":0,"max_hp_gain":0,"max_hp_loss":0,"event_name":"Bonfire Elementals","floor":25,"gold_loss":0},{"damage_healed":0,"gold_gain":0,"player_choice":"Ignored","damage_taken":0,"max_hp_gain":0,"max_hp_loss":0,"event_name":"Tomb of Lord Red Mask","floor":36,"gold_loss":0},{"damage_healed":0,"gold_gain":0,"player_choice":"Max HP","damage_taken":0,"max_hp_gain":0,"max_hp_loss":5,"event_name":"Winding Halls","floor":37,"gold_loss":0},{"damage_healed":0,"gold_gain":0,"player_choice":"Fight","damage_taken":0,"max_hp_gain":0,"max_hp_loss":0,"event_name":"MindBloom","floor":38,"gold_loss":0}],"is_beta":false,"boss_relics":[{"not_picked":["Runic Dome","White Beast Statue"],"picked":"Snecko Eye"},{"not_picked":["FrozenCore","Sozu"],"picked":"Busted Crown"}],"items_purged_floors":[42,47],"is_endless":false,"potions_floor_spawned":[1,5,7,11,12,16,18,20,33,39,40,45],"ascension_level":0}