{"gold_per_floor":[114,114,114,134,149,149,185,185,185,210,210,231,252,273,273,273],"floor_reached":16,"playtime":533,"items_purged":[],"score":130,"play_id":"1f77d394-13da-4b7a-a21e-d8a3169b2609","local_time":"20190514162717","is_ascension_mode":true,"campfire_choices":[{"data":"Zap","floor":6,"key":"SMITH"},{"floor":8,"key":"REST"},{"floor":11,"key":"REST"},{"data":"Biased Cognition","floor":15,"key":"SMITH"}],"neow_cost":"NONE","seed_source_timestamp":1117994803782759,"circlet_count":0,"master_deck":["Strike_B","Strike_B","Strike_B","Strike_B","Defend_B","Defend_B","Defend_B","Defend_B","Zap+1","Dualcast","Genetic Algorithm","Injury","Capacitor","Glacier","Biased Cognition+1","Gash","Leap"],"relics":["Cracked Core","Golden Idol","StoneCalendar","WingedGreaves"],"potions_floor_usage":[10,16],"damage_taken":[{"damage":14,"enemies":"2 Louse","floor":1,"turns":2},{"damage":11,"enemies":"Small Slimes","floor":4,"turns":3},{"damage":7,"enemies":"Jaw Worm","floor":5,"turns":4},{"damage":48,"enemies":"Lagavulin","floor":7,"turns":9},{"damage":2,"enemies":"3 Louse","floor":10,"turns":4},{"damage":6,"enemies":"Looter","floor":12,"turns":3},{"damage":2,"enemies":"Exordium Wildlife","floor":13,"turns":5},{"damage":0,"enemies":"Large Slime","floor":14,"turns":4},{"damage":50,"enemies":"Hexaghost","floor":16,"turns":13}],"seed_played":"-1658133260942829690","potions_obtained":[{"floor":1,"key":"SpeedPotion"},{"floor":10,"key":"Fruit Juice"},{"floor":13,"key":"Strength Potion"},{"floor":14,"key":"Regen Potion"}],"is_trial":false,"path_per_floor":["M","?","?","M","M","R","E","R","T","M","R","M","M","M","R","B"],"character_chosen":"DEFECT","items_purchased":[],"campfire_rested":2,"item_purchase_floors":[],"current_hp_per_floor":[68,68,68,57,50,50,2,26,26,29,55,49,47,47,47,0],"gold":273,"neow_bonus":"TEN_PERCENT_HP_BONUS","is_prod":false,"is_daily":false,"chose_seed":false,"campfire_upgraded":2,"win_rate":0,"timestamp":1557865637,"path_taken":["M","?","?","M","M","R","E","R","T","M","R","M","M","M","R","BOSS"],"build_version":"2019-01-23","purchased_purges":0,"victory":false,"max_hp_per_floor":[82,82,82,82,82,82,82,82,82,87,87,87,87,87,87,87],"card_choices":[{"not_picked":["Hello World","Rebound"],"picked":"Genetic Algorithm","floor":1},{"not_picked":["Hologram","Doom and Gloom"],"picked":"Capacitor","floor":4},{"not_picked":["Reprogram","Recycle","Redo"],"picked":"SKIP","floor":5},{"not_picked":["Leap","Coolheaded"],"picked":"Glacier","floor":7},{"not_picked":["FTL","Ball Lightning"],"picked":"Biased Cognition","floor":10},{"not_picked":["Reinforced Body","Barrage"],"picked":"Gash","floor":12},{"not_picked":["Sweeping Beam","Undo","Turbo"],"picked":"SKIP","floor":13},{"not_picked":["Fusion","Beam Cell"],"picked":"Leap","floor":14}],"player_experience":546534,"relics_obtained":[{"floor":7,"key":"StoneCalendar"},{"floor":9,"key":"WingedGreaves"}],"event_choices":[{"damage_healed":0,"gold_gain":0,"player_choice":"Take Wound","damage_taken":0,"relics_obtained":["Golden Idol"],"max_hp_gain":0,"max_hp_loss":0,"event_name":"Golden Idol","floor":2,"gold_loss":0,"cards_obtained":["Injury"]},{"damage_healed":0,"gold_gain":0,"player_choice":"Ignored","damage_taken":0,"max_hp_gain":0,"max_hp_loss":0,"event_name":"Shining Light","floor":3,"gold_loss":0}],"is_beta":false,"boss_relics":[],"items_purged_floors":[],"is_endless":false,"potions_floor_spawned":[1,10,13,14],"killed_by":"Hexaghost","ascension_level":5}