{"gold_per_floor":[113,113,113,123,123,151,151,151,151,151,168,168,188,201,201,201],"floor_reached":16,"playtime":456,"items_purged":[],"score":238,"play_id":"58e8af93-800d-41dc-8e19-a872e0b40033","local_time":"20190621100403","is_ascension_mode":true,"campfire_choices":[{"data":"Dagger Spray","floor":8,"key":"SMITH"},{"data":"Neutralize","floor":10,"key":"SMITH"},{"data":"Survivor","floor":12,"key":"SMITH"},{"data":"Defend_G","floor":15,"key":"SMITH"}],"neow_cost":"NONE","seed_source_timestamp":749887026548527,"circlet_count":0,"master_deck":["AscendersBane","Defend_G","Defend_G","Defend_G","Defend_G","Defend_G+1","Strike_G","Strike_G","Strike_G","Strike_G","Survivor+1","Neutralize+1","Dagger Spray+1","Dodge and Roll+1","Tactician+1","PiercingWail+1","Blade Dance+1","Setup+1"],"relics":["Ring of the Snake","NeowsBlessing","Toxic Egg 2","Bronze Scales","Orichalcum","Darkstone Periapt"],"potions_floor_usage":[16,16],"damage_taken":[{"damage":0,"enemies":"Jaw Worm","floor":1,"turns":1},{"damage":0,"enemies":"Small Slimes","floor":4,"turns":1},{"damage":0,"enemies":"Lagavulin","floor":6,"turns":1},{"damage":2,"enemies":"2 Louse","floor":11,"turns":2},{"damage":0,"enemies":"Looter","floor":13,"turns":4},{"damage":0,"enemies":"3 Louse","floor":14,"turns":2},{"damage":63,"enemies":"Slime Boss","floor":16,"turns":14}],"seed_played":"-151822540465390845","potions_obtained":[{"floor":4,"key":"LiquidBronze"},{"floor":11,"key":"PowerPotion"}],"is_trial":false,"path_per_floor":["M","?","T","M","?","E","T","R","T","R","M","R","M","M","R","B"],"character_chosen":"THE_SILENT","items_purchased":[],"campfire_rested":0,"item_purchase_floors":[],"current_hp_per_floor":[59,64,64,64,64,64,64,64,64,64,62,62,62,62,62,0],"gold":201,"neow_bonus":"THREE_ENEMY_KILL","is_prod":false,"is_daily":false,"chose_seed":false,"campfire_upgraded":4,"win_rate":0,"timestamp":1561082643,"path_taken":["M","?","?","M","?","E","?","R","T","R","M","R","M","M","R","BOSS"],"build_version":"2019-01-23","purchased_purges":0,"victory":false,"max_hp_per_floor":[66,71,71,71,71,71,71,71,71,71,71,71,71,71,71,71],"card_choices":[{"not_picked":["Prepared","Masterful Stab"],"picked":"Dagger Spray","floor":1},{"not_picked":["Dagger Throw","Slice"],"picked":"Dodge and Roll+1","floor":4},{"not_picked":["Terror+1","PiercingWail+1"],"picked":"Tactician+1","floor":6},{"not_picked":["Quick Slash","Endless Agony"],"picked":"PiercingWail+1","floor":11},{"not_picked":["PiercingWail+1","Dagger Throw"],"picked":"Blade Dance+1","floor":13},{"not_picked":["Prepared+1","Distraction+1"],"picked":"Setup+1","floor":14}],"player_experience":932351,"relics_obtained":[{"floor":3,"key":"Toxic Egg 2"},{"floor":6,"key":"Bronze Scales"},{"floor":7,"key":"Orichalcum"},{"floor":9,"key":"Darkstone Periapt"}],"event_choices":[{"damage_healed":0,"gold_gain":0,"player_choice":"Donut","damage_taken":0,"max_hp_gain":5,"max_hp_loss":0,"event_name":"Big Fish","floor":2,"gold_loss":0},{"cards_removed":["Strike_G"],"damage_healed":0,"gold_gain":0,"player_choice":"Forget","damage_taken":0,"max_hp_gain":0,"max_hp_loss":0,"event_name":"Living Wall","floor":5,"gold_loss":0}],"is_beta":false,"boss_relics":[],"items_purged_floors":[],"is_endless":false,"potions_floor_spawned":[4,11],"killed_by":"Slime Boss","ascension_level":18}