{"gold_per_floor":[117,134,153,153,171,171,206,226,279,279,307,135,135,85,85,185,185,196,206,219,42,42,42,58,58,108,108,108,128,145,155,155,258,258,274,31,31,42,42,42,56,90,90,90,108,108,119,119,119,119],"floor_reached":51,"playtime":2553,"items_purged":["Regret"],"score":814,"play_id":"0459b158-86db-4005-bc3c-d4f63578a438","local_time":"20181020184459","is_ascension_mode":true,"campfire_choices":[{"data":"Cleave","floor":6,"key":"SMITH"},{"floor":10,"key":"REST"},{"floor":13,"key":"REST"},{"data":"Inflame","floor":15,"key":"SMITH"},{"floor":23,"key":"REST"},{"data":"Mayhem","floor":25,"key":"SMITH"},{"data":"Body Slam","floor":27,"key":"SMITH"},{"floor":32,"key":"REST"},{"data":"Body Slam","floor":40,"key":"SMITH"},{"floor":44,"key":"REST"},{"floor":49,"key":"REST"}],"neow_cost":"NONE","seed_source_timestamp":9557765085434,"circlet_count":0,"master_deck":["Strike_R","Strike_R","Strike_R","Strike_R","Defend_R","Defend_R","Defend_R+1","Bash","Twin Strike","Pommel Strike","Cleave+1","Warcry+1","Warcry","Inflame+1","Iron Wave","Shrug It Off","Flex","Double Tap","Body Slam+1","Havoc+1","Mayhem+1","Shrug It Off","Mayhem+1","Seeing Red","Armaments+1","Berserk","Ghostly Armor","Body Slam+1","Infernal Blade+1","Warcry+1","Shrug It Off"],"relics":["Burning Blood","Blue Candle","Sundial","Bag of Marbles","War Paint","Runic Pyramid","Thread and Needle","Bag of Preparation","Eternal Feather","Ornamental Fan","Matryoshka","Omamori","Kunai"],"potions_floor_usage":[16,19,24,29,42,50,50],"damage_taken":[{"damage":12,"enemies":"Small Slimes","floor":1,"turns":4},{"damage":0,"enemies":"2 Louse","floor":2,"turns":2},{"damage":9,"enemies":"Jaw Worm","floor":3,"turns":3},{"damage":18,"enemies":"Gremlin Gang","floor":5,"turns":4},{"damage":41,"enemies":"Lagavulin","floor":7,"turns":5},{"damage":21,"enemies":"Lots of Slimes","floor":8,"turns":4},{"damage":16,"enemies":"Gremlin Nob","floor":11,"turns":3},{"damage":46,"enemies":"Hexaghost","floor":16,"turns":9},{"damage":22,"enemies":"Shell Parasite","floor":18,"turns":6},{"damage":11,"enemies":"2 Thieves","floor":19,"turns":2},{"damage":31,"enemies":"Cultist and Chosen","floor":20,"turns":6},{"damage":11,"enemies":"Chosen and Byrds","floor":24,"turns":6},{"damage":4,"enemies":"Snecko","floor":29,"turns":5},{"damage":3,"enemies":"Cultist and Chosen","floor":30,"turns":4},{"damage":18,"enemies":"Shelled Parasite and Fungi","floor":31,"turns":4},{"damage":22,"enemies":"Automaton","floor":33,"turns":8},{"damage":21,"enemies":"3 Darklings","floor":35,"turns":4},{"damage":2,"enemies":"Orb Walker","floor":38,"turns":4},{"damage":9,"enemies":"Jaw Worm Horde","floor":41,"turns":4},{"damage":40,"enemies":"Reptomancer","floor":42,"turns":7},{"damage":34,"enemies":"Spire Growth","floor":45,"turns":3},{"damage":16,"enemies":"Maw","floor":47,"turns":7},{"damage":64,"enemies":"Awakened One","floor":50,"turns":12}],"seed_played":"2654386394802546626","potions_obtained":[{"floor":3,"key":"LiquidBronze"},{"floor":8,"key":"Swift Potion"},{"floor":11,"key":"BloodPotion"},{"floor":16,"key":"Explosive Potion"},{"floor":18,"key":"Fire Potion"},{"floor":20,"key":"GamblersBrew"},{"floor":33,"key":"Ancient Potion"},{"floor":35,"key":"EssenceOfSteel"}],"is_trial":false,"path_per_floor":["M","M","M","?","M","R","E","M","T","R","E","$","R","$","R","B",null,"M","M","M","$","T","R","M","R","T","R","?","M","M","M","R","B",null,"M","$","?","M","?","R","M","E","T","R","M","$","M","?","R","B"],"character_chosen":"IRONCLAD","items_purchased":["Shrug It Off","Flex","Flex","Mayhem","Ornamental Fan"],"campfire_rested":6,"item_purchase_floors":[12,12,14,21,36],"current_hp_per_floor":[74,80,77,77,65,65,30,15,15,39,29,29,53,53,53,13,80,64,59,34,34,34,58,53,53,53,53,53,55,58,46,70,54,80,65,65,65,69,69,80,77,43,43,80,52,52,42,42,80,30],"gold":119,"neow_bonus":"REMOVE_CARD","is_prod":false,"is_daily":false,"chose_seed":false,"campfire_upgraded":5,"win_rate":0,"timestamp":1540071899,"path_taken":["M","M","M","?","M","R","E","M","T","R","E","?","R","$","R","BOSS","M","?","M","$","?","R","M","R","T","R","?","M","M","M","R","BOSS","M","$","?","M","?","R","M","E","T","R","M","$","M","?","R","BOSS"],"build_version":"2018-10-18","purchased_purges":1,"victory":true,"max_hp_per_floor":[80,80,80,80,80,80,80,80,80,80,80,80,80,80,80,80,80,80,80,80,80,80,80,80,80,80,80,80,80,80,80,80,80,80,80,80,80,80,80,80,80,80,80,80,80,80,80,80,80,80],"card_choices":[{"not_picked":["Armaments","Entrench"],"picked":"Twin Strike","floor":1},{"not_picked":["Cleave","Twin Strike"],"picked":"Pommel Strike","floor":2},{"not_picked":["Metallicize","Anger"],"picked":"Cleave","floor":3},{"not_picked":["Perfected Strike","Whirlwind"],"picked":"Warcry","floor":5},{"not_picked":["Fiend Fire","Shockwave"],"picked":"Warcry","floor":7},{"not_picked":["Cleave","True Grit"],"picked":"Inflame","floor":8},{"not_picked":["Clothesline","Warcry"],"picked":"Iron Wave","floor":11},{"not_picked":["Berserk","Dark Embrace"],"picked":"Double Tap","floor":16},{"not_picked":["Pommel Strike+1","Cleave"],"picked":"Body Slam","floor":18},{"not_picked":["Rampage","Headbutt","Pommel Strike"],"picked":"SKIP","floor":19},{"not_picked":["Anger","Wild Strike+1"],"picked":"Havoc+1","floor":20},{"not_picked":["Sever Soul+1","Heavy Blade"],"picked":"Shrug It Off","floor":24},{"not_picked":["Flex","Combust"],"picked":"Seeing Red","floor":29},{"not_picked":["Immolate","Entrench","Sword Boomerang+1"],"picked":"SKIP","floor":30},{"not_picked":["Flex","Iron Wave"],"picked":"Armaments+1","floor":31},{"not_picked":["Double Tap","Impervious"],"picked":"Berserk","floor":33},{"not_picked":["Heavy Blade+1","Armaments+1"],"picked":"Ghostly Armor","floor":35},{"not_picked":["Clash","Twin Strike"],"picked":"Body Slam","floor":38},{"not_picked":["Havoc+1","Armaments+1","Wild Strike+1"],"picked":"SKIP","floor":41},{"not_picked":["Clash+1","Armaments+1"],"picked":"Infernal Blade+1","floor":42},{"not_picked":["Searing Blow+1","True Grit"],"picked":"Warcry+1","floor":45},{"not_picked":["Evolve","Perfected Strike+1"],"picked":"Shrug It Off","floor":47}],"player_experience":172980,"relics_obtained":[{"floor":7,"key":"Sundial"},{"floor":9,"key":"Bag of Marbles"},{"floor":11,"key":"War Paint"},{"floor":22,"key":"Thread and Needle"},{"floor":26,"key":"Bag of Preparation"},{"floor":42,"key":"Matryoshka"},{"floor":43,"key":"Omamori"},{"floor":43,"key":"Kunai"}],"event_choices":[{"damage_healed":0,"gold_gain":0,"player_choice":"Box","damage_taken":0,"relics_obtained":["Blue Candle"],"max_hp_gain":0,"max_hp_loss":0,"event_name":"Big Fish","floor":4,"gold_loss":0,"cards_obtained":["Regret"]},{"damage_healed":0,"gold_gain":0,"player_choice":"Copied","damage_taken":0,"max_hp_gain":0,"max_hp_loss":0,"event_name":"Duplicator","floor":28,"gold_loss":0,"cards_obtained":["Mayhem"]},{"cards_removed":["Strike_R"],"damage_healed":0,"gold_gain":0,"player_choice":"Removed Attack","damage_taken":0,"max_hp_gain":0,"max_hp_loss":0,"event_name":"Falling","floor":37,"gold_loss":0},{"cards_removed":["Flex"],"damage_healed":0,"gold_gain":0,"player_choice":"Purged","damage_taken":0,"max_hp_gain":0,"max_hp_loss":0,"event_name":"Purifier","floor":39,"gold_loss":0},{"damage_healed":0,"gold_gain":0,"player_choice":"Memory 1","damage_taken":0,"max_hp_gain":0,"max_hp_loss":0,"event_name":"SensoryStone","floor":48,"gold_loss":0}],"is_beta":false,"boss_relics":[{"not_picked":["Runic Cube","Runic Dome"],"picked":"Runic Pyramid"},{"not_picked":["Lizard Tail","Philosopher\u0027s Stone"],"picked":"Eternal Feather"}],"items_purged_floors":[12],"is_endless":false,"potions_floor_spawned":[3,8,11,16,18,20,33,35],"ascension_level":3}