{"gold_per_floor":[114,131,142,159,159,159,194,205,205,205],"floor_reached":10,"playtime":317,"items_purged":[],"score":116,"play_id":"5443631c-df66-499c-87fb-17165e783417","local_time":"20190506201723","is_ascension_mode":true,"campfire_choices":[{"data":"Neutralize","floor":6,"key":"SMITH"}],"neow_cost":"NONE","seed_source_timestamp":440818521044523,"circlet_count":0,"master_deck":["AscendersBane","Defend_G","Defend_G","Defend_G","Defend_G","Defend_G","Strike_G","Strike_G","Strike_G","Strike_G","Strike_G","Survivor","Neutralize+1","Poisoned Stab","Deadly Poison","Regret","Dagger Throw","Well Laid Plans"],"relics":["Ring of the Snake","Art of War","Shuriken","Kunai"],"potions_floor_usage":[7,10],"damage_taken":[{"damage":3,"enemies":"2 Louse","floor":1,"turns":4},{"damage":5,"enemies":"Small Slimes","floor":2,"turns":4},{"damage":0,"enemies":"Cultist","floor":3,"turns":3},{"damage":6,"enemies":"Blue Slaver","floor":4,"turns":5},{"damage":52,"enemies":"Gremlin Nob","floor":7,"turns":6},{"damage":2,"enemies":"Looter","floor":8,"turns":3},{"damage":11,"enemies":"Exordium Wildlife","floor":10,"turns":1}],"seed_played":"7362121026185866741","potions_obtained":[{"floor":1,"key":"Fire Potion"},{"floor":2,"key":"AttackPotion"}],"is_trial":false,"path_per_floor":["M","M","M","M","?","R","E","M","T","M"],"character_chosen":"THE_SILENT","items_purchased":[],"campfire_rested":0,"item_purchase_floors":[],"current_hp_per_floor":[67,62,62,56,56,56,4,2,2,0],"gold":205,"neow_bonus":"TEN_PERCENT_HP_BONUS","is_prod":false,"is_daily":false,"chose_seed":false,"campfire_upgraded":1,"win_rate":0,"timestamp":1557188243,"path_taken":["M","M","M","M","?","R","E","M","T","M"],"build_version":"2019-01-23","purchased_purges":0,"victory":false,"max_hp_per_floor":[77,77,77,77,77,77,77,77,77,77],"card_choices":[{"not_picked":["Blur","Blade Dance"],"picked":"Poisoned Stab","floor":1},{"not_picked":["Terror","Blade Dance"],"picked":"Deadly Poison","floor":2},{"not_picked":["Underhanded Strike","Blade Dance","Bane"],"picked":"SKIP","floor":3},{"not_picked":["Dodge and Roll","Flying Knee","Blade Dance"],"picked":"SKIP","floor":4},{"not_picked":["Prepared","Eviscerate"],"picked":"Dagger Throw","floor":7},{"not_picked":["Bouncing Flask","Dagger Throw"],"picked":"Well Laid Plans","floor":8}],"player_experience":492985,"relics_obtained":[{"floor":7,"key":"Shuriken"},{"floor":9,"key":"Kunai"}],"event_choices":[{"damage_healed":0,"gold_gain":0,"player_choice":"Box","damage_taken":0,"relics_obtained":["Art of War"],"max_hp_gain":0,"max_hp_loss":0,"event_name":"Big Fish","floor":5,"gold_loss":0,"cards_obtained":["Regret"]}],"is_beta":false,"boss_relics":[],"items_purged_floors":[],"is_endless":false,"potions_floor_spawned":[1,2,4],"killed_by":"Exordium Wildlife","ascension_level":13}