{"gold_per_floor":[113,129,129,149,167,193,193,193,244,262,282,300,73,92,92,169,169,126,146,146,165,183,183,214,214,214,0,0,0,15,31,31,31],"floor_reached":33,"playtime":2831,"items_purged":["Strike_G"],"score":546,"play_id":"1bba3511-c99c-4ae8-b546-078c872dbe2c","local_time":"20190131201916","is_ascension_mode":true,"campfire_choices":[{"floor":7,"key":"REST"},{"floor":15,"key":"REST"},{"floor":23,"key":"REST"},{"data":"Well Laid Plans","floor":25,"key":"SMITH"},{"data":"Tactician","floor":29,"key":"SMITH"},{"floor":32,"key":"REST"}],"neow_cost":"NONE","seed_source_timestamp":8221329686596,"circlet_count":0,"master_deck":["AscendersBane","Defend_G","Defend_G","Defend_G","Defend_G","Defend_G","Strike_G","Strike_G","Survivor","Neutralize","Acrobatics","Bane","Tactician+1","Quick Slash","Dagger Throw","Cloak And Dagger","Backflip","Leg Sweep","Footwork","Tactician+1","Well Laid Plans+1","Reflex","Burst","Calculated Gamble","Noxious Fumes","Prepared","Backflip+1","Prepared","Skewer","Escape Plan"],"relics":["Ring of the Snake","NeowsBlessing","Paper Crane","Potion Belt","Centennial Puzzle","Busted Crown","Peace Pipe","Girya","Pen Nib"],"potions_floor_usage":[6,12,16,21,24],"damage_taken":[{"damage":0,"enemies":"Small Slimes","floor":1,"turns":1},{"damage":0,"enemies":"Jaw Worm","floor":2,"turns":1},{"damage":0,"enemies":"Cultist","floor":4,"turns":1},{"damage":20,"enemies":"Exordium Thugs","floor":5,"turns":6},{"damage":32,"enemies":"3 Sentries","floor":6,"turns":8},{"damage":0,"enemies":"Lots of Slimes","floor":10,"turns":6},{"damage":0,"enemies":"3 Louse","floor":11,"turns":4},{"damage":5,"enemies":"Gremlin Gang","floor":12,"turns":5},{"damage":1,"enemies":"Looter","floor":14,"turns":3},{"damage":15,"enemies":"The Guardian","floor":16,"turns":26},{"damage":6,"enemies":"2 Thieves","floor":18,"turns":5},{"damage":5,"enemies":"Shell Parasite","floor":19,"turns":10},{"damage":21,"enemies":"3 Cultists","floor":21,"turns":8},{"damage":0,"enemies":"Snake Plant","floor":22,"turns":7},{"damage":9,"enemies":"Book of Stabbing","floor":24,"turns":8},{"damage":1,"enemies":"Centurion and Healer","floor":30,"turns":5},{"damage":6,"enemies":"3 Cultists","floor":31,"turns":6},{"damage":62,"enemies":"Champ","floor":33,"turns":22}],"seed_played":"-7808573345012577402","potions_obtained":[{"floor":2,"key":"Strength Potion"},{"floor":6,"key":"FairyPotion"},{"floor":11,"key":"Fire Potion"},{"floor":14,"key":"FearPotion"},{"floor":16,"key":"AttackPotion"},{"floor":18,"key":"LiquidBronze"},{"floor":22,"key":"SteroidPotion"},{"floor":30,"key":"FearPotion"}],"is_trial":false,"path_per_floor":["M","M","?","M","M","E","R","?","T","M","M","M","$","M","R","B",null,"M","M","?","M","M","R","E","R","T","$","?","R","M","M","R","B"],"character_chosen":"THE_SILENT","items_purchased":["Tactician","Well Laid Plans","Pen Nib","Prepared"],"campfire_rested":4,"item_purchase_floors":[13,13,27,27],"current_hp_per_floor":[59,59,54,54,34,2,21,21,21,21,21,16,16,15,34,19,54,48,43,43,22,22,41,32,32,32,32,32,32,31,25,44,0],"gold":31,"neow_bonus":"THREE_ENEMY_KILL","is_prod":false,"is_daily":false,"chose_seed":false,"campfire_upgraded":2,"win_rate":0,"timestamp":1548976756,"path_taken":["M","M","?","M","M","E","R","?","T","M","M","?","?","M","R","BOSS","M","?","?","M","?","R","E","R","T","$","?","R","M","M","R","BOSS"],"build_version":"2019-01-23","purchased_purges":1,"victory":false,"max_hp_per_floor":[66,66,66,66,66,66,66,66,66,66,66,66,66,66,66,66,66,66,66,66,66,66,66,66,66,66,66,66,66,66,66,66,66],"card_choices":[{"not_picked":["Outmaneuver","Distraction"],"picked":"Acrobatics","floor":1},{"not_picked":["Setup","Dodge and Roll"],"picked":"Bane","floor":2},{"not_picked":["Dodge and Roll","Accuracy"],"picked":"Tactician","floor":4},{"not_picked":["Expertise","Infinite Blades"],"picked":"Quick Slash","floor":5},{"not_picked":["Grand Finale","PiercingWail"],"picked":"Dagger Throw","floor":6},{"not_picked":["Quick Slash","Cloak And Dagger"],"picked":"Backflip","floor":10},{"not_picked":["Blade Dance","Caltrops"],"picked":"Leg Sweep","floor":11},{"not_picked":["Blade Dance","Sucker Punch"],"picked":"Footwork","floor":12},{"not_picked":["A Thousand Cuts","Leg Sweep"],"picked":"Reflex","floor":14},{"not_picked":["Bullet Time","Storm of Steel"],"picked":"Burst","floor":16},{"not_picked":[],"picked":"Calculated Gamble","floor":18},{"not_picked":[],"picked":"Noxious Fumes","floor":19},{"not_picked":[],"picked":"Prepared","floor":21},{"not_picked":[],"picked":"Backflip+1","floor":22},{"not_picked":["Phantasmal Killer"],"picked":"SKIP","floor":24},{"not_picked":["Sucker Punch"],"picked":"SKIP","floor":30},{"not_picked":["Flying Knee+1"],"picked":"SKIP","floor":31}],"player_experience":803195,"relics_obtained":[{"floor":6,"key":"Potion Belt"},{"floor":9,"key":"Centennial Puzzle"},{"floor":24,"key":"Peace Pipe"},{"floor":26,"key":"Girya"}],"event_choices":[{"damage_healed":0,"gold_gain":0,"player_choice":"Success","damage_taken":5,"relics_obtained":["Paper Crane"],"max_hp_gain":0,"max_hp_loss":0,"event_name":"Scrap Ooze","floor":3,"gold_loss":0},{"damage_healed":0,"gold_gain":0,"player_choice":"1 cards matched","damage_taken":0,"max_hp_gain":0,"max_hp_loss":0,"event_name":"Match and Keep!","floor":8,"gold_loss":0,"cards_obtained":["Cloak And Dagger"]},{"damage_healed":0,"gold_gain":0,"player_choice":"Forge","damage_taken":0,"max_hp_gain":0,"max_hp_loss":0,"event_name":"Accursed Blacksmith","floor":20,"gold_loss":0,"cards_upgraded":["Tactician"]},{"damage_healed":0,"gold_gain":0,"cards_transformed":["Strike_G","Strike_G"],"player_choice":"Became Test Subject","damage_taken":0,"max_hp_gain":0,"max_hp_loss":0,"event_name":"Drug Dealer","floor":28,"gold_loss":0,"cards_obtained":["Skewer","Escape Plan"]}],"is_beta":false,"boss_relics":[{"not_picked":["Empty Cage","Lizard Tail"],"picked":"Busted Crown"}],"items_purged_floors":[13],"is_endless":false,"potions_floor_spawned":[2,6,11,14,16,18,22,30],"killed_by":"Champ","ascension_level":20}