{"path_per_floor":["M","T","$","M","M","R","M","R","T","?","M","R","E","M","R","B",null,"M","M","?","M","M","E","M","R","T","?","$","E","$","?","R"],"character_chosen":"THE_SILENT","items_purchased":["Pantograph","Oddly Smooth Stone","Bag of Preparation"],"gold_per_floor":[111,183,183,194,206,206,226,226,277,277,290,290,320,337,337,432,432,444,456,456,468,482,511,525,525,578,578,16,48,48,48,48],"floor_reached":33,"campfire_rested":4,"playtime":1301,"current_hp_per_floor":[70,70,70,70,70,70,70,70,70,45,40,61,32,32,53,41,70,62,48,48,39,28,26,18,43,43,43,43,48,48,48,75],"items_purged":[],"gold":48,"score":312,"play_id":"73827db2-a742-4c65-8f98-4238ced3fa4a","is_prod":false,"is_daily":false,"is_ascension_mode":false,"campfire_upgraded":2,"path_taken":["M","?","?","M","M","R","?","R","T","?","M","R","E","M","R","BOSS","M","M","?","?","M","E","M","R","T","?","$","E","?","?","R","BOSS"],"build_version":"2018-02-12-PROD1","purchased_purges":0,"victory":false,"master_deck":["Defend_G+1","Defend_G+1","Defend_G+1","Defend_G+1","Defend_G+1","Strike_G+1","Strike_G+1","Strike_G+1","Strike_G+1","Strike_G+1","Survivor+1","Neutralize","Bane+1","Deadly Poison","Backstab","Caltrops+1","Backflip","Dash","Deflect","Adrenaline+1","Terror+1","Predator","Dodge and Roll","Backflip+1","Backstab","Backflip+1","Deadly Poison"],"max_hp_per_floor":[70,70,70,70,70,70,70,70,70,70,70,70,70,70,70,70,70,70,70,70,70,70,84,84,84,84,84,84,91,91,91,91],"relics":["Sozu","Gremlin Horn","Ancient Tea Set","Orichalcum","Bronze Scales","Black Star","Unceasing Top","Mango","Happy Flower","Pantograph","Oddly Smooth Stone","Bag of Preparation","Strawberry","War Paint"],"card_choices":[{"not_picked":["Slice","PiercingWail"],"picked":"Bane"},{"not_picked":["Outmaneuver","Flechettes"],"picked":"Deadly Poison"},{"not_picked":["Deflect","Escape Plan"],"picked":"Backstab"},{"not_picked":["Underhanded Strike","Dagger Spray"],"picked":"Caltrops"},{"not_picked":["Dagger Throw","Reflex"],"picked":"Backflip"},{"not_picked":["Cloak And Dagger","Storm of Steel"],"picked":"Dash"},{"not_picked":["Prepared","Sucker Punch"],"picked":"Deflect"},{"not_picked":["Die Die Die","Wraith Form"],"picked":"Adrenaline"},{"not_picked":["Prepared","Quick Slash"],"picked":"Terror"},{"not_picked":["Flying Knee","Backstab"],"picked":"Predator"},{"not_picked":["Underhanded Strike","Prepared"],"picked":"Dodge and Roll"},{"not_picked":["Masterful Stab","Calculated Gamble"],"picked":"Backflip"},{"not_picked":["Finisher","Deadly Poison"],"picked":"Backstab"},{"not_picked":["Terror","Underhanded Strike"],"picked":"Backflip"},{"not_picked":["Footwork","Bane"],"picked":"Deadly Poison"}],"player_experience":51321,"potions_floor_usage":[],"damage_taken":[{"damage":0,"enemies":"Blue Slaver","floor":1,"turns":5},{"damage":0,"enemies":"Cultist","floor":4,"turns":4},{"damage":0,"enemies":"Small Slimes","floor":5,"turns":2},{"damage":0,"enemies":"Exordium Wildlife","floor":7,"turns":1},{"damage":5,"enemies":"Exordium Thugs","floor":11,"turns":3},{"damage":29,"enemies":"Gremlin Nob","floor":13,"turns":4},{"damage":0,"enemies":"3 Louse","floor":14,"turns":2},{"damage":12,"enemies":"The Guardian","floor":16,"turns":9},{"damage":8,"enemies":"Spheric Guardian","floor":18,"turns":5},{"damage":14,"enemies":"2 Thieves","floor":19,"turns":3},{"damage":9,"enemies":"Snecko","floor":21,"turns":5},{"damage":11,"enemies":"Snake Plant","floor":22,"turns":4},{"damage":16,"enemies":"Slavers","floor":23,"turns":6},{"damage":8,"enemies":"3 Cultists","floor":24,"turns":5},{"damage":2,"enemies":"Book of Stabbing","floor":29,"turns":4},{"damage":100,"enemies":"Champ","floor":33,"turns":15}],"event_choices":[{"event_name":"Scrap Ooze","player_choice":"success","floor":10,"damage_taken":25},{"event_name":"Beggar","player_choice":"Ignored","floor":20,"damage_taken":0},{"event_name":"Back to Basics","player_choice":"Simplicity","floor":27,"damage_taken":0},{"event_name":"Drug Dealer","player_choice":"Ignored","floor":31,"damage_taken":0}],"boss_relics":[{"not_picked":["Orrery","Velvet Choker"],"picked":"Black Star"}],"potions_floor_spawned":[5,11,13,21,22,23],"seed_played":"1572511711684690913","killed_by":"Champ","ascension_level":0,"is_trial":false}