{"gold_per_floor":[110,110,185,204,217,248,267,267,267,286,298,333,333,352,352,449,449,461,479,164,174,174,174,186,186,186,218,218,233,233,233,233,233],"floor_reached":33,"playtime":3550,"items_purged":[],"score":279,"play_id":"2651f85b-3cc5-418a-acef-6dab954909e3","local_time":"20190618013906","is_ascension_mode":false,"campfire_choices":[{"floor":8,"key":"REST"},{"floor":15,"key":"REST"},{"floor":23,"key":"REST"},{"data":"Armaments","floor":25,"key":"SMITH"},{"floor":28,"key":"REST"},{"floor":32,"key":"REST"}],"neow_cost":"NONE","seed_source_timestamp":131581979306200,"circlet_count":0,"master_deck":["Strike_R+1","Strike_R","Strike_R","Defend_R","Defend_R","Defend_R","Defend_R","Bash","Entrench","Spot Weakness","Infernal Blade","Pommel Strike+1","Double Tap","Flex","Heavy Blade","Rampage","Reaper","Shockwave","Armaments+1","Disarm","Infernal Blade+1","Twin Strike+1","Reckless Charge","Seeing Red+1","Finesse+1","Double Tap+1"],"relics":["Burning Blood","Juzu Bracelet","Whetstone","Pear","Sozu","Singing Bowl","Toxic Egg 2","Anchor","Oddly Smooth Stone"],"potions_floor_usage":[7,10,11,12,16,16,33],"damage_taken":[{"damage":7,"enemies":"Small Slimes","floor":1,"turns":7},{"damage":1,"enemies":"Jaw Worm","floor":4,"turns":4},{"damage":5,"enemies":"2 Louse","floor":5,"turns":3},{"damage":48,"enemies":"Lagavulin","floor":6,"turns":7},{"damage":24,"enemies":"Red Slaver","floor":7,"turns":5},{"damage":2,"enemies":"Blue Slaver","floor":10,"turns":3},{"damage":19,"enemies":"Gremlin Gang","floor":11,"turns":5},{"damage":25,"enemies":"3 Sentries","floor":12,"turns":8},{"damage":12,"enemies":"Exordium Wildlife","floor":14,"turns":4},{"damage":16,"enemies":"Slime Boss","floor":16,"turns":11},{"damage":0,"enemies":"Spheric Guardian","floor":18,"turns":3},{"damage":29,"enemies":"2 Thieves","floor":19,"turns":3},{"damage":27,"enemies":"Snake Plant","floor":21,"turns":5},{"damage":16,"enemies":"Snecko","floor":24,"turns":4},{"damage":26,"enemies":"Book of Stabbing","floor":27,"turns":4},{"damage":40,"enemies":"Centurion and Healer","floor":29,"turns":7},{"damage":88,"enemies":"Automaton","floor":33,"turns":8}],"seed_played":"7307829773823545487","potions_obtained":[{"floor":1,"key":"Energy Potion"},{"floor":5,"key":"SkillPotion"},{"floor":7,"key":"Block Potion"},{"floor":11,"key":"GamblersBrew"},{"floor":12,"key":"Poison Potion"},{"floor":13,"key":"EssenceOfSteel"},{"floor":13,"key":"SteroidPotion"}],"is_trial":false,"path_per_floor":["M","?","?","M","M","E","M","R","T","M","M","E","?","M","R","B",null,"M","M","$","M","T","R","M","R","T","E","R","M","?","?","R","B"],"character_chosen":"IRONCLAD","items_purchased":["Disarm","Singing Bowl"],"campfire_rested":5,"item_purchase_floors":[20,20],"current_hp_per_floor":[79,79,68,73,74,32,14,38,38,42,29,20,20,14,41,31,90,90,84,84,65,65,92,82,82,82,64,92,58,58,58,86,0],"gold":233,"neow_bonus":"TRANSFORM_CARD","is_prod":false,"is_daily":false,"chose_seed":false,"campfire_upgraded":1,"win_rate":0.0,"timestamp":1560785946,"path_taken":["M","?","?","M","M","E","M","R","T","M","M","E","?","M","R","BOSS","M","M","$","M","?","R","M","R","T","E","R","M","?","?","R","BOSS"],"build_version":"2019-01-23","purchased_purges":0,"victory":false,"max_hp_per_floor":[80,80,80,80,80,80,80,80,80,80,80,90,90,90,90,90,90,90,90,90,92,92,92,92,92,92,94,94,94,94,94,94,94],"card_choices":[{"not_picked":["Flex","Fire Breathing"],"picked":"Spot Weakness","floor":1},{"not_picked":["Flex","Blood for Blood"],"picked":"Infernal Blade","floor":4},{"not_picked":["Anger","Thunderclap","Hemokinesis"],"picked":"SKIP","floor":5},{"not_picked":["Corruption","Body Slam"],"picked":"Pommel Strike","floor":6},{"not_picked":["Heavy Blade","Clash"],"picked":"Double Tap","floor":7},{"not_picked":["Rage","Feel No Pain"],"picked":"Flex","floor":10},{"not_picked":["Rampage","Ghostly Armor"],"picked":"True Grit","floor":11},{"not_picked":["Rampage","Pommel Strike"],"picked":"Heavy Blade","floor":12},{"not_picked":["Entrench","Exhume"],"picked":"Rampage","floor":14},{"not_picked":["Brutality","Dark Embrace"],"picked":"Reaper","floor":16},{"not_picked":["Clash","Heavy Blade"],"picked":"Shockwave","floor":18},{"not_picked":["Havoc","Ghostly Armor"],"picked":"Armaments","floor":19},{"not_picked":["Reckless Charge","Thunderclap","Body Slam+1"],"picked":"Singing Bowl","floor":21},{"not_picked":["Carnage","Rampage"],"picked":"Infernal Blade+1","floor":24},{"not_picked":["Anger","Iron Wave","Cleave"],"picked":"Singing Bowl","floor":27},{"not_picked":["Searing Blow","Infernal Blade+1"],"picked":"Twin Strike+1","floor":29}],"player_experience":66104,"relics_obtained":[{"floor":6,"key":"Juzu Bracelet"},{"floor":9,"key":"Whetstone"},{"floor":12,"key":"Pear"},{"floor":22,"key":"Toxic Egg 2"},{"floor":26,"key":"Anchor"},{"floor":27,"key":"Oddly Smooth Stone"}],"event_choices":[{"damage_healed":0,"gold_gain":0,"player_choice":"Leave","damage_taken":0,"max_hp_gain":0,"max_hp_loss":0,"event_name":"The Cleric","floor":2,"gold_loss":0},{"damage_healed":0,"gold_gain":75,"player_choice":"Gather Gold","damage_taken":11,"max_hp_gain":0,"max_hp_loss":0,"event_name":"World of Goop","floor":3,"gold_loss":0},{"damage_healed":0,"gold_gain":0,"player_choice":"Got Potions","damage_taken":0,"max_hp_gain":0,"max_hp_loss":0,"event_name":"Lab","floor":13,"gold_loss":0},{"damage_healed":0,"gold_gain":0,"cards_transformed":["True Grit","Strike_R"],"player_choice":"Became Test Subject","damage_taken":0,"max_hp_gain":0,"max_hp_loss":0,"event_name":"Drug Dealer","floor":30,"gold_loss":0,"cards_obtained":["Reckless Charge","Seeing Red"]},{"damage_healed":0,"gold_gain":0,"player_choice":"2 cards matched","damage_taken":0,"max_hp_gain":0,"max_hp_loss":0,"event_name":"Match and Keep!","floor":31,"gold_loss":0,"cards_obtained":["Finesse","Double Tap"]}],"is_beta":false,"boss_relics":[{"not_picked":["Orrery","Coffee Dripper"],"picked":"Sozu"}],"items_purged_floors":[],"is_endless":false,"potions_floor_spawned":[1,5,7,11,12,14,18,19,27,29],"killed_by":"Automaton","ascension_level":0}