{"gold_per_floor":[118,293,309,320,331,331,35,35,35,70,85,85],"floor_reached":12,"playtime":351,"items_purged":["Doubt"],"score":129,"play_id":"8da2cecf-da42-4eb8-a51b-9ab76279bd20","local_time":"20190522133115","is_ascension_mode":true,"campfire_choices":[{"floor":6,"key":"REST"},{"floor":8,"key":"REST"}],"neow_cost":"NONE","seed_source_timestamp":640775229424830,"circlet_count":0,"master_deck":["Strike_R","Strike_R","Strike_R","Strike_R","Strike_R","Defend_R","Defend_R","Defend_R","Defend_R","Bash","Heavy Blade","Infernal Blade","Seeing Red","Flex","Feed","Metallicize","Dropkick","Perfected Strike"],"relics":["Burning Blood","Pear","Gremlin Horn"],"potions_floor_usage":[5,11],"damage_taken":[{"damage":14,"enemies":"Jaw Worm","floor":1,"turns":3},{"damage":1,"enemies":"2 Louse","floor":3,"turns":3},{"damage":0,"enemies":"Small Slimes","floor":4,"turns":2},{"damage":78,"enemies":"Exordium Thugs","floor":5,"turns":9},{"damage":32,"enemies":"Lagavulin","floor":10,"turns":5},{"damage":0,"enemies":"Looter","floor":11,"turns":1},{"damage":54,"enemies":"Lagavulin Event","floor":12,"turns":6}],"seed_played":"-7746196634338431303","potions_obtained":[{"floor":1,"key":"Strength Potion"},{"floor":10,"key":"Fire Potion"}],"is_trial":false,"path_per_floor":["M","?","M","M","M","R","$","R","T","E","M","?"],"character_chosen":"IRONCLAD","items_purchased":["Feed","Metallicize"],"campfire_rested":2,"item_purchase_floors":[7,7],"current_hp_per_floor":[72,72,77,83,11,37,37,63,73,47,53,0],"gold":85,"neow_bonus":"TEN_PERCENT_HP_BONUS","is_prod":false,"is_daily":false,"chose_seed":false,"campfire_upgraded":0,"win_rate":0,"timestamp":1558546275,"path_taken":["M","?","M","M","M","R","$","R","T","E","M","?"],"build_version":"2019-01-23","purchased_purges":1,"victory":false,"max_hp_per_floor":[88,88,88,88,88,88,88,88,98,98,98,98],"card_choices":[{"not_picked":["Warcry","Anger"],"picked":"Heavy Blade","floor":1},{"not_picked":["Heavy Blade","Dual Wield"],"picked":"Infernal Blade","floor":3},{"not_picked":["Heavy Blade","Iron Wave"],"picked":"Seeing Red","floor":4},{"not_picked":["Rupture","Warcry"],"picked":"Flex","floor":5},{"not_picked":["Armaments","True Grit"],"picked":"Dropkick","floor":10},{"not_picked":["Feel No Pain","Body Slam"],"picked":"Perfected Strike","floor":11}],"player_experience":652020,"relics_obtained":[{"floor":9,"key":"Pear"},{"floor":10,"key":"Gremlin Horn"}],"event_choices":[{"damage_healed":0,"gold_gain":175,"player_choice":"AGREE","damage_taken":0,"max_hp_gain":0,"max_hp_loss":0,"event_name":"Liars Game","floor":2,"gold_loss":0,"cards_obtained":["Doubt"]},{"damage_healed":0,"gold_gain":0,"player_choice":"Searched \u00271\u0027 times","damage_taken":0,"max_hp_gain":0,"max_hp_loss":0,"event_name":"Dead Adventurer","floor":12,"gold_loss":0}],"is_beta":false,"boss_relics":[],"items_purged_floors":[7],"is_endless":false,"potions_floor_spawned":[1,10],"killed_by":"Lagavulin Event","ascension_level":6}