{"gold_per_floor":[114,64,81,101,113,140,160,160,187,202,202,202,214,228,228,330,330,348,22,40,40,40,40,40,51,51,63,63,125,125,157,157,258,258,275,285,64,77,97,97,110,126,207,257,257,290,38,57,57,57],"floor_reached":50,"playtime":4097,"items_purged":["Strike_G","Strike_G"],"score":600,"play_id":"1e658f09-d952-4218-a6e2-659082988fc0","local_time":"20190116030308","is_ascension_mode":false,"campfire_choices":[{"floor":8,"key":"REST"},{"data":"Backstab","floor":15,"key":"SMITH"},{"floor":23,"key":"REST"},{"floor":28,"key":"REST"},{"floor":30,"key":"REST"},{"floor":32,"key":"REST"},{"floor":40,"key":"REST"},{"data":"Terror","floor":45,"key":"SMITH"},{"floor":49,"key":"REST"}],"neow_cost":"NONE","seed_source_timestamp":599159006967673,"circlet_count":0,"master_deck":["Defend_G","Defend_G","Defend_G","Defend_G","Strike_G","Strike_G","Strike_G","Survivor","Neutralize","Dagger Throw","Quick Slash","Die Die Die","Dagger Throw","Backstab+1","Blade Dance","Crippling Poison","Flying Knee","Underhanded Strike","Unload","Finisher","Dagger Spray","Quick Slash","Blade Dance","Die Die Die","Pain","Slice","Underhanded Strike","Terror+1","Corpse Explosion","Expertise+1","Dagger Spray","Dagger Throw","Blade Dance","Underhanded Strike","Blade Dance+1","Distraction","Cloak And Dagger+1","Flying Knee","Regret","Writhe","Well Laid Plans+1","Well Laid Plans+1"],"relics":["Ring of the Snake","Bag of Preparation","Snake Skull","PreservedInsect","Cursed Key","Vajra","Nilry\u0027s Codex","SsserpentHead","Pear","Centennial Puzzle","WristBlade","Bottled Lightning","Juzu Bracelet","Kunai"],"potions_floor_usage":[6,16,16,29,33,33,48,48,50,50],"damage_taken":[{"damage":5,"enemies":"Small Slimes","floor":1,"turns":5},{"damage":10,"enemies":"2 Louse","floor":3,"turns":3},{"damage":0,"enemies":"Cultist","floor":4,"turns":3},{"damage":7,"enemies":"Exordium Wildlife","floor":5,"turns":4},{"damage":13,"enemies":"3 Sentries","floor":6,"turns":5},{"damage":0,"enemies":"2 Fungi Beasts","floor":7,"turns":1},{"damage":10,"enemies":"Looter","floor":10,"turns":2},{"damage":0,"enemies":"Gremlin Gang","floor":13,"turns":1},{"damage":0,"enemies":"3 Louse","floor":14,"turns":2},{"damage":62,"enemies":"Hexaghost","floor":16,"turns":11},{"damage":0,"enemies":"Spheric Guardian","floor":18,"turns":1},{"damage":1,"enemies":"Chosen","floor":20,"turns":3},{"damage":20,"enemies":"Centurion and Healer","floor":25,"turns":2},{"damage":15,"enemies":"3 Cultists","floor":27,"turns":3},{"damage":19,"enemies":"Shelled Parasite and Fungi","floor":29,"turns":5},{"damage":15,"enemies":"Gremlin Leader","floor":31,"turns":3},{"damage":32,"enemies":"Collector","floor":33,"turns":3},{"damage":1,"enemies":"3 Shapes","floor":35,"turns":2},{"damage":18,"enemies":"3 Darklings","floor":36,"turns":3},{"damage":0,"enemies":"Sphere and 2 Shapes","floor":38,"turns":2},{"damage":34,"enemies":"4 Shapes","floor":39,"turns":2},{"damage":1,"enemies":"Transient","floor":41,"turns":5},{"damage":10,"enemies":"Sphere and 2 Shapes","floor":42,"turns":2},{"damage":0,"enemies":"Reptomancer","floor":46,"turns":2},{"damage":26,"enemies":"4 Shapes","floor":48,"turns":2},{"damage":82,"enemies":"Awakened One","floor":50,"turns":7}],"seed_played":"2266704109204368246","potions_obtained":[{"floor":3,"key":"Poison Potion"},{"floor":5,"key":"Explosive Potion"},{"floor":10,"key":"FearPotion"},{"floor":16,"key":"Explosive Potion"},{"floor":20,"key":"Regen Potion"},{"floor":25,"key":"Block Potion"},{"floor":31,"key":"SkillPotion"},{"floor":33,"key":"FearPotion"},{"floor":35,"key":"Dexterity Potion"},{"floor":41,"key":"SteroidPotion"},{"floor":46,"key":"Explosive Potion"},{"floor":48,"key":"AttackPotion"}],"is_trial":false,"path_per_floor":["M","?","M","M","M","E","M","R","T","M","?","?","M","M","R","B",null,"M","$","M","?","?","R","?","M","T","M","R","M","R","E","R","B",null,"M","M","$","M","M","R","M","M","T","?","R","E","$","M","R","B"],"character_chosen":"THE_SILENT","items_purchased":["Vajra","Dagger Spray","Quick Slash","Dagger Throw","Blade Dance","Underhanded Strike","Kunai"],"campfire_rested":7,"item_purchase_floors":[19,19,19,37,37,37,47],"current_hp_per_floor":[65,65,55,55,48,35,35,56,56,46,69,69,69,69,69,7,70,70,70,69,53,40,62,62,42,52,37,62,43,68,53,78,55,85,84,66,66,66,32,57,56,46,46,67,67,67,67,41,66,0],"gold":57,"neow_bonus":"RANDOM_COMMON_RELIC","is_prod":false,"is_daily":false,"chose_seed":false,"campfire_upgraded":2,"win_rate":0.0,"timestamp":1547625788,"path_taken":["M","?","M","M","M","E","M","R","T","M","?","?","M","M","R","BOSS","M","$","M","?","?","R","?","M","T","M","R","?","R","E","R","BOSS","M","M","$","M","M","R","M","M","T","?","R","E","$","M","R","BOSS"],"build_version":"2019-01-10","purchased_purges":2,"victory":false,"max_hp_per_floor":[70,70,70,70,70,70,70,70,70,70,70,70,70,70,70,70,70,70,70,70,70,75,75,75,75,85,85,85,85,85,85,85,85,85,85,85,85,85,85,85,85,85,85,85,85,85,85,85,85,85],"card_choices":[{"not_picked":["PiercingWail","Prepared"],"picked":"Dagger Throw","floor":1},{"not_picked":["Backflip","Blade Dance"],"picked":"Quick Slash","floor":3},{"not_picked":["Dagger Throw","Poisoned Stab"],"picked":"Die Die Die","floor":4},{"not_picked":["Cloak And Dagger","Endless Agony"],"picked":"Dagger Throw","floor":5},{"not_picked":["Reflex","Accuracy"],"picked":"Backstab","floor":6},{"not_picked":["PiercingWail","Expertise"],"picked":"Blade Dance","floor":7},{"not_picked":["PiercingWail","Dodge and Roll"],"picked":"Crippling Poison","floor":10},{"not_picked":["Finisher","Slice"],"picked":"Flying Knee","floor":13},{"not_picked":["Riddle With Holes","Slice"],"picked":"Underhanded Strike","floor":14},{"not_picked":["Phantasmal Killer","Storm of Steel"],"picked":"Unload","floor":16},{"not_picked":["Blade Dance","Acrobatics"],"picked":"Finisher","floor":18},{"not_picked":["Accuracy","Catalyst+1"],"picked":"Blade Dance","floor":20},{"not_picked":["Bane+1","Cloak And Dagger"],"picked":"Die Die Die","floor":25},{"not_picked":["All Out Attack","Tactician"],"picked":"Slice","floor":27},{"not_picked":["Dodge and Roll+1","Catalyst"],"picked":"Underhanded Strike","floor":29},{"not_picked":["Outmaneuver","Die Die Die"],"picked":"Terror","floor":31},{"not_picked":["Malaise","Glass Knife"],"picked":"Corpse Explosion","floor":33},{"not_picked":["Eviscerate+1","Acrobatics"],"picked":"Expertise+1","floor":35},{"not_picked":["Backflip+1","Cloak And Dagger"],"picked":"Dagger Spray","floor":36},{"not_picked":["Dagger Spray+1","Calculated Gamble+1"],"picked":"Blade Dance+1","floor":38},{"not_picked":["Deadly Poison","Choke+1"],"picked":"Distraction","floor":39},{"not_picked":["Deflect","Dash+1"],"picked":"Cloak And Dagger+1","floor":41},{"not_picked":["Deflect","Unload"],"picked":"Flying Knee","floor":42},{"not_picked":["Flying Knee","Dagger Spray"],"picked":"Well Laid Plans+1","floor":46},{"not_picked":["Calculated Gamble+1","Outmaneuver"],"picked":"Well Laid Plans+1","floor":48}],"player_experience":34247,"relics_obtained":[{"floor":6,"key":"Snake Skull"},{"floor":9,"key":"PreservedInsect"},{"floor":21,"key":"Nilry\u0027s Codex"},{"floor":26,"key":"Pear"},{"floor":31,"key":"Centennial Puzzle"},{"floor":43,"key":"Bottled Lightning"},{"floor":46,"key":"Juzu Bracelet"}],"event_choices":[{"cards_removed":["Defend_G"],"damage_healed":0,"gold_gain":0,"player_choice":"Card Removal","damage_taken":0,"max_hp_gain":0,"max_hp_loss":0,"event_name":"The Cleric","floor":2,"gold_loss":50},{"damage_healed":23,"gold_gain":0,"player_choice":"Banana","damage_taken":0,"max_hp_gain":0,"max_hp_loss":0,"event_name":"Big Fish","floor":11,"gold_loss":0},{"damage_healed":0,"gold_gain":0,"player_choice":"Ignored","damage_taken":0,"max_hp_gain":0,"max_hp_loss":0,"event_name":"Liars Game","floor":12,"gold_loss":0},{"damage_healed":0,"gold_gain":0,"player_choice":"Obtained Book","damage_taken":16,"max_hp_gain":0,"max_hp_loss":0,"event_name":"Cursed Tome","floor":21,"gold_loss":0},{"damage_healed":0,"gold_gain":0,"player_choice":"Shed Blood","damage_taken":18,"max_hp_gain":5,"max_hp_loss":0,"event_name":"Forgotten Altar","floor":22,"gold_loss":0},{"damage_healed":0,"gold_gain":0,"player_choice":"Trade","damage_taken":0,"relics_obtained":["SsserpentHead"],"max_hp_gain":0,"max_hp_loss":0,"event_name":"FaceTrader","floor":24,"gold_loss":0},{"damage_healed":21,"gold_gain":0,"player_choice":"Writhe","damage_taken":0,"max_hp_gain":0,"max_hp_loss":0,"event_name":"Winding Halls","floor":44,"gold_loss":0,"cards_obtained":["Writhe"]}],"is_beta":false,"boss_relics":[{"not_picked":["Calling Bell","HoveringKite"],"picked":"Cursed Key"},{"not_picked":["Black Star","Lizard Tail"],"picked":"WristBlade"}],"items_purged_floors":[19,37],"is_endless":false,"potions_floor_spawned":[3,5,10,16,20,25,31,33,35,41,46,48],"killed_by":"Awakened One","ascension_level":0}