{"gold_per_floor":[113,127,5,5,15,15,50,50,131,131,151,169,124,183,183,183],"floor_reached":16,"playtime":670,"items_purged":["Clumsy"],"score":100,"play_id":"ac8d9da1-3152-41e6-93fb-981d28b0ff32","local_time":"20190116143716","is_ascension_mode":false,"campfire_choices":[{"data":"Defend_G","floor":6,"key":"PURGE"},{"data":"Strike_G","floor":8,"key":"PURGE"},{"data":"Backstab","floor":10,"key":"SMITH"},{"data":"Defend_G","floor":15,"key":"PURGE"}],"neow_cost":"CURSE","seed_source_timestamp":644238795085799,"circlet_count":0,"master_deck":["Defend_G","Defend_G","Defend_G","Strike_G","Strike_G","Strike_G","Strike_G","Survivor","Neutralize+1","Acrobatics","Acrobatics","Dagger Spray","Backstab+1","Slice","Backstab","Well Laid Plans","Backflip"],"relics":["Ring of the Snake","Peace Pipe","Juzu Bracelet","Pear","Bottled Flame"],"potions_floor_usage":[7],"damage_taken":[{"damage":0,"enemies":"Jaw Worm","floor":1,"turns":4},{"damage":4,"enemies":"Cultist","floor":2,"turns":6},{"damage":2,"enemies":"2 Louse","floor":5,"turns":2},{"damage":25,"enemies":"Lagavulin","floor":7,"turns":8},{"damage":8,"enemies":"Large Slime","floor":11,"turns":7},{"damage":0,"enemies":"Looter","floor":12,"turns":2},{"damage":26,"enemies":"3 Sentries","floor":14,"turns":6},{"damage":30,"enemies":"Slime Boss","floor":16,"turns":3}],"seed_played":"7302735960472587188","potions_obtained":[{"floor":1,"key":"Poison Potion"},{"floor":2,"key":"SneckoOil"},{"floor":12,"key":"GamblersBrew"}],"is_trial":false,"path_per_floor":["M","M","$","?","M","R","E","R","T","R","M","M","$","?","R","B"],"character_chosen":"THE_SILENT","items_purchased":["Dagger Spray","Backflip"],"campfire_rested":0,"item_purchase_floors":[3,13],"current_hp_per_floor":[70,66,66,66,64,64,39,39,49,49,41,41,41,15,15,0],"gold":183,"neow_bonus":"ONE_RARE_RELIC","is_prod":false,"is_daily":false,"chose_seed":false,"campfire_upgraded":1,"win_rate":0.0,"timestamp":1547667436,"path_taken":["M","M","$","?","M","R","E","R","T","R","M","M","?","?","R","BOSS"],"build_version":"2019-01-10","purchased_purges":1,"victory":false,"max_hp_per_floor":[70,70,70,70,70,70,70,70,80,80,80,80,80,80,80,80],"card_choices":[{"not_picked":["Bouncing Flask","All Out Attack"],"picked":"Acrobatics","floor":1},{"not_picked":["Deadly Poison","Endless Agony"],"picked":"Acrobatics","floor":2},{"not_picked":["Dash","Prepared"],"picked":"Backstab","floor":5},{"not_picked":["Phantasmal Killer","Doppelganger"],"picked":"Slice","floor":7},{"not_picked":["Flying Knee","Dodge and Roll"],"picked":"Backstab","floor":11},{"not_picked":["Skewer","Deflect"],"picked":"Well Laid Plans","floor":12}],"player_experience":50409,"relics_obtained":[{"floor":7,"key":"Juzu Bracelet"},{"floor":9,"key":"Pear"},{"floor":14,"key":"Bottled Flame"}],"event_choices":[{"damage_healed":0,"gold_gain":0,"player_choice":"Forge","damage_taken":0,"max_hp_gain":0,"max_hp_loss":0,"event_name":"Accursed Blacksmith","floor":4,"gold_loss":0,"cards_upgraded":["Neutralize"]},{"damage_healed":0,"gold_gain":0,"player_choice":"Searched \u00272\u0027 times","damage_taken":0,"max_hp_gain":0,"max_hp_loss":0,"event_name":"Dead Adventurer","floor":14,"gold_loss":0}],"is_beta":false,"boss_relics":[],"items_purged_floors":[3],"is_endless":false,"potions_floor_spawned":[1,2,12],"killed_by":"Slime Boss","ascension_level":0}