{"gold_per_floor":[212,111,186,198,198,198,227,244,244,40,40,5,23,43,43,143,143,158,176,194,194,109,109,129,129,129,129,144,162,162,177,177,177],"floor_reached":33,"playtime":1930,"items_purged":[],"score":299,"play_id":"599a26db-64b8-4814-9d4e-08e582a4b854","local_time":"20190118200123","is_ascension_mode":true,"campfire_choices":[{"data":"Dagger Spray","floor":6,"key":"SMITH"},{"floor":15,"key":"REST"},{"floor":23,"key":"REST"},{"floor":25,"key":"REST"},{"floor":27,"key":"REST"},{"data":"Sucker Punch","floor":30,"key":"SMITH"},{"floor":32,"key":"REST"}],"neow_cost":"NONE","seed_source_timestamp":835223320366067,"circlet_count":0,"master_deck":["Defend_G","Defend_G","Defend_G","Defend_G","Defend_G","Strike_G","Strike_G","Strike_G","Strike_G","Strike_G","Survivor","Neutralize+1","Sucker Punch+1","Dagger Spray+1","PiercingWail","Dodge and Roll","Cloak And Dagger","All Out Attack","Footwork","Deadly Poison","Skewer","Corpse Explosion","Dagger Spray","PiercingWail+1","Accuracy+1","Backflip+1","Deadly Poison","Dodge and Roll+1"],"relics":["Ring of the Snake","Ice Cream","The Specimen","Tiny Chest","Philosopher\u0027s Stone","Orichalcum","Potion Belt"],"potions_floor_usage":[16,16,20,33,33],"damage_taken":[{"damage":12,"enemies":"Small Slimes","floor":1,"turns":5},{"damage":0,"enemies":"Cultist","floor":4,"turns":4},{"damage":30,"enemies":"3 Sentries","floor":7,"turns":8},{"damage":0,"enemies":"Jaw Worm","floor":8,"turns":3},{"damage":9,"enemies":"Large Slime","floor":13,"turns":6},{"damage":0,"enemies":"2 Fungi Beasts","floor":14,"turns":2},{"damage":39,"enemies":"Slime Boss","floor":16,"turns":14},{"damage":31,"enemies":"Spheric Guardian","floor":18,"turns":8},{"damage":7,"enemies":"3 Byrds","floor":19,"turns":4},{"damage":19,"enemies":"Snake Plant","floor":20,"turns":6},{"damage":7,"enemies":"Centurion and Healer","floor":24,"turns":5},{"damage":27,"enemies":"Snecko","floor":28,"turns":10},{"damage":8,"enemies":"Chosen and Byrds","floor":29,"turns":5},{"damage":9,"enemies":"Snake Plant","floor":31,"turns":6},{"damage":32,"enemies":"Champ","floor":33,"turns":10}],"seed_played":"4307723202459706920","potions_obtained":[{"floor":8,"key":"SkillPotion"},{"floor":13,"key":"Explosive Potion"},{"floor":16,"key":"Dexterity Potion"},{"floor":24,"key":"Fire Potion"},{"floor":29,"key":"GhostInAJar"},{"floor":31,"key":"Poison Potion"}],"is_trial":false,"path_per_floor":["M","$","?","M","?","R","E","M","T","$","?","?","M","M","R","B",null,"M","M","M","?","?","R","M","R","T","R","M","M","R","M","R","B"],"character_chosen":"THE_SILENT","items_purchased":["Dagger Spray","PiercingWail","Footwork","Tiny Chest"],"campfire_rested":5,"item_purchase_floors":[2,2,10,10],"current_hp_per_floor":[58,58,47,47,47,47,17,17,17,17,40,57,48,48,69,30,70,39,32,13,13,13,34,27,48,48,69,42,34,34,25,46,14],"gold":177,"neow_bonus":"HUNDRED_GOLD","is_prod":false,"is_daily":false,"chose_seed":false,"campfire_upgraded":2,"win_rate":0,"timestamp":1547859683,"path_taken":["M","$","?","M","?","R","E","?","T","?","?","?","M","M","R","BOSS","M","M","M","?","?","R","M","R","T","R","M","M","R","M","R","BOSS"],"build_version":"2019-01-17v2","purchased_purges":0,"victory":false,"max_hp_per_floor":[70,70,70,70,70,70,70,70,70,70,70,70,70,70,70,70,70,70,70,70,70,70,70,70,70,70,70,70,70,70,70,70,70],"card_choices":[{"not_picked":["Outmaneuver","Slice"],"picked":"Sucker Punch","floor":1},{"not_picked":["Calculated Gamble","Setup"],"picked":"Dodge and Roll","floor":4},{"not_picked":["Unload","Dodge and Roll"],"picked":"Cloak And Dagger","floor":7},{"not_picked":["Underhanded Strike","Outmaneuver"],"picked":"All Out Attack","floor":8},{"not_picked":["Outmaneuver","Flying Knee"],"picked":"Deadly Poison","floor":13},{"not_picked":["Escape Plan","Prepared"],"picked":"Skewer","floor":14},{"not_picked":["Bullet Time","Adrenaline"],"picked":"Corpse Explosion","floor":16},{"not_picked":["Prepared","Dodge and Roll","Reflex"],"picked":"SKIP","floor":18},{"not_picked":["Caltrops","Accuracy"],"picked":"Dagger Spray","floor":19},{"not_picked":["Riddle With Holes","Dagger Spray"],"picked":"PiercingWail+1","floor":20},{"not_picked":["All Out Attack","Prepared+1"],"picked":"Accuracy+1","floor":24},{"not_picked":["Flying Knee+1","Deflect"],"picked":"Backflip+1","floor":28},{"not_picked":["Riddle With Holes","Endless Agony"],"picked":"Deadly Poison","floor":29},{"not_picked":["Cloak And Dagger","Quick Slash"],"picked":"Dodge and Roll+1","floor":31}],"player_experience":98481,"relics_obtained":[{"floor":7,"key":"Ice Cream"},{"floor":9,"key":"The Specimen"},{"floor":26,"key":"Potion Belt"}],"event_choices":[{"damage_healed":0,"gold_gain":75,"player_choice":"Gather Gold","damage_taken":11,"max_hp_gain":0,"max_hp_loss":0,"event_name":"World of Goop","floor":3,"gold_loss":0},{"damage_healed":0,"gold_gain":0,"player_choice":"Forge","damage_taken":0,"max_hp_gain":0,"max_hp_loss":0,"event_name":"Accursed Blacksmith","floor":5,"gold_loss":0,"cards_upgraded":["Neutralize"]},{"damage_healed":23,"gold_gain":0,"player_choice":"Banana","damage_taken":0,"max_hp_gain":0,"max_hp_loss":0,"event_name":"Big Fish","floor":11,"gold_loss":0},{"damage_healed":17,"gold_gain":0,"player_choice":"Healed","damage_taken":0,"max_hp_gain":0,"max_hp_loss":0,"event_name":"The Cleric","floor":12,"gold_loss":35},{"damage_healed":0,"gold_gain":0,"player_choice":"Ignored","damage_taken":0,"max_hp_gain":0,"max_hp_loss":0,"event_name":"Vampires","floor":21,"gold_loss":0},{"damage_healed":0,"gold_gain":0,"player_choice":"Obtained Relic","damage_taken":0,"relics_obtained":["Orichalcum"],"max_hp_gain":0,"max_hp_loss":0,"event_name":"Addict","floor":22,"gold_loss":85}],"is_beta":false,"boss_relics":[{"not_picked":["Velvet Choker","Astrolabe"],"picked":"Philosopher\u0027s Stone"}],"items_purged_floors":[],"is_endless":false,"potions_floor_spawned":[8,13,16,24,29,31],"killed_by":"Champ","ascension_level":4}