{"gold_per_floor":[116,116,131,56,56,90,90,107,107,117,117,133,144,144,144,144],"floor_reached":16,"playtime":595,"items_purged":["Strike_G"],"score":254,"play_id":"3c16ed39-2198-496d-bfa7-23a17aadfeb1","local_time":"20190103132354","is_ascension_mode":true,"campfire_choices":[{"data":"Wraith Form v2","floor":7,"key":"SMITH"},{"data":"Dagger Spray","floor":11,"key":"SMITH"},{"data":"Deadly Poison","floor":15,"key":"SMITH"}],"neow_cost":"NONE","seed_source_timestamp":4902457229983,"circlet_count":0,"master_deck":["AscendersBane","Defend_G","Defend_G","Defend_G","Defend_G","Defend_G","Strike_G","Strike_G","Strike_G","Strike_G","Survivor","Neutralize","Dagger Spray+1","Wraith Form v2+1","Backflip","Deadly Poison","PiercingWail","Deadly Poison+1"],"relics":["Ring of the Snake","NeowsBlessing","Shuriken","Centennial Puzzle"],"potions_floor_usage":[16],"damage_taken":[{"damage":0,"enemies":"2 Louse","floor":1,"turns":1},{"damage":0,"enemies":"Cultist","floor":3,"turns":1},{"damage":0,"enemies":"Lagavulin","floor":6,"turns":1},{"damage":1,"enemies":"Small Slimes","floor":8,"turns":4},{"damage":17,"enemies":"Exordium Thugs","floor":10,"turns":6},{"damage":1,"enemies":"Looter","floor":12,"turns":4},{"damage":2,"enemies":"2 Fungi Beasts","floor":13,"turns":4},{"damage":38,"enemies":"Hexaghost","floor":16,"turns":9}],"seed_played":"-4481045784814201136","potions_obtained":[{"floor":1,"key":"Poison Potion"},{"floor":3,"key":"FearPotion"},{"floor":5,"key":"SmokeBomb"},{"floor":5,"key":"LiquidBronze"}],"is_trial":false,"path_per_floor":["M","?","M","$","?","E","R","M","T","M","R","M","M","?","R","B"],"character_chosen":"THE_SILENT","items_purchased":[],"campfire_rested":0,"item_purchase_floors":[],"current_hp_per_floor":[59,59,59,59,59,59,59,58,58,41,41,40,38,38,38,0],"gold":144,"neow_bonus":"THREE_ENEMY_KILL","is_prod":false,"is_daily":false,"chose_seed":false,"campfire_upgraded":3,"win_rate":0,"timestamp":1546532634,"path_taken":["M","?","?","$","?","E","R","M","T","M","R","M","?","?","R","BOSS"],"build_version":"2018-12-20","purchased_purges":1,"victory":false,"max_hp_per_floor":[66,66,66,66,66,66,66,66,66,66,66,66,66,66,66,66],"card_choices":[{"not_picked":["Terror","Well Laid Plans"],"picked":"Dagger Spray","floor":1},{"not_picked":["Cloak And Dagger","Backstab"],"picked":"Backflip","floor":3},{"not_picked":["Masterful Stab","Backflip"],"picked":"Deadly Poison","floor":6},{"not_picked":["Slice","All Out Attack","Infinite Blades"],"picked":"SKIP","floor":8},{"not_picked":["Slice","All Out Attack","Infinite Blades"],"picked":"SKIP","floor":8},{"not_picked":["Quick Slash","Prepared","Endless Agony"],"picked":"SKIP","floor":10},{"not_picked":["Quick Slash","Masterful Stab"],"picked":"PiercingWail","floor":12},{"not_picked":["After Image","Bane"],"picked":"Deadly Poison","floor":13}],"player_experience":678304,"relics_obtained":[{"floor":6,"key":"Shuriken"},{"floor":9,"key":"Centennial Puzzle"}],"event_choices":[{"damage_healed":0,"gold_gain":0,"player_choice":"2 cards matched","damage_taken":0,"max_hp_gain":0,"max_hp_loss":0,"event_name":"Match and Keep!","floor":2,"gold_loss":0,"cards_obtained":["Wraith Form v2","Neutralize"]},{"damage_healed":0,"gold_gain":0,"player_choice":"2 cards matched","damage_taken":0,"max_hp_gain":0,"max_hp_loss":0,"event_name":"Match and Keep!","floor":2,"gold_loss":0,"cards_obtained":["Wraith Form v2","Neutralize"]},{"damage_healed":0,"gold_gain":0,"player_choice":"Got Potions","damage_taken":0,"max_hp_gain":0,"max_hp_loss":0,"event_name":"Lab","floor":5,"gold_loss":0},{"cards_removed":["Neutralize"],"damage_healed":0,"gold_gain":0,"player_choice":"Offered Basic","damage_taken":0,"max_hp_gain":0,"max_hp_loss":0,"event_name":"Bonfire Elementals","floor":14,"gold_loss":0}],"is_beta":false,"boss_relics":[],"items_purged_floors":[4],"is_endless":false,"potions_floor_spawned":[1,3,10,12],"killed_by":"Hexaghost","ascension_level":20}