{"gold_per_floor":[110,110,110,122,135,135,198,198,222,251,81,113,113,130,130,227,227,241,241,34,34,53,53,72,72],"floor_reached":25,"playtime":1520,"items_purged":[],"score":230,"play_id":"aa5ed987-00b7-4560-974a-510f727c7c42","local_time":"20190123145655","is_ascension_mode":true,"campfire_choices":[{"data":"Power Through","floor":6,"key":"SMITH"},{"data":"Fire Breathing","floor":8,"key":"SMITH"},{"floor":15,"key":"REST"},{"floor":23,"key":"REST"}],"neow_cost":"NONE","seed_source_timestamp":1564172694313842,"circlet_count":0,"master_deck":["Strike_R","Strike_R","Strike_R","Strike_R","Strike_R+1","Defend_R","Defend_R","Defend_R","Defend_R","Bash","Clothesline+1","Power Through+1","Fire Breathing+1","Thunderclap","Pommel Strike","Mayhem","Sword Boomerang","Iron Wave","Berserk","Thunderclap","Jack Of All Trades","Jack Of All Trades","Purity","Madness","Whirlwind+1","Sentinel+1"],"relics":["Burning Blood","NeowsBlessing","Potion Belt","Tiny Chest","Smiling Mask","Whetstone","Regal Pillow","Question Card","White Beast Statue","Lee\u0027s Waffle"],"potions_floor_usage":[7,7,7,7,7,7,12,14,16,18,22,22,24,25],"damage_taken":[{"damage":0,"enemies":"2 Louse","floor":1,"turns":1},{"damage":0,"enemies":"Small Slimes","floor":4,"turns":1},{"damage":0,"enemies":"Cultist","floor":5,"turns":1},{"damage":14,"enemies":"Gremlin Nob","floor":7,"turns":4},{"damage":37,"enemies":"Lagavulin","floor":10,"turns":9},{"damage":22,"enemies":"3 Sentries","floor":12,"turns":6},{"damage":10,"enemies":"Exordium Thugs","floor":14,"turns":3},{"damage":52,"enemies":"Slime Boss","floor":16,"turns":11},{"damage":36,"enemies":"2 Thieves","floor":18,"turns":4},{"damage":40,"enemies":"Spheric Guardian","floor":22,"turns":5},{"damage":7,"enemies":"Snake Plant","floor":24,"turns":4},{"damage":72,"enemies":"Slavers","floor":25,"turns":4}],"seed_played":"5931008506068829837","potions_obtained":[{"floor":3,"key":"Poison Potion"},{"floor":3,"key":"EssenceOfSteel"},{"floor":3,"key":"EntropicBrew"},{"floor":4,"key":"Dexterity Potion"},{"floor":10,"key":"Swift Potion"},{"floor":16,"key":"SkillPotion"},{"floor":18,"key":"Swift Potion"},{"floor":22,"key":"AttackPotion"},{"floor":24,"key":"BloodPotion"}],"is_trial":false,"path_per_floor":["?","?","M","T","?","?"],"character_chosen":"IRONCLAD","items_purchased":["Mayhem","Lee\u0027s Waffle"],"campfire_rested":2,"item_purchase_floors":[11,20],"current_hp_per_floor":[80,68,68,74,80,80,72,72,72,41,41,25,25,21,60,14,80,50,50,87,47,22,63,62,0],"gold":72,"neow_bonus":"THREE_ENEMY_KILL","is_prod":false,"is_daily":false,"chose_seed":false,"campfire_upgraded":2,"win_rate":0,"timestamp":1548273415,"path_taken":["M","?","?","M","?","R","E","R","T","E","$","E","?","M","R","BOSS","M","?","$","?","M","R","M","E"],"build_version":"2019-01-23","purchased_purges":0,"victory":false,"max_hp_per_floor":[80,80,80,80,80,80,80,80,80,80,80,80,80,80,80,80,80,80,80,87,87,87,87,87,87],"card_choices":[{"not_picked":["Body Slam","Blood for Blood"],"picked":"Clothesline","floor":1},{"not_picked":["Dropkick","Perfected Strike"],"picked":"Power Through","floor":4},{"not_picked":["Iron Wave","Havoc"],"picked":"Fire Breathing","floor":5},{"not_picked":["Hemokinesis","Power Through"],"picked":"Thunderclap","floor":7},{"not_picked":["Corruption","Battle Trance"],"picked":"Pommel Strike","floor":10},{"not_picked":["Impervious","Body Slam"],"picked":"Sword Boomerang","floor":12},{"not_picked":["Twin Strike","Corruption","Perfected Strike"],"picked":"Iron Wave","floor":14},{"not_picked":["Offering","Barricade","Impervious"],"picked":"Berserk","floor":16},{"not_picked":["True Grit","Havoc","Dropkick"],"picked":"Thunderclap","floor":18},{"not_picked":["Perfected Strike+1","Seeing Red","Twin Strike"],"picked":"Whirlwind+1","floor":22},{"not_picked":["Corruption","Entrench","Headbutt"],"picked":"Sentinel+1","floor":24}],"player_experience":330225,"relics_obtained":[{"floor":7,"key":"Tiny Chest"},{"floor":9,"key":"Smiling Mask"},{"floor":10,"key":"Whetstone"},{"floor":12,"key":"Regal Pillow"},{"floor":13,"key":"Question Card"}],"event_choices":[{"damage_healed":0,"gold_gain":0,"player_choice":"Success","damage_taken":12,"relics_obtained":["Potion Belt"],"max_hp_gain":0,"max_hp_loss":0,"event_name":"Scrap Ooze","floor":2,"gold_loss":0},{"damage_healed":0,"gold_gain":0,"player_choice":"Got Potions","damage_taken":0,"max_hp_gain":0,"max_hp_loss":0,"event_name":"Lab","floor":3,"gold_loss":0},{"damage_healed":0,"gold_gain":0,"player_choice":"Ignored","damage_taken":0,"max_hp_gain":0,"max_hp_loss":0,"event_name":"Beggar","floor":19,"gold_loss":0},{"damage_healed":0,"gold_gain":0,"player_choice":"CARD CARD CARD CARD ","damage_taken":40,"max_hp_gain":0,"max_hp_loss":0,"event_name":"Knowing Skull","floor":21,"potions_obtained":[],"gold_loss":0,"cards_obtained":["Jack Of All Trades","Jack Of All Trades","Purity","Madness"]}],"is_beta":false,"boss_relics":[{"not_picked":["Ectoplasm","Eternal Feather"],"picked":"White Beast Statue"}],"items_purged_floors":[],"is_endless":false,"potions_floor_spawned":[4,10,16,18,22,24],"killed_by":"Slavers","ascension_level":1}