{"gold_per_floor":[111,127,127,79,79,79,97,97,97,113,113,146,146,146,146,146],"floor_reached":16,"playtime":759,"items_purged":[],"score":118,"play_id":"0bc6fd06-b1ab-4857-bab6-de5f25b23d0f","local_time":"20181022180526","is_ascension_mode":true,"campfire_choices":[{"data":"Inflame","floor":6,"key":"SMITH"},{"data":"Infernal Blade","floor":11,"key":"SMITH"},{"data":"Feed","floor":13,"key":"SMITH"},{"data":"Armaments","floor":15,"key":"SMITH"}],"neow_cost":"NONE","seed_source_timestamp":9229201789345,"circlet_count":0,"master_deck":["Strike_R","Strike_R","Strike_R","Strike_R","Strike_R","Defend_R","Defend_R","Defend_R","Defend_R","Bash","Armaments+1","Inflame+1","Shrug It Off","Infernal Blade+1","Cleave","Heavy Blade","Brutality","Feed+1"],"relics":["Burning Blood","Orichalcum","Prayer Wheel","PreservedInsect","Smiling Mask","Dodecahedron"],"potions_floor_usage":[12],"damage_taken":[{"damage":0,"enemies":"2 Louse","floor":1,"turns":3},{"damage":9,"enemies":"Jaw Worm","floor":2,"turns":3},{"damage":8,"enemies":"Small Slimes","floor":7,"turns":5},{"damage":2,"enemies":"Exordium Wildlife","floor":10,"turns":3},{"damage":10,"enemies":"Lagavulin","floor":12,"turns":7},{"damage":69,"enemies":"Hexaghost","floor":16,"turns":11}],"seed_played":"-5505140536574935242","potions_obtained":[{"floor":2,"key":"SkillPotion"},{"floor":7,"key":"SpeedPotion"}],"is_trial":false,"path_per_floor":["M","M","?","$","?","R","M","?","T","M","R","E","R","T","R"],"character_chosen":"IRONCLAD","items_purchased":["Shrug It Off"],"campfire_rested":0,"item_purchase_floors":[4],"current_hp_per_floor":[80,77,77,77,77,77,75,68,68,72,72,68,68,68,68,0],"gold":146,"neow_bonus":"RANDOM_COMMON_RELIC","is_prod":false,"is_daily":false,"chose_seed":false,"campfire_upgraded":4,"win_rate":0,"timestamp":1540242326,"path_taken":["M","M","?","$","?","R","M","?","T","?","R","E","R","?","R","BOSS"],"build_version":"2018-10-18","purchased_purges":0,"victory":false,"max_hp_per_floor":[80,80,80,80,80,80,80,80,80,80,80,80,80,80,80,80],"card_choices":[{"not_picked":["True Grit","Wild Strike"],"picked":"Armaments","floor":1},{"not_picked":["Spot Weakness","Cleave"],"picked":"Inflame","floor":2},{"not_picked":["True Grit","Dual Wield"],"picked":"Infernal Blade","floor":7},{"not_picked":["Metallicize","True Grit"],"picked":"Cleave","floor":7},{"not_picked":["Burning Pact","Twin Strike"],"picked":"Heavy Blade","floor":10},{"not_picked":["Disarm","Rage"],"picked":"Brutality","floor":10},{"not_picked":["Sword Boomerang","Clash"],"picked":"Feed","floor":12}],"player_experience":181959,"relics_obtained":[{"floor":9,"key":"PreservedInsect"},{"floor":12,"key":"Smiling Mask"},{"floor":14,"key":"Dodecahedron"}],"event_choices":[{"damage_healed":0,"gold_gain":0,"player_choice":"Leave","damage_taken":0,"max_hp_gain":0,"max_hp_loss":0,"event_name":"The Cleric","floor":3,"gold_loss":0},{"damage_healed":0,"gold_gain":0,"player_choice":"Box","damage_taken":0,"relics_obtained":["Prayer Wheel"],"max_hp_gain":0,"max_hp_loss":0,"event_name":"Big Fish","floor":5,"gold_loss":0,"cards_obtained":["Regret"]},{"cards_removed":["Regret"],"damage_healed":0,"gold_gain":0,"player_choice":"Card Removal","damage_taken":7,"max_hp_gain":0,"max_hp_loss":0,"event_name":"Golden Wing","floor":8,"gold_loss":0}],"is_beta":false,"boss_relics":[],"items_purged_floors":[],"is_endless":false,"potions_floor_spawned":[2,7],"killed_by":"Hexaghost","ascension_level":4}