{"gold_per_floor":[366,99,117,131,131,131,149,149,149,149,160,2,2,2,2,76,76,94,104,104,4,54,54,54,54,131,141,141,159,178,196,196,196],"floor_reached":33,"playtime":1518,"items_purged":["Strike_G","Eviscerate+1"],"score":427,"play_id":"c8c5e245-ba74-472d-ab6d-237f7f55469c","local_time":"20190616125248","is_ascension_mode":true,"campfire_choices":[{"data":"Dagger Spray","floor":6,"key":"SMITH"},{"data":"Dagger Spray","floor":8,"key":"SMITH"},{"data":"Crippling Poison","floor":10,"key":"SMITH"},{"floor":13,"key":"REST"},{"data":"Neutralize","floor":15,"key":"SMITH"},{"data":"Survivor","floor":23,"key":"SMITH"},{"data":"Dagger Spray","floor":25,"key":"SMITH"},{"data":"Footwork","floor":28,"key":"SMITH"},{"data":"Skewer","floor":32,"key":"SMITH"}],"neow_cost":"PERCENT_DAMAGE","seed_source_timestamp":326950039492999,"circlet_count":0,"master_deck":["AscendersBane","Defend_G","Defend_G","Defend_G","Defend_G","Strike_G","Strike_G","Survivor+1","Neutralize+1","Dagger Spray+1","Dagger Spray+1","Die Die Die","Dagger Spray+1","Crippling Poison+1","Burst","All Out Attack+1","Doppelganger+1","Deadly Poison+1","Backflip+1","Footwork+1","Escape Plan","Skewer+1"],"relics":["Ring of the Snake","Pear","Bottled Lightning","Regal Pillow","Astrolabe","Meat on the Bone"],"potions_floor_usage":[16,18,30,33,33],"damage_taken":[{"damage":0,"enemies":"2 Louse","floor":1,"turns":2},{"damage":2,"enemies":"Jaw Worm","floor":3,"turns":4},{"damage":0,"enemies":"Cultist","floor":4,"turns":3},{"damage":0,"enemies":"Looter","floor":7,"turns":2},{"damage":4,"enemies":"Blue Slaver","floor":11,"turns":3},{"damage":23,"enemies":"Slime Boss","floor":16,"turns":10},{"damage":10,"enemies":"Chosen","floor":18,"turns":5},{"damage":16,"enemies":"2 Thieves","floor":19,"turns":2},{"damage":33,"enemies":"Snake Plant","floor":27,"turns":5},{"damage":2,"enemies":"Cultist and Chosen","floor":29,"turns":6},{"damage":15,"enemies":"Centurion and Healer","floor":30,"turns":10},{"damage":0,"enemies":"3 Cultists","floor":31,"turns":3},{"damage":57,"enemies":"Champ","floor":33,"turns":9}],"seed_played":"4742585402073789615","potions_obtained":[{"floor":3,"key":"AttackPotion"},{"floor":4,"key":"Strength Potion"},{"floor":11,"key":"GhostInAJar"},{"floor":16,"key":"PowerPotion"},{"floor":19,"key":"PowerPotion"},{"floor":31,"key":"Dexterity Potion"}],"is_trial":false,"path_per_floor":["M","$","M","M","?","R","M","R","T","R","M","$","R","$","R","B",null,"M","M","?","$","?","R","$","R","T","M","R","M","M","M","R","B"],"character_chosen":"THE_SILENT","items_purchased":["Dagger Spray","Die Die Die","Regal Pillow"],"campfire_rested":1,"item_purchase_floors":[2,2,12],"current_hp_per_floor":[44,44,42,42,26,26,26,26,26,26,22,22,59,59,59,36,66,56,40,36,36,36,36,36,36,36,15,15,25,22,34,34,0],"gold":196,"neow_bonus":"TWO_FIFTY_GOLD","is_prod":false,"is_daily":false,"chose_seed":false,"campfire_upgraded":8,"win_rate":0,"timestamp":1560660768,"path_taken":["M","$","M","M","?","R","M","R","T","R","M","$","R","$","R","BOSS","M","M","?","?","?","R","?","R","T","M","R","M","M","M","R","BOSS"],"build_version":"2019-01-23","purchased_purges":2,"victory":false,"max_hp_per_floor":[66,66,66,66,76,76,76,76,76,76,76,76,76,76,76,76,76,76,76,76,76,76,76,76,76,76,76,76,76,76,76,76,76],"card_choices":[{"not_picked":["Poisoned Stab","Quick Slash"],"picked":"Dagger Spray","floor":1},{"not_picked":["Blade Dance","Catalyst"],"picked":"Dagger Spray","floor":3},{"not_picked":["Acrobatics","Bane"],"picked":"Crippling Poison","floor":4},{"not_picked":["Dagger Throw","Prepared","Bouncing Flask"],"picked":"SKIP","floor":7},{"not_picked":["Distraction","Deadly Poison","Flechettes"],"picked":"SKIP","floor":11},{"not_picked":["Glass Knife","Bullet Time"],"picked":"Burst","floor":16},{"not_picked":["Noxious Fumes","Dagger Spray"],"picked":"Deadly Poison+1","floor":18},{"not_picked":["PiercingWail","Reflex+1"],"picked":"Backflip+1","floor":19},{"not_picked":["Deflect","Poisoned Stab"],"picked":"Footwork","floor":27},{"not_picked":["Distraction","Flying Knee+1"],"picked":"Escape Plan","floor":29},{"not_picked":["Poisoned Stab","Flechettes+1","Predator"],"picked":"SKIP","floor":30},{"not_picked":["Unload","Deadly Poison"],"picked":"Skewer","floor":31}],"player_experience":878391,"relics_obtained":[{"floor":9,"key":"Bottled Lightning"},{"floor":26,"key":"Meat on the Bone"}],"event_choices":[{"damage_healed":0,"gold_gain":0,"player_choice":"Success","damage_taken":26,"relics_obtained":["Pear"],"max_hp_gain":0,"max_hp_loss":0,"event_name":"Scrap Ooze","floor":5,"gold_loss":0},{"damage_healed":0,"gold_gain":0,"player_choice":"Bought 0 Potions","damage_taken":0,"max_hp_gain":0,"max_hp_loss":0,"event_name":"The Woman in Blue","floor":20,"gold_loss":0},{"damage_healed":0,"gold_gain":50,"player_choice":"Stole From Cult","damage_taken":0,"max_hp_gain":0,"max_hp_loss":0,"event_name":"Nest","floor":22,"gold_loss":0}],"is_beta":false,"boss_relics":[{"not_picked":["WristBlade","Ring of the Serpent"],"picked":"Astrolabe"}],"items_purged_floors":[2,21],"is_endless":false,"potions_floor_spawned":[3,4,11,16,19,29,31],"killed_by":"Champ","ascension_level":16}