{"gold_per_floor":[114,129,129,129,144,144,174,174,174,189,189,189,239,254,254,354,384,399,498,236,251,326,356,164,179,179,194,44,44,144,159,159,259,259,274,274,289,16,16,47,62,39,64,64],"floor_reached":44,"playtime":2173,"items_purged":["Doubt"],"score":501,"play_id":"17552b9b-79d6-482d-98b3-58825d462ed4","local_time":"20190124194312","daily_mods":["Draft","Red Cards","Binary"],"is_ascension_mode":false,"campfire_choices":[{"data":"Iron Wave","floor":6,"key":"SMITH"},{"data":"Iron Wave","floor":8,"key":"SMITH"},{"data":"Rage","floor":15,"key":"SMITH"},{"data":"Apotheosis","floor":29,"key":"SMITH"},{"floor":32,"key":"REST"}],"neow_cost":"","seed_source_timestamp":0,"circlet_count":0,"master_deck":["Poisoned Stab","Flying Knee","Rage+1","Anger","PiercingWail","Metallicize","Backflip","Masterful Stab","Dagger Spray","Deadly Poison","Quick Slash","Prepared","Iron Wave+1","Clothesline","Calculated Gamble+1","Bane","Iron Wave+1","Acrobatics","Power Through","Sucker Punch","Venomology","Injury","Writhe","All Out Attack","Burning Pact","Twin Strike","Inflame","Apotheosis+1","Poisoned Stab","Noxious Fumes","Armaments","Dagger Spray","Reaper","Catalyst+1","Flame Barrier+1","Infinite Blades","Madness","Shrug It Off+1","Sword Boomerang+1","Iron Wave"],"special_seed":17921,"relics":["Ring of the Serpent","WarpedTongs","Potion Belt","Mercury Hourglass","Snake Skull","Regal Pillow","Calling Bell","Tiny Chest","Question Card","Calipers","Boot","Ornamental Fan","Meat on the Bone","Dream Catcher","Pen Nib","Turnip","Singing Bowl","Happy Flower","Girya","Oddly Smooth Stone"],"potions_floor_usage":[16,23,23,25,27,30,30,30,30,33,33,40,41],"damage_taken":[{"damage":0,"enemies":"Small Slimes","floor":1,"turns":2},{"damage":0,"enemies":"2 Louse","floor":2,"turns":2},{"damage":1,"enemies":"Cultist","floor":5,"turns":2},{"damage":6,"enemies":"Gremlin Nob","floor":7,"turns":3},{"damage":2,"enemies":"Blue Slaver","floor":10,"turns":2},{"damage":0,"enemies":"Large Slime","floor":14,"turns":3},{"damage":0,"enemies":"The Guardian","floor":16,"turns":8},{"damage":0,"enemies":"Chosen","floor":18,"turns":6},{"damage":8,"enemies":"2 Thieves","floor":21,"turns":4},{"damage":5,"enemies":"Book of Stabbing","floor":23,"turns":6},{"damage":31,"enemies":"Sentry and Sphere","floor":25,"turns":6},{"damage":24,"enemies":"Cultist and Chosen","floor":27,"turns":6},{"damage":4,"enemies":"Colosseum Slavers","floor":30,"turns":3},{"damage":21,"enemies":"Colosseum Nobs","floor":30,"turns":3},{"damage":14,"enemies":"3 Cultists","floor":31,"turns":4},{"damage":43,"enemies":"Champ","floor":33,"turns":9},{"damage":6,"enemies":"3 Shapes","floor":35,"turns":2},{"damage":26,"enemies":"3 Darklings","floor":37,"turns":5},{"damage":47,"enemies":"2 Orb Walkers","floor":40,"turns":5},{"damage":18,"enemies":"Transient","floor":41,"turns":5},{"damage":34,"enemies":"Maw","floor":44,"turns":5}],"seed_played":"-8504113597204793888","potions_obtained":[{"floor":5,"key":"Dexterity Potion"},{"floor":7,"key":"Poison Potion"},{"floor":16,"key":"Explosive Potion"},{"floor":18,"key":"SteroidPotion"},{"floor":25,"key":"Regen Potion"},{"floor":31,"key":"Strength Potion"},{"floor":33,"key":"Energy Potion"},{"floor":35,"key":"SteroidPotion"}],"is_trial":false,"path_per_floor":["M","M","?","?","M","R","E","R","T","M","?","?","T","M","R","B",null,"M","?","$","M","T","E","$","M","T","M","$","R","?","M","R","B",null,"M","?","M","$","?","?","M","$","T","M"],"character_chosen":"THE_SILENT","items_purchased":["Boot","Burning Pact","Apotheosis","Poisoned Stab","Pen Nib","Infinite Blades","Happy Flower","Madness","Iron Wave"],"campfire_rested":1,"item_purchase_floors":[20,20,24,24,28,38,38,38,42],"current_hp_per_floor":[70,70,70,70,69,69,63,63,63,61,49,42,42,42,42,42,70,70,70,70,62,62,57,57,38,38,38,38,38,39,39,74,40,74,68,68,48,48,48,13,27,27,27,0],"gold":64,"neow_bonus":"","is_prod":false,"is_daily":true,"chose_seed":false,"campfire_upgraded":4,"win_rate":0,"timestamp":1548376992,"path_taken":["M","M","?","?","M","R","E","R","T","?","?","?","?","?","R","BOSS","M","?","$","M","?","E","?","M","T","M","$","R","?","M","R","BOSS","M","?","M","$","?","?","M","$","T","M"],"build_version":"2019-01-23","purchased_purges":1,"victory":false,"max_hp_per_floor":[70,70,70,70,70,70,70,70,70,70,70,70,70,70,70,70,70,70,70,70,70,70,70,70,70,70,70,70,70,72,74,74,74,74,74,74,74,74,74,74,74,74,74,74],"card_choices":[{"not_picked":["Perfected Strike","True Grit"],"picked":"Poisoned Stab","floor":0},{"not_picked":["Footwork","Calculated Gamble"],"picked":"Flying Knee","floor":0},{"not_picked":["Prepared","Evolve"],"picked":"Rage","floor":0},{"not_picked":["Dagger Spray","Dodge and Roll"],"picked":"Anger","floor":0},{"not_picked":["Dodge and Roll","Headbutt"],"picked":"Shrug It Off","floor":0},{"not_picked":["Heavy Blade","Endless Agony"],"picked":"PiercingWail","floor":0},{"not_picked":["Havoc","Outmaneuver"],"picked":"Metallicize","floor":0},{"not_picked":["Sucker Punch","Body Slam"],"picked":"Backflip","floor":0},{"not_picked":["Underhanded Strike","Dropkick"],"picked":"Masterful Stab","floor":0},{"not_picked":["Combust","Dual Wield"],"picked":"Dagger Spray","floor":0},{"not_picked":["Endless Agony","Body Slam"],"picked":"Deadly Poison","floor":0},{"not_picked":["Blood for Blood","Shockwave"],"picked":"Quick Slash","floor":0},{"not_picked":["Body Slam","Setup"],"picked":"Prepared","floor":0},{"not_picked":["Endless Agony","Thunderclap"],"picked":"Iron Wave","floor":0},{"not_picked":["Intimidate","Thunderclap"],"picked":"Clothesline","floor":0},{"not_picked":["Entrench"],"picked":"Calculated Gamble","floor":1},{"not_picked":["Dodge and Roll"],"picked":"Bane","floor":2},{"not_picked":["Pummel"],"picked":"Iron Wave","floor":5},{"not_picked":["Dropkick"],"picked":"Acrobatics","floor":7},{"not_picked":["Combust"],"picked":"Power Through","floor":10},{"not_picked":["Prepared"],"picked":"Sucker Punch","floor":14},{"not_picked":["Brutality"],"picked":"Venomology","floor":16},{"not_picked":["Masterful Stab","Cloak And Dagger"],"picked":"All Out Attack","floor":18},{"not_picked":["Deflect","Dropkick"],"picked":"Twin Strike","floor":21},{"not_picked":["Bludgeon","Flex"],"picked":"Inflame","floor":23},{"not_picked":["Outmaneuver","Wild Strike"],"picked":"Noxious Fumes","floor":25},{"not_picked":["Flying Knee","Perfected Strike"],"picked":"Armaments","floor":27},{"not_picked":["Wild Strike","Setup","Double Tap"],"picked":"Singing Bowl","floor":30},{"not_picked":["Perfected Strike+1","Blade Dance","Havoc"],"picked":"Singing Bowl","floor":31},{"not_picked":["PiercingWail","Uppercut"],"picked":"Dagger Spray","floor":32},{"not_picked":["Grand Finale","Feed"],"picked":"Reaper","floor":33},{"not_picked":["Deadly Poison","Blood for Blood+1"],"picked":"Catalyst+1","floor":35},{"not_picked":["Bane","Headbutt+1"],"picked":"Flame Barrier+1","floor":37},{"not_picked":["Flying Knee","Backflip"],"picked":"Shrug It Off+1","floor":40},{"not_picked":["Calculated Gamble+1","Wild Strike"],"picked":"Sword Boomerang+1","floor":41}],"player_experience":340214,"relics_obtained":[{"floor":7,"key":"Potion Belt"},{"floor":9,"key":"Mercury Hourglass"},{"floor":13,"key":"Regal Pillow"},{"floor":17,"key":"Tiny Chest"},{"floor":17,"key":"Question Card"},{"floor":17,"key":"Calipers"},{"floor":22,"key":"Ornamental Fan"},{"floor":23,"key":"Meat on the Bone"},{"floor":26,"key":"Dream Catcher"},{"floor":30,"key":"Turnip"},{"floor":30,"key":"Singing Bowl"},{"floor":40,"key":"Girya"},{"floor":43,"key":"Oddly Smooth Stone"}],"event_choices":[{"damage_healed":0,"gold_gain":0,"player_choice":"Grow","damage_taken":0,"max_hp_gain":0,"max_hp_loss":0,"event_name":"Living Wall","floor":3,"gold_loss":0,"cards_upgraded":["Calculated Gamble"]},{"damage_healed":0,"gold_gain":0,"player_choice":"Rummage","damage_taken":0,"relics_obtained":["WarpedTongs"],"max_hp_gain":0,"max_hp_loss":0,"event_name":"Accursed Blacksmith","floor":4,"gold_loss":0,"cards_obtained":["Pain"]},{"damage_healed":0,"gold_gain":0,"player_choice":"Success","damage_taken":12,"relics_obtained":["Snake Skull"],"max_hp_gain":0,"max_hp_loss":0,"event_name":"Scrap Ooze","floor":11,"gold_loss":0},{"cards_removed":["Pain"],"damage_healed":0,"gold_gain":0,"player_choice":"Card Removal","damage_taken":7,"max_hp_gain":0,"max_hp_loss":0,"event_name":"Golden Wing","floor":12,"gold_loss":0},{"damage_healed":0,"gold_gain":99,"player_choice":"Stole From Cult","damage_taken":0,"max_hp_gain":0,"max_hp_loss":0,"event_name":"Nest","floor":19,"gold_loss":0},{"damage_healed":0,"gold_gain":0,"player_choice":"Fight","damage_taken":0,"max_hp_gain":0,"max_hp_loss":0,"event_name":"Colosseum","floor":30,"gold_loss":0},{"damage_healed":0,"gold_gain":0,"player_choice":"Fought Nobs","damage_taken":0,"max_hp_gain":0,"max_hp_loss":0,"event_name":"Colosseum","floor":30,"gold_loss":0},{"damage_healed":0,"gold_gain":0,"player_choice":"Ignored","damage_taken":0,"max_hp_gain":0,"max_hp_loss":0,"event_name":"Tomb of Lord Red Mask","floor":36,"gold_loss":0},{"cards_removed":["Shrug It Off"],"damage_healed":0,"gold_gain":0,"player_choice":"Removed Skill","damage_taken":0,"max_hp_gain":0,"max_hp_loss":0,"event_name":"Falling","floor":39,"gold_loss":0},{"damage_healed":0,"gold_gain":0,"player_choice":"Fight","damage_taken":0,"max_hp_gain":0,"max_hp_loss":0,"event_name":"Mysterious Sphere","floor":40,"gold_loss":0}],"is_beta":false,"boss_relics":[{"not_picked":["Fusion Hammer","Coffee Dripper"],"picked":"Calling Bell"},{"not_picked":["Empty Cage","Velvet Choker"],"picked":"Ring of the Serpent"}],"items_purged_floors":[20],"is_endless":false,"potions_floor_spawned":[5,7,16,18,25,30,31,33,35],"killed_by":"Maw","ascension_level":0}