{"gold_per_floor":[112,122,132,149,324,357,357,357,357,383,417,440,440,476,476,604,604,629,645,645],"floor_reached":20,"playtime":1243,"items_purged":[],"score":213,"play_id":"104bb648-3d9a-4b34-af4f-6f93a4540454","local_time":"20190328234301","is_ascension_mode":true,"campfire_choices":[{"data":"Echo Form","floor":8,"key":"SMITH"},{"floor":13,"key":"REST"},{"floor":15,"key":"REST"}],"neow_cost":"NONE","seed_source_timestamp":1319315786863398,"circlet_count":0,"master_deck":["Strike_B","Strike_B","Strike_B","Strike_B","Defend_B","Defend_B","Defend_B","Zap","Dualcast","FTL","Hello World","Go for the Eyes","Steam","Genetic Algorithm","Doubt","Echo Form+1","Injury","Echo Form","Force Field","Hologram","Buffer","Go for the Eyes+1","Redo"],"relics":["FrozenCore","Oddly Smooth Stone","Golden Idol","PreservedInsect","Bag of Marbles","Mercury Hourglass","Lantern"],"potions_floor_usage":[6,6,11,16],"damage_taken":[{"damage":5,"enemies":"Small Slimes","floor":1,"turns":3},{"damage":7,"enemies":"Jaw Worm","floor":2,"turns":3},{"damage":1,"enemies":"Cultist","floor":3,"turns":3},{"damage":8,"enemies":"2 Fungi Beasts","floor":4,"turns":4},{"damage":5,"enemies":"Lagavulin","floor":6,"turns":7},{"damage":18,"enemies":"Gremlin Nob","floor":11,"turns":4},{"damage":24,"enemies":"Red Slaver","floor":12,"turns":5},{"damage":7,"enemies":"Lagavulin","floor":14,"turns":7},{"damage":39,"enemies":"The Guardian","floor":16,"turns":10},{"damage":0,"enemies":"Spheric Guardian","floor":18,"turns":6},{"damage":0,"enemies":"Chosen","floor":19,"turns":7},{"damage":89,"enemies":"3 Cultists","floor":20,"turns":7}],"seed_played":"5287159853117360026","potions_obtained":[{"floor":1,"key":"SteroidPotion"},{"floor":4,"key":"AttackPotion"},{"floor":6,"key":"Regen Potion"},{"floor":11,"key":"Dexterity Potion"}],"is_trial":false,"path_per_floor":["M","M","M","M","?","E","?","R","T","T","E","M","R","E","R","B",null,"M","M","M"],"character_chosen":"DEFECT","items_purchased":[],"campfire_rested":2,"item_purchase_floors":[],"current_hp_per_floor":[70,63,62,54,54,49,49,49,49,49,43,19,41,34,56,17,75,75,75,0],"gold":645,"neow_bonus":"TRANSFORM_CARD","is_prod":false,"is_daily":false,"chose_seed":false,"campfire_upgraded":1,"win_rate":0,"timestamp":1553830981,"path_taken":["M","M","M","M","?","E","?","R","T","?","E","M","R","E","R","BOSS","M","?","M"],"build_version":"2019-01-23","purchased_purges":0,"victory":false,"max_hp_per_floor":[75,75,75,75,75,75,75,75,75,75,75,75,75,75,75,75,75,75,75,75],"card_choices":[{"not_picked":["Glacier","Rebound"],"picked":"Hello World","floor":1},{"not_picked":["Undo","Consume"],"picked":"Go for the Eyes","floor":2},{"not_picked":["Redo","Sweeping Beam"],"picked":"Steam","floor":3},{"not_picked":["Recycle","Lockon"],"picked":"Genetic Algorithm","floor":4},{"not_picked":["Tempest","Consume"],"picked":"Echo Form","floor":6},{"not_picked":["Chaos","Stack"],"picked":"Echo Form","floor":11},{"not_picked":["Sweeping Beam","Rebound"],"picked":"Force Field","floor":12},{"not_picked":["Compile Driver","Darkness"],"picked":"Hologram","floor":14},{"not_picked":["Fission","Rainbow"],"picked":"Buffer","floor":16},{"not_picked":["Chill+1","Compile Driver+1"],"picked":"Go for the Eyes+1","floor":18},{"not_picked":["Go for the Eyes","Ball Lightning"],"picked":"Redo","floor":19}],"player_experience":421612,"relics_obtained":[{"floor":6,"key":"Oddly Smooth Stone"},{"floor":9,"key":"PreservedInsect"},{"floor":10,"key":"Bag of Marbles"},{"floor":11,"key":"Mercury Hourglass"},{"floor":14,"key":"Lantern"}],"event_choices":[{"damage_healed":0,"gold_gain":175,"player_choice":"AGREE","damage_taken":0,"max_hp_gain":0,"max_hp_loss":0,"event_name":"Liars Game","floor":5,"gold_loss":0,"cards_obtained":["Doubt"]},{"damage_healed":0,"gold_gain":0,"player_choice":"Take Wound","damage_taken":0,"relics_obtained":["Golden Idol"],"max_hp_gain":0,"max_hp_loss":0,"event_name":"Golden Idol","floor":7,"gold_loss":0,"cards_obtained":["Injury"]}],"is_beta":false,"boss_relics":[{"not_picked":["Runic Pyramid","Black Star"],"picked":"FrozenCore"}],"items_purged_floors":[],"is_endless":false,"potions_floor_spawned":[1,4,6,11],"killed_by":"3 Cultists","ascension_level":2}