{"gold_per_floor":[111,111,211,227,238,266,266,277,332,65,65,82,92,92,92,221,221,237,87,87,106,122,122,122,138,162,112,137,137],"floor_reached":29,"playtime":1460,"items_purged":["Regret","Strike_B"],"score":346,"play_id":"4fe5b1bd-c583-4558-985c-e93ac4398272","local_time":"20181102030426","is_ascension_mode":true,"campfire_choices":[{"data":"Dualcast","floor":7,"key":"SMITH"},{"data":"Hologram","floor":11,"key":"SMITH"},{"data":"Zap","floor":15,"key":"SMITH"},{"data":"Hyperbeam","floor":23,"key":"SMITH"}],"neow_cost":"NONE","seed_source_timestamp":15447546852935,"circlet_count":0,"master_deck":["Strike_B","Strike_B","Strike_B","Defend_B","Defend_B","Defend_B","Defend_B","Zap+1","Dualcast+1","Reboot","Self Repair","Rebound","Gash","Hologram+1","Gash","Hyperbeam+1","Beam Cell+1","Steam","Shame","Scrape","Gash"],"relics":["Cracked Core","Symbiotic Virus","Orichalcum","Bronze Scales","Oddly Smooth Stone","Golden Idol","FossilizedHelix","Blood Vial"],"potions_floor_usage":[16,28,28,28],"damage_taken":[{"damage":0,"enemies":"Small Slimes","floor":1,"turns":2},{"damage":6,"enemies":"Jaw Worm","floor":4,"turns":4},{"damage":2,"enemies":"Cultist","floor":5,"turns":3},{"damage":32,"enemies":"3 Sentries","floor":6,"turns":4},{"damage":11,"enemies":"Blue Slaver","floor":8,"turns":4},{"damage":3,"enemies":"2 Fungi Beasts","floor":12,"turns":3},{"damage":0,"enemies":"Large Slime","floor":13,"turns":4},{"damage":0,"enemies":"Slime Boss","floor":16,"turns":7},{"damage":15,"enemies":"2 Thieves","floor":18,"turns":3},{"damage":8,"enemies":"Shell Parasite","floor":21,"turns":2},{"damage":6,"enemies":"Cultist and Chosen","floor":22,"turns":4},{"damage":25,"enemies":"Centurion and Healer","floor":25,"turns":5},{"damage":11,"enemies":"Snecko","floor":28,"turns":5},{"damage":31,"enemies":"Snake Plant","floor":29,"turns":2}],"seed_played":"1059317891049103940","potions_obtained":[{"floor":1,"key":"FocusPotion"},{"floor":5,"key":"Ancient Potion"},{"floor":8,"key":"Fire Potion"},{"floor":16,"key":"Regen Potion"},{"floor":18,"key":"AttackPotion"},{"floor":22,"key":"Dexterity Potion"}],"is_trial":false,"path_per_floor":["M","?","?","M","M","E","R","M","T","$","R","M","M","?","R","B",null,"M","$","?","M","M","R","?","M","T","$","M","M"],"character_chosen":"DEFECT","items_purchased":["Oddly Smooth Stone","Hologram","Steam","Gash"],"campfire_rested":0,"item_purchase_floors":[10,10,19,27],"current_hp_per_floor":[75,75,75,75,73,48,48,44,44,44,44,41,48,48,48,55,66,51,51,51,43,37,37,37,19,19,19,29,0],"gold":137,"neow_bonus":"ONE_RANDOM_RARE_CARD","is_prod":false,"is_daily":false,"chose_seed":false,"campfire_upgraded":4,"win_rate":0,"timestamp":1541138666,"path_taken":["M","?","?","M","M","E","R","M","T","$","R","?","M","?","R","BOSS","M","$","?","M","M","R","?","M","T","$","M","M"],"build_version":"2018-11-01","purchased_purges":2,"victory":false,"max_hp_per_floor":[75,75,75,75,75,75,75,75,75,75,75,75,75,69,69,69,69,69,69,69,69,69,69,69,69,69,69,69,69],"card_choices":[{"not_picked":["Steam Power","Chill"],"picked":"Self Repair","floor":1},{"not_picked":["Undo","Turbo"],"picked":"Rebound","floor":4},{"not_picked":["Steam","Hello World"],"picked":"Gash","floor":5},{"not_picked":["Force Field","Go for the Eyes","Sweeping Beam"],"picked":"SKIP","floor":6},{"not_picked":["Force Field","Loop","Compile Driver"],"picked":"SKIP","floor":8},{"not_picked":["Hologram","Conserve Battery"],"picked":"Gash","floor":12},{"not_picked":["Rebound","Glacier","Redo"],"picked":"SKIP","floor":13},{"not_picked":["Machine Learning","Thunder Strike"],"picked":"Hyperbeam","floor":16},{"not_picked":["Cold Snap","BootSequence"],"picked":"Beam Cell+1","floor":18},{"not_picked":["Glacier","Force Field","Chaos"],"picked":"SKIP","floor":21},{"not_picked":["Glacier","Force Field","Chaos"],"picked":"SKIP","floor":21},{"not_picked":["Undo","Tempest","Redo+1"],"picked":"SKIP","floor":22},{"not_picked":["Reprogram","Beam Cell+1"],"picked":"Scrape","floor":25},{"not_picked":["Consume+1","Fusion","Doom and Gloom"],"picked":"SKIP","floor":28}],"player_experience":242826,"relics_obtained":[{"floor":6,"key":"Orichalcum"},{"floor":9,"key":"Bronze Scales"},{"floor":26,"key":"Blood Vial"}],"event_choices":[{"damage_healed":0,"gold_gain":0,"player_choice":"Box","damage_taken":0,"relics_obtained":["Symbiotic Virus"],"max_hp_gain":0,"max_hp_loss":0,"event_name":"Big Fish","floor":2,"gold_loss":0,"cards_obtained":["Regret"]},{"damage_healed":0,"gold_gain":100,"player_choice":"Pray","damage_taken":0,"max_hp_gain":0,"max_hp_loss":0,"event_name":"Golden Shrine","floor":3,"gold_loss":0},{"damage_healed":0,"gold_gain":0,"player_choice":"Lose Max HP","damage_taken":0,"relics_obtained":["Golden Idol"],"max_hp_gain":0,"max_hp_loss":6,"event_name":"Golden Idol","floor":14,"gold_loss":0},{"damage_healed":0,"gold_gain":0,"player_choice":"Ignored","damage_taken":0,"max_hp_gain":0,"max_hp_loss":0,"event_name":"Cursed Tome","floor":20,"gold_loss":0},{"damage_healed":0,"gold_gain":0,"player_choice":"Stole Relic","damage_taken":0,"relics_obtained":["FossilizedHelix"],"max_hp_gain":0,"max_hp_loss":0,"event_name":"Addict","floor":24,"gold_loss":0,"cards_obtained":["Shame"]}],"is_beta":false,"boss_relics":[{"not_picked":["Snecko Eye","Runic Dome","Fusion Hammer"]}],"items_purged_floors":[10,19],"is_endless":false,"potions_floor_spawned":[1,5,8,16,18,22,25],"killed_by":"Snake Plant","ascension_level":5}