{"gold_per_floor":[118,118,131,146,146,146,177,191,214,214,314,122,122,134,134,229,229,249,55,73,84,84,84,84,84,84,84,84,98,98,110,110,205,205,215,227,29,0,0,0,18,37,114,124,139,152,152],"floor_reached":47,"playtime":2855,"items_purged":["Strike_G","Strike_G","Writhe"],"score":622,"play_id":"9559c4e8-03c0-4daf-bcc1-99274c423217","local_time":"20181109183737","is_ascension_mode":true,"campfire_choices":[{"data":"Dash","floor":6,"key":"SMITH"},{"data":"Terror","floor":10,"key":"SMITH"},{"data":"Footwork","floor":13,"key":"SMITH"},{"floor":15,"key":"REST"},{"data":"Envenom","floor":23,"key":"SMITH"},{"data":"Accuracy","floor":25,"key":"SMITH"},{"floor":30,"key":"REST"},{"floor":32,"key":"REST"},{"data":"Footwork","floor":40,"key":"SMITH"}],"neow_cost":"NONE","seed_source_timestamp":6217848851567,"circlet_count":0,"master_deck":["Defend_G","Defend_G","Defend_G","Defend_G","Strike_G","Strike_G","Strike_G","Survivor","Neutralize","Dash+1","Caltrops","Cloak And Dagger","Flying Knee","Terror+1","Cloak And Dagger","Footwork+1","Quick Slash","Infinite Blades","Envenom+1","PiercingWail","Accuracy+1","Blade Dance","Leg Sweep","Backstab+1","Footwork+1","Storm of Steel","Acrobatics","Footwork","Leg Sweep","Accuracy","Backflip","Blur"],"relics":["Ring of the Snake","Juzu Bracelet","Bag of Preparation","Philosopher\u0027s Stone","Pear","Happy Flower","Eternal Feather","Red Mask","Pen Nib","Pantograph"],"potions_floor_usage":[16,20,29,29,33,41,41,42],"damage_taken":[{"damage":7,"enemies":"Jaw Worm","floor":1,"turns":5},{"damage":0,"enemies":"Cultist","floor":3,"turns":5},{"damage":2,"enemies":"Small Slimes","floor":4,"turns":5},{"damage":6,"enemies":"3 Sentries","floor":7,"turns":9},{"damage":10,"enemies":"2 Fungi Beasts","floor":8,"turns":3},{"damage":0,"enemies":"Gremlin Gang","floor":14,"turns":6},{"damage":10,"enemies":"The Guardian","floor":16,"turns":10},{"damage":0,"enemies":"Shell Parasite","floor":18,"turns":6},{"damage":17,"enemies":"3 Byrds","floor":20,"turns":4},{"damage":12,"enemies":"Shelled Parasite and Fungi","floor":21,"turns":8},{"damage":31,"enemies":"Snecko","floor":29,"turns":6},{"damage":0,"enemies":"Centurion and Healer","floor":31,"turns":6},{"damage":46,"enemies":"Champ","floor":33,"turns":12},{"damage":9,"enemies":"3 Darklings","floor":35,"turns":8},{"damage":7,"enemies":"3 Shapes","floor":36,"turns":8},{"damage":17,"enemies":"Jaw Worm Horde","floor":41,"turns":8},{"damage":0,"enemies":"Maw","floor":42,"turns":8},{"damage":8,"enemies":"Sphere and 2 Shapes","floor":44,"turns":9},{"damage":6,"enemies":"3 Darklings","floor":45,"turns":12},{"damage":0,"enemies":"4 Shapes","floor":46,"turns":10},{"damage":34,"enemies":"Sphere and 2 Shapes","floor":47,"turns":5}],"seed_played":"-3840265017915751651","potions_obtained":[{"floor":4,"key":"PowerPotion"},{"floor":7,"key":"SpeedPotion"},{"floor":8,"key":"Weak Potion"},{"floor":16,"key":"Energy Potion"},{"floor":20,"key":"SkillPotion"},{"floor":27,"key":"Block Potion"},{"floor":33,"key":"SkillPotion"},{"floor":35,"key":"Energy Potion"},{"floor":36,"key":"SkillPotion"},{"floor":41,"key":"Block Potion"}],"is_trial":false,"path_per_floor":["M","?","M","M","?","R","E","M","T","R","?","$","R","M","R","B",null,"M","$","M","M","?","R","?","R","T","?","?","M","R","M","R","B",null,"M","M","$","?","?","R","M","M","T","M","M","M","M"],"character_chosen":"THE_SILENT","items_purchased":["Footwork","Quick Slash","Accuracy","Blade Dance","Leg Sweep"],"campfire_rested":3,"item_purchase_floors":[12,12,19,19,37],"current_hp_per_floor":[56,56,56,54,54,54,48,38,38,38,38,38,38,38,59,49,65,65,65,48,36,36,36,36,36,46,46,46,15,39,39,63,17,64,55,48,48,48,48,63,46,46,46,38,32,32,0],"gold":152,"neow_bonus":"THREE_CARDS","is_prod":false,"is_daily":false,"chose_seed":false,"campfire_upgraded":6,"win_rate":0,"timestamp":1541799457,"path_taken":["M","?","?","M","?","R","E","M","T","R","?","$","R","M","R","BOSS","M","$","M","M","?","R","?","R","T","?","?","M","R","M","R","BOSS","M","M","$","?","?","R","M","M","T","M","M","M","M"],"build_version":"2018-11-08","purchased_purges":3,"victory":false,"max_hp_per_floor":[70,70,70,70,70,70,70,70,70,70,70,70,70,70,70,70,70,70,70,70,70,70,70,70,70,80,80,80,80,80,80,80,80,80,80,80,80,80,80,80,80,80,80,80,80,80,80],"card_choices":[{"not_picked":["Escape Plan","Slice"],"picked":"Dash","floor":0},{"not_picked":["Deflect","Bane"],"picked":"Caltrops","floor":1},{"not_picked":["Slice","Flechettes"],"picked":"Cloak And Dagger","floor":3},{"not_picked":["All Out Attack","Cloak And Dagger"],"picked":"Flying Knee","floor":4},{"not_picked":["Blade Dance","All Out Attack"],"picked":"Terror","floor":7},{"not_picked":["Blade Dance","Acrobatics"],"picked":"Cloak And Dagger","floor":8},{"not_picked":["A Thousand Cuts","Acrobatics"],"picked":"Infinite Blades","floor":14},{"not_picked":["A Thousand Cuts","Corpse Explosion"],"picked":"Envenom","floor":16},{"not_picked":["Heel Hook","Flying Knee"],"picked":"PiercingWail","floor":18},{"not_picked":["Acrobatics","Riddle With Holes"],"picked":"Leg Sweep","floor":20},{"not_picked":["Deadly Poison","Crippling Poison+1"],"picked":"Backstab+1","floor":21},{"not_picked":["Bouncing Flask","Slice"],"picked":"Footwork","floor":29},{"not_picked":["Prepared","Predator+1","Corpse Explosion"],"picked":"SKIP","floor":31},{"not_picked":["Unload","Glass Knife"],"picked":"Storm of Steel","floor":33},{"not_picked":["Slice+1","Flying Knee"],"picked":"Acrobatics","floor":35},{"not_picked":["Prepared","Leg Sweep+1"],"picked":"Footwork","floor":36},{"not_picked":["Caltrops","PiercingWail"],"picked":"Accuracy","floor":41},{"not_picked":["Deadly Poison+1","Dagger Spray+1"],"picked":"Backflip","floor":42},{"not_picked":["Slice+1","Backstab+1"],"picked":"Blur","floor":44},{"not_picked":["Backstab","PiercingWail+1","Terror"],"picked":"SKIP","floor":45},{"not_picked":["Dagger Throw","Setup","Noxious Fumes"],"picked":"SKIP","floor":46}],"player_experience":330542,"relics_obtained":[{"floor":7,"key":"Juzu Bracelet"},{"floor":9,"key":"Bag of Preparation"},{"floor":26,"key":"Pear"},{"floor":39,"key":"Pen Nib"},{"floor":43,"key":"Pantograph"}],"event_choices":[{"damage_healed":0,"gold_gain":0,"player_choice":"Leave","damage_taken":0,"max_hp_gain":0,"max_hp_loss":0,"event_name":"FaceTrader","floor":2,"gold_loss":0},{"cards_removed":["Defend_G"],"damage_healed":0,"gold_gain":0,"player_choice":"Forget","damage_taken":0,"max_hp_gain":0,"max_hp_loss":0,"event_name":"Living Wall","floor":5,"gold_loss":0},{"damage_healed":0,"gold_gain":100,"player_choice":"Gold","damage_taken":0,"max_hp_gain":0,"max_hp_loss":0,"event_name":"Wheel of Change","floor":11,"gold_loss":0},{"damage_healed":0,"gold_gain":0,"player_choice":"Ignored","damage_taken":0,"max_hp_gain":0,"max_hp_loss":0,"event_name":"Vampires","floor":22,"gold_loss":0},{"damage_healed":0,"gold_gain":0,"player_choice":"Ignored","damage_taken":0,"max_hp_gain":0,"max_hp_loss":0,"event_name":"Cursed Tome","floor":24,"gold_loss":0},{"damage_healed":0,"gold_gain":0,"player_choice":"Got Potions","damage_taken":0,"max_hp_gain":0,"max_hp_loss":0,"event_name":"Lab","floor":27,"gold_loss":0},{"damage_healed":0,"gold_gain":0,"player_choice":"Opened","damage_taken":0,"relics_obtained":["Happy Flower"],"max_hp_gain":0,"max_hp_loss":0,"event_name":"The Mausoleum","floor":28,"gold_loss":0,"cards_obtained":["Writhe"]},{"damage_healed":0,"gold_gain":0,"player_choice":"Paid","damage_taken":0,"relics_obtained":["Red Mask"],"max_hp_gain":0,"max_hp_loss":0,"event_name":"Tomb of Lord Red Mask","floor":38,"gold_loss":29},{"damage_healed":0,"gold_gain":0,"player_choice":"Relic","damage_taken":0,"max_hp_gain":0,"max_hp_loss":0,"event_name":"Wheel of Change","floor":39,"gold_loss":0}],"is_beta":false,"boss_relics":[{"not_picked":["Astrolabe","Black Star"],"picked":"Philosopher\u0027s Stone"},{"not_picked":["Pandora\u0027s Box","Ring of the Serpent"],"picked":"Eternal Feather"}],"items_purged_floors":[12,19,37],"is_endless":false,"potions_floor_spawned":[4,7,8,16,20,33,35,36,41],"killed_by":"Sphere and 2 Shapes","ascension_level":9}