{"gold_per_floor":[19,31,43,54,74,74,86,86,86,96,108,143,153,167,167,272,272,291,306,321,337,337,337,337],"floor_reached":24,"playtime":1491,"items_purged":[],"score":310,"play_id":"04ac2b48-8ebf-40ac-bbf0-fdd182bdd96e","local_time":"20190118190733","is_ascension_mode":true,"campfire_choices":[{"data":"Neutralize","floor":6,"key":"SMITH"},{"data":"Cloak And Dagger","floor":8,"key":"SMITH"},{"data":"Dagger Spray","floor":15,"key":"SMITH"},{"floor":23,"key":"REST"}],"neow_cost":"NO_GOLD","seed_source_timestamp":832432203151910,"circlet_count":0,"master_deck":["Defend_G","Defend_G","Defend_G","Defend_G","Defend_G","Strike_G","Strike_G","Strike_G","Strike_G","Strike_G","Survivor","Neutralize+1","Cloak And Dagger+1","Crippling Poison","Caltrops","Well Laid Plans","Dagger Spray+1","Sucker Punch","Deflect","Leg Sweep","Die Die Die","Slice","A Thousand Cuts","Burst","Slice","Quick Slash","Flechettes","Masterful Stab","Cloak And Dagger+1"],"relics":["Ring of the Snake","Happy Flower","The Courier","Busted Crown"],"potions_floor_usage":[4,16,16,16,21],"damage_taken":[{"damage":2,"enemies":"Cultist","floor":1,"turns":5},{"damage":0,"enemies":"Small Slimes","floor":2,"turns":4},{"damage":12,"enemies":"Jaw Worm","floor":3,"turns":4},{"damage":3,"enemies":"Looter","floor":4,"turns":4},{"damage":0,"enemies":"2 Fungi Beasts","floor":5,"turns":3},{"damage":0,"enemies":"Exordium Wildlife","floor":7,"turns":2},{"damage":3,"enemies":"Blue Slaver","floor":10,"turns":4},{"damage":0,"enemies":"2 Fungi Beasts","floor":11,"turns":3},{"damage":24,"enemies":"Gremlin Nob","floor":12,"turns":5},{"damage":0,"enemies":"Red Slaver","floor":13,"turns":3},{"damage":9,"enemies":"Blue Slaver","floor":14,"turns":3},{"damage":0,"enemies":"Slime Boss","floor":16,"turns":7},{"damage":19,"enemies":"2 Thieves","floor":18,"turns":4},{"damage":24,"enemies":"Spheric Guardian","floor":19,"turns":5},{"damage":16,"enemies":"Centurion and Healer","floor":20,"turns":7},{"damage":21,"enemies":"Shelled Parasite and Fungi","floor":21,"turns":5},{"damage":33,"enemies":"Book of Stabbing","floor":24,"turns":5}],"seed_played":"8799484096487786066","potions_obtained":[{"floor":3,"key":"SpeedPotion"},{"floor":5,"key":"Energy Potion"},{"floor":7,"key":"PowerPotion"},{"floor":10,"key":"Dexterity Potion"},{"floor":11,"key":"Strength Potion"},{"floor":20,"key":"PowerPotion"}],"is_trial":false,"path_per_floor":["M","M","M","M","M","R","M","R","T","M","M","E","M","M","R","B",null,"M","M","M","M","?","R","E"],"character_chosen":"THE_SILENT","items_purchased":[],"campfire_rested":1,"item_purchase_floors":[],"current_hp_per_floor":[82,82,70,67,67,67,67,67,67,64,64,40,40,31,31,31,84,65,41,25,4,4,29,0],"gold":337,"neow_bonus":"TWENTY_PERCENT_HP_BONUS","is_prod":false,"is_daily":false,"chose_seed":false,"campfire_upgraded":3,"win_rate":0,"timestamp":1547856453,"path_taken":["M","M","M","M","M","R","M","R","T","M","M","E","?","?","R","BOSS","M","M","M","?","?","R","E"],"build_version":"2019-01-17v2","purchased_purges":0,"victory":false,"max_hp_per_floor":[84,84,84,84,84,84,84,84,84,84,84,84,84,84,84,84,84,84,84,84,84,84,84,84],"card_choices":[{"not_picked":["Flying Knee","Slice"],"picked":"Cloak And Dagger","floor":1},{"not_picked":["Endless Agony","Bane"],"picked":"Crippling Poison","floor":2},{"not_picked":["Reflex","Deadly Poison"],"picked":"Caltrops","floor":3},{"not_picked":["Caltrops","Bane"],"picked":"Well Laid Plans","floor":4},{"not_picked":["Infinite Blades","Deflect"],"picked":"Dagger Spray","floor":5},{"not_picked":["Riddle With Holes","Flying Knee"],"picked":"Sucker Punch","floor":7},{"not_picked":["Setup","Phantasmal Killer"],"picked":"Deflect","floor":10},{"not_picked":["Dodge and Roll","Reflex"],"picked":"Leg Sweep","floor":11},{"not_picked":["Blade Dance","Dodge and Roll"],"picked":"Die Die Die","floor":12},{"not_picked":["Outmaneuver","Dodge and Roll"],"picked":"Slice","floor":13},{"not_picked":["Caltrops","Slice"],"picked":"A Thousand Cuts","floor":14},{"not_picked":["Venomology","Storm of Steel"],"picked":"Burst","floor":16},{"not_picked":[],"picked":"Slice","floor":18},{"not_picked":[],"picked":"Quick Slash","floor":19},{"not_picked":[],"picked":"Flechettes","floor":20},{"not_picked":[],"picked":"Masterful Stab","floor":21}],"player_experience":95763,"relics_obtained":[{"floor":9,"key":"Happy Flower"},{"floor":12,"key":"The Courier"}],"event_choices":[{"damage_healed":0,"gold_gain":0,"player_choice":"Copied","damage_taken":0,"max_hp_gain":0,"max_hp_loss":0,"event_name":"Duplicator","floor":22,"gold_loss":0,"cards_obtained":["Cloak And Dagger"]}],"is_beta":false,"boss_relics":[{"not_picked":["Astrolabe","Runic Pyramid"],"picked":"Busted Crown"}],"items_purged_floors":[],"is_endless":false,"potions_floor_spawned":[3,5,7,10,11,20],"killed_by":"Book of Stabbing","ascension_level":4}