{"gold_per_floor":[119,119,18,37,37,37,64,77,77,77,111,126,141,153,153,250,250,235,21,120,35,35,35,50,67,67,67,67,86,86,86,86,183,183,196,196,196,196,208,208,208,218,218,246,22,42,42,54,54,54],"floor_reached":51,"playtime":2861,"items_purged":["Regret","Strike_G","Strike_G"],"score":939,"play_id":"a2f25251-ce61-40fc-a28e-8b4aa2a482ac","local_time":"20181109174751","is_ascension_mode":true,"campfire_choices":[{"data":"Dagger Spray","floor":6,"key":"SMITH"},{"data":"Dodge and Roll","floor":10,"key":"SMITH"},{"data":"Prepared","floor":15,"key":"SMITH"},{"data":"Well Laid Plans","floor":23,"key":"SMITH"},{"data":"Terror","floor":27,"key":"SMITH"},{"data":"Deflect","floor":30,"key":"SMITH"},{"floor":32,"key":"REST"},{"data":"Deflect","floor":40,"key":"SMITH"},{"data":"Dodge and Roll","floor":47,"key":"SMITH"},{"data":"Leg Sweep","floor":49,"key":"SMITH"}],"neow_cost":"NONE","seed_source_timestamp":3219621123363,"circlet_count":0,"master_deck":["Defend_G","Defend_G","Defend_G","Defend_G","Strike_G","Strike_G","Survivor","Neutralize+1","Dagger Spray+1","Deflect+1","Dagger Throw","Quick Slash","Dodge and Roll+1","Terror+1","Deflect+1","Prepared+1","Grand Finale+1","Well Laid Plans+1","Leg Sweep+1","Distraction+1","Dagger Throw+1","Dash+1","Venomology","Dagger Throw+1","Quick Slash+1","Dodge and Roll+1"],"relics":["Ring of the Snake","Tough Bandages","Omamori","Molten Egg 2","Ninja Scroll","Runic Dome","Darkstone Periapt","Gremlin Horn","Busted Crown","Mango","Art of War","Singing Bowl","Centennial Puzzle"],"potions_floor_usage":[11,11,22,33,39,42,42,46,48,50,50,50],"damage_taken":[{"damage":4,"enemies":"Small Slimes","floor":1,"turns":5},{"damage":0,"enemies":"Jaw Worm","floor":4,"turns":4},{"damage":10,"enemies":"3 Sentries","floor":7,"turns":7},{"damage":0,"enemies":"Cultist","floor":8,"turns":3},{"damage":4,"enemies":"Lagavulin","floor":11,"turns":6},{"damage":0,"enemies":"3 Louse","floor":12,"turns":3},{"damage":0,"enemies":"Large Slime","floor":13,"turns":7},{"damage":0,"enemies":"Lots of Slimes","floor":14,"turns":2},{"damage":35,"enemies":"Slime Boss","floor":16,"turns":15},{"damage":0,"enemies":"2 Thieves","floor":18,"turns":4},{"damage":2,"enemies":"Shell Parasite","floor":24,"turns":6},{"damage":18,"enemies":"Sentry and Sphere","floor":25,"turns":10},{"damage":0,"enemies":"Colosseum Slavers","floor":28,"turns":5},{"damage":0,"enemies":"Centurion and Healer","floor":29,"turns":4},{"damage":14,"enemies":"Collector","floor":33,"turns":8},{"damage":3,"enemies":"3 Shapes","floor":35,"turns":5},{"damage":0,"enemies":"3 Darklings","floor":39,"turns":3},{"damage":0,"enemies":"Spire Growth","floor":42,"turns":3},{"damage":3,"enemies":"Reptomancer","floor":44,"turns":6},{"damage":0,"enemies":"Jaw Worm Horde","floor":46,"turns":2},{"damage":0,"enemies":"3 Darklings","floor":48,"turns":3},{"damage":26,"enemies":"Donu and Deca","floor":50,"turns":16}],"seed_played":"-2166508402250506709","potions_obtained":[{"floor":1,"key":"AttackPotion"},{"floor":8,"key":"Block Potion"},{"floor":22,"key":"Fire Potion"},{"floor":22,"key":"Block Potion"},{"floor":22,"key":"Fruit Juice"},{"floor":25,"key":"Swift Potion"},{"floor":33,"key":"SpeedPotion"},{"floor":44,"key":"Dexterity Potion"},{"floor":46,"key":"Ancient Potion"}],"is_trial":false,"path_per_floor":["M","?","$","M","?","R","E","M","T","R","E","M","M","M","R","B",null,"M","$","?","?","?","R","M","M","T","R","?","M","R","?","R","B",null,"M","T","?","T","M","R","?","M","T","E","$","M","R","M","R","B",null],"character_chosen":"THE_SILENT","items_purchased":["Deflect","Well Laid Plans","Leg Sweep","Quick Slash+1","Dodge and Roll"],"campfire_rested":1,"item_purchase_floors":[3,19,19,45,45],"current_hp_per_floor":[59,59,59,59,59,59,49,49,49,49,45,45,45,45,45,10,55,55,55,55,55,60,60,58,40,40,40,40,40,40,40,62,48,68,65,79,79,79,79,79,79,79,79,76,76,78,78,80,80,54],"gold":54,"neow_bonus":"UPGRADE_CARD","is_prod":false,"is_daily":false,"chose_seed":false,"campfire_upgraded":9,"win_rate":0,"timestamp":1541796471,"path_taken":["M","?","$","M","?","R","E","M","T","R","E","?","M","M","R","BOSS","M","$","?","?","?","R","M","?","T","R","?","M","R","?","R","BOSS","M","?","?","?","M","R","?","M","T","E","$","?","R","M","R","BOSS"],"build_version":"2018-11-08","purchased_purges":3,"victory":true,"max_hp_per_floor":[70,70,70,70,70,70,70,70,70,70,70,70,70,70,70,70,70,70,70,70,70,75,75,75,75,75,75,75,75,75,75,75,75,75,75,89,89,89,89,89,85,85,85,85,85,87,87,89,89,89],"card_choices":[{"not_picked":["Finisher","Reflex"],"picked":"Dagger Spray","floor":1},{"not_picked":["Blade Dance","Tactician"],"picked":"Dagger Throw","floor":4},{"not_picked":["Bane","Deflect"],"picked":"Quick Slash","floor":7},{"not_picked":["Masterful Stab","Quick Slash"],"picked":"Dodge and Roll","floor":8},{"not_picked":["Choke+1","Poisoned Stab+1"],"picked":"Terror","floor":11},{"not_picked":["Concentrate","Sucker Punch+1"],"picked":"Deflect","floor":12},{"not_picked":["Backflip","Blur"],"picked":"Prepared","floor":13},{"not_picked":["Blade Dance","Outmaneuver","Sucker Punch+1"],"picked":"SKIP","floor":14},{"not_picked":["A Thousand Cuts","Malaise"],"picked":"Grand Finale+1","floor":16},{"not_picked":["Endless Agony+1","Outmaneuver","Dagger Spray+1"],"picked":"SKIP","floor":18},{"not_picked":["Poisoned Stab+1","Dagger Spray+1"],"picked":"Distraction+1","floor":24},{"not_picked":["Quick Slash+1","Acrobatics"],"picked":"Dagger Throw+1","floor":25},{"not_picked":["Flechettes+1","Predator+1"],"picked":"Dash+1","floor":29},{"not_picked":["Envenom","Malaise"],"picked":"Venomology","floor":33},{"not_picked":["Poisoned Stab+1"],"picked":"SKIP","floor":35},{"not_picked":["Noxious Fumes+1"],"picked":"SKIP","floor":39},{"not_picked":["Underhanded Strike+1"],"picked":"SKIP","floor":42},{"not_picked":[],"picked":"Dagger Throw+1","floor":44},{"not_picked":["Crippling Poison"],"picked":"Singing Bowl","floor":46},{"not_picked":["Quick Slash+1"],"picked":"Singing Bowl","floor":48}],"player_experience":327681,"relics_obtained":[{"floor":7,"key":"Omamori"},{"floor":9,"key":"Molten Egg 2"},{"floor":11,"key":"Ninja Scroll"},{"floor":26,"key":"Gremlin Horn"},{"floor":36,"key":"Mango"},{"floor":38,"key":"Art of War"},{"floor":43,"key":"Singing Bowl"},{"floor":44,"key":"Centennial Puzzle"}],"event_choices":[{"damage_healed":0,"gold_gain":0,"player_choice":"Box","damage_taken":0,"relics_obtained":["Tough Bandages"],"max_hp_gain":0,"max_hp_loss":0,"event_name":"Big Fish","floor":2,"gold_loss":0,"cards_obtained":["Regret"]},{"cards_removed":["Strike_G"],"damage_healed":0,"gold_gain":0,"player_choice":"Purged","damage_taken":0,"max_hp_gain":0,"max_hp_loss":0,"event_name":"Purifier","floor":5,"gold_loss":0},{"damage_healed":0,"gold_gain":99,"player_choice":"Stole From Cult","damage_taken":0,"max_hp_gain":0,"max_hp_loss":0,"event_name":"Nest","floor":20,"gold_loss":0},{"damage_healed":0,"gold_gain":0,"player_choice":"Obtained Relic","damage_taken":0,"relics_obtained":["Darkstone Periapt"],"max_hp_gain":0,"max_hp_loss":0,"event_name":"Addict","floor":21,"gold_loss":85},{"damage_healed":0,"gold_gain":0,"player_choice":"Got Potions","damage_taken":0,"max_hp_gain":0,"max_hp_loss":0,"event_name":"Lab","floor":22,"gold_loss":0},{"damage_healed":0,"gold_gain":0,"player_choice":"Fight","damage_taken":0,"max_hp_gain":0,"max_hp_loss":0,"event_name":"Colosseum","floor":28,"gold_loss":0},{"damage_healed":0,"gold_gain":0,"player_choice":"Fled From Nobs","damage_taken":0,"max_hp_gain":0,"max_hp_loss":0,"event_name":"Colosseum","floor":28,"gold_loss":0},{"cards_removed":["Defend_G"],"damage_healed":0,"gold_gain":0,"player_choice":"Offered Basic","damage_taken":0,"max_hp_gain":0,"max_hp_loss":0,"event_name":"Bonfire Elementals","floor":31,"gold_loss":0},{"damage_healed":0,"gold_gain":0,"player_choice":"Memory 1","damage_taken":0,"max_hp_gain":0,"max_hp_loss":0,"event_name":"SensoryStone","floor":37,"gold_loss":0},{"damage_healed":0,"gold_gain":0,"player_choice":"Max HP","damage_taken":0,"max_hp_gain":0,"max_hp_loss":4,"event_name":"Winding Halls","floor":41,"gold_loss":0}],"is_beta":false,"boss_relics":[{"not_picked":["Velvet Choker","White Beast Statue"],"picked":"Runic Dome"},{"not_picked":["Fusion Hammer","Snecko Eye"],"picked":"Busted Crown"}],"items_purged_floors":[3,19,45],"is_endless":false,"potions_floor_spawned":[1,8,25,33,44,46,48],"ascension_level":8}