{"gold_per_floor":[114,114,189,189,201,201,229,229,253,323,357,376,376,388,388,491,491,504,514,16,32,44,76,76,76,76,102,114],"floor_reached":28,"playtime":2077,"items_purged":[],"score":248,"play_id":"99e81d77-c473-4a2c-86a2-3900618fb06e","local_time":"20190115135832","is_ascension_mode":false,"campfire_choices":[{"floor":6,"key":"REST"},{"floor":8,"key":"REST"},{"floor":15,"key":"REST"}],"neow_cost":"NONE","seed_source_timestamp":554100638804832,"circlet_count":0,"master_deck":["Defend_G","Defend_G","Defend_G","Strike_G","Strike_G","Strike_G","Strike_G","Strike_G+1","Survivor+1","Neutralize","Underhanded Strike+1","Dagger Spray","Underhanded Strike","Footwork","Skewer","Dagger Throw","A Thousand Cuts","Finisher","Blade Dance+1","Tactician+1","Dagger Throw","Quick Slash","Well Laid Plans","Discovery+1","Poisoned Stab","Dagger Spray","Phantasmal Killer+1","Dagger Throw"],"relics":["Ring of the Snake","Gambling Chip","Bag of Marbles","Shuriken","Toxic Egg 2","Empty Cage","Lee\u0027s Waffle","Happy Flower","MutagenicStrength","MawBank"],"potions_floor_usage":[7,16,23,24,27],"damage_taken":[{"damage":0,"enemies":"2 Louse","floor":1,"turns":3},{"damage":0,"enemies":"Small Slimes","floor":5,"turns":4},{"damage":32,"enemies":"Gremlin Nob","floor":7,"turns":6},{"damage":24,"enemies":"Lagavulin","floor":11,"turns":7},{"damage":0,"enemies":"Jaw Worm","floor":12,"turns":3},{"damage":0,"enemies":"Exordium Wildlife","floor":14,"turns":1},{"damage":49,"enemies":"Slime Boss","floor":16,"turns":11},{"damage":10,"enemies":"3 Byrds","floor":18,"turns":4},{"damage":30,"enemies":"Chosen","floor":19,"turns":5},{"damage":20,"enemies":"Snake Plant","floor":21,"turns":4},{"damage":12,"enemies":"Chosen and Byrds","floor":22,"turns":4},{"damage":30,"enemies":"Gremlin Leader","floor":23,"turns":5},{"damage":10,"enemies":"Colosseum Slavers","floor":24,"turns":3},{"damage":8,"enemies":"Snecko","floor":27,"turns":3},{"damage":6,"enemies":"3 Cultists","floor":28,"turns":2}],"seed_played":"-5350719351050920020","potions_obtained":[{"floor":5,"key":"EssenceOfSteel"},{"floor":12,"key":"Poison Potion"},{"floor":16,"key":"Poison Potion"},{"floor":19,"key":"Fire Potion"},{"floor":21,"key":"LiquidBronze"},{"floor":22,"key":"Poison Potion"},{"floor":23,"key":"SneckoOil"}],"is_trial":false,"path_per_floor":["M","?","?","?","M","R","E","R","T","?","E","M","T","M","R","B",null,"M","M","$","M","M","E","?","?","T","M","M"],"character_chosen":"THE_SILENT","items_purchased":["Lee\u0027s Waffle","Tactician+1","Dagger Throw","Quick Slash","Well Laid Plans","Discovery+1"],"campfire_rested":3,"item_purchase_floors":[20,20,20,20,20,20],"current_hp_per_floor":[77,77,66,51,51,74,42,65,65,65,41,41,41,41,64,15,77,67,37,84,64,52,22,12,12,12,4,0],"gold":114,"neow_bonus":"TEN_PERCENT_HP_BONUS","is_prod":false,"is_daily":false,"chose_seed":false,"campfire_upgraded":0,"win_rate":0.0,"timestamp":1547578712,"path_taken":["M","?","?","?","M","R","E","R","T","?","E","?","?","?","R","BOSS","M","M","$","M","M","E","?","?","T","M","M"],"build_version":"2019-01-10","purchased_purges":0,"victory":false,"max_hp_per_floor":[77,77,77,77,77,77,77,77,77,77,77,77,77,77,77,77,77,77,77,84,84,84,84,84,84,84,84,84],"card_choices":[{"not_picked":["Dagger Throw","Dodge and Roll"],"picked":"Underhanded Strike","floor":1},{"not_picked":["Bane","Escape Plan"],"picked":"Dagger Spray","floor":5},{"not_picked":["Prepared","Crippling Poison"],"picked":"Underhanded Strike","floor":7},{"not_picked":["Bouncing Flask","Deflect"],"picked":"Footwork","floor":11},{"not_picked":["Bane","Acrobatics"],"picked":"Skewer","floor":12},{"not_picked":["Bane","Dash"],"picked":"Dagger Throw","floor":14},{"not_picked":["Envenom","Bullet Time+1"],"picked":"A Thousand Cuts","floor":16},{"not_picked":["Poisoned Stab","Endless Agony"],"picked":"Finisher","floor":18},{"not_picked":["Tactician+1","Endless Agony+1"],"picked":"Blade Dance+1","floor":19},{"not_picked":["Eviscerate","Bane"],"picked":"Poisoned Stab","floor":21},{"not_picked":["Choke","Bane"],"picked":"Dagger Spray","floor":22},{"not_picked":["Backstab","Slice"],"picked":"Phantasmal Killer+1","floor":23},{"not_picked":["Catalyst+1","Deadly Poison+1"],"picked":"Dagger Throw","floor":27}],"player_experience":10641,"relics_obtained":[{"floor":7,"key":"Gambling Chip"},{"floor":9,"key":"Bag of Marbles"},{"floor":11,"key":"Shuriken"},{"floor":13,"key":"Toxic Egg 2"},{"floor":23,"key":"Happy Flower"},{"floor":26,"key":"MawBank"}],"event_choices":[{"damage_healed":0,"gold_gain":0,"player_choice":"Grow","damage_taken":0,"max_hp_gain":0,"max_hp_loss":0,"event_name":"Living Wall","floor":2,"gold_loss":0,"cards_upgraded":["Underhanded Strike"]},{"damage_healed":0,"gold_gain":75,"player_choice":"Gather Gold","damage_taken":11,"max_hp_gain":0,"max_hp_loss":0,"event_name":"World of Goop","floor":3,"gold_loss":0},{"damage_healed":0,"gold_gain":0,"player_choice":"Entered Light","damage_taken":15,"max_hp_gain":0,"max_hp_loss":0,"event_name":"Shining Light","floor":4,"gold_loss":0,"cards_upgraded":["Survivor","Strike_G"]},{"damage_healed":0,"gold_gain":70,"player_choice":"Gained Gold","damage_taken":0,"max_hp_gain":0,"max_hp_loss":0,"event_name":"Golden Wing","floor":10,"gold_loss":0},{"damage_healed":0,"gold_gain":0,"player_choice":"Fight","damage_taken":0,"max_hp_gain":0,"max_hp_loss":0,"event_name":"Colosseum","floor":24,"gold_loss":0},{"damage_healed":0,"gold_gain":0,"player_choice":"Fled From Nobs","damage_taken":0,"max_hp_gain":0,"max_hp_loss":0,"event_name":"Colosseum","floor":24,"gold_loss":0},{"damage_healed":0,"gold_gain":0,"player_choice":"Inject Mutagens","damage_taken":0,"relics_obtained":["MutagenicStrength"],"max_hp_gain":0,"max_hp_loss":0,"event_name":"Drug Dealer","floor":25,"gold_loss":0}],"is_beta":false,"boss_relics":[{"not_picked":["Ectoplasm","HoveringKite"],"picked":"Empty Cage"}],"items_purged_floors":[],"is_endless":false,"potions_floor_spawned":[5,12,16,19,21,22,23],"killed_by":"3 Cultists","ascension_level":0}