{"gold_per_floor":[110,110,285,304,304,304,320,330,330,31,42,42,42,42,42,170,170,194,139,139,162,176,176,219,243,243,243],"floor_reached":27,"playtime":1341,"items_purged":["Doubt"],"score":245,"play_id":"d6565e9e-b1bf-46fa-a845-69995c28b15a","local_time":"20181013012138","is_ascension_mode":true,"campfire_choices":[{"data":"Bash","floor":6,"key":"SMITH"},{"data":"Brutality","floor":15,"key":"SMITH"},{"floor":23,"key":"REST"}],"neow_cost":"","seed_source_timestamp":4444124590914,"circlet_count":0,"master_deck":["Strike_R","Strike_R","Strike_R+1","Strike_R","Strike_R","Defend_R","Defend_R","Defend_R+1","Defend_R","Bash+1","Heavy Blade","Dropkick","Clash","Flex","Brutality+1","Discovery","Infernal Blade","Exhume","Armaments+1","Combust","Shockwave+1","Heavy Blade"],"relics":["Burning Blood","Gremlin Horn","Matryoshka","Golden Idol","Pen Nib","The Courier","Sozu","Omamori","Bird Faced Urn","Blood Vial","Turnip"],"potions_floor_usage":[24,24],"damage_taken":[{"damage":5,"enemies":"Jaw Worm","floor":1,"turns":6},{"damage":15,"enemies":"Small Slimes","floor":4,"turns":4},{"damage":0,"enemies":"2 Louse","floor":7,"turns":2},{"damage":0,"enemies":"Large Slime","floor":8,"turns":5},{"damage":5,"enemies":"Exordium Thugs","floor":11,"turns":3},{"damage":24,"enemies":"Slime Boss","floor":16,"turns":7},{"damage":41,"enemies":"3 Byrds","floor":18,"turns":4},{"damage":3,"enemies":"Spheric Guardian","floor":21,"turns":3},{"damage":40,"enemies":"Cultist and Chosen","floor":22,"turns":5},{"damage":29,"enemies":"Slavers","floor":24,"turns":4},{"damage":7,"enemies":"Snecko","floor":25,"turns":3},{"damage":27,"enemies":"Snake Plant","floor":27,"turns":2}],"seed_played":"222466315780554757","potions_obtained":[{"floor":1,"key":"Energy Potion"},{"floor":8,"key":"Regen Potion"},{"floor":11,"key":"Dexterity Potion"}],"is_trial":false,"path_per_floor":["M","?","?","M","?","R","M","M","T","$","M","$","?","T","R","B",null,"M","$","?","M","M","R","E","M","T"],"character_chosen":"IRONCLAD","items_purchased":["Flex","Brutality","Discovery","Combust"],"campfire_rested":1,"item_purchase_floors":[10,10,10,19],"current_hp_per_floor":[80,77,77,68,52,52,58,64,64,64,65,65,65,65,65,47,74,39,39,39,42,8,30,19,20,20,0],"gold":243,"neow_bonus":"","is_prod":false,"is_daily":false,"chose_seed":false,"campfire_upgraded":2,"win_rate":0,"timestamp":1539404498,"path_taken":["M","?","?","M","?","R","M","M","T","$","?","?","?","?","R","BOSS","M","$","?","M","M","R","E","M","T","?"],"build_version":"2018-10-11","purchased_purges":1,"victory":false,"max_hp_per_floor":[80,80,80,80,80,80,80,80,80,80,80,80,74,74,74,74,74,74,74,74,74,74,74,74,74,74,74],"card_choices":[{"not_picked":["Rupture","Reckless Charge"],"picked":"Heavy Blade","floor":1},{"not_picked":["Ghostly Armor","Anger"],"picked":"Dropkick","floor":4},{"not_picked":["Power Through","Anger"],"picked":"Clash","floor":7},{"not_picked":["Bloodletting","Feel No Pain","Wild Strike"],"picked":"SKIP","floor":8},{"not_picked":["Evolve","Twin Strike"],"picked":"Infernal Blade","floor":11},{"not_picked":["Fiend Fire","Offering"],"picked":"Exhume","floor":16},{"not_picked":["Pommel Strike","Wild Strike"],"picked":"Armaments+1","floor":18},{"not_picked":["Havoc","Sentinel","Cleave"],"picked":"SKIP","floor":21},{"not_picked":["Cleave","Clothesline+1"],"picked":"Shockwave+1","floor":22},{"not_picked":["Body Slam","Second Wind+1","Thunderclap"],"picked":"SKIP","floor":24},{"not_picked":["Sword Boomerang","Armaments"],"picked":"Heavy Blade","floor":25}],"player_experience":132591,"relics_obtained":[{"floor":9,"key":"Matryoshka"},{"floor":14,"key":"Pen Nib"},{"floor":14,"key":"The Courier"},{"floor":24,"key":"Bird Faced Urn"},{"floor":26,"key":"Blood Vial"},{"floor":26,"key":"Turnip"}],"event_choices":[{"event_name":"Scrap Ooze","player_choice":"success","floor":2,"damage_taken":3},{"event_name":"Liars Game","player_choice":"agreed","floor":3,"damage_taken":0},{"event_name":"Shining Light","player_choice":"Entered Light","floor":5,"damage_taken":0},{"event_name":"Golden Idol","player_choice":"Lose Max HP","floor":13,"damage_taken":0},{"event_name":"The Mausoleum","player_choice":"Yes","floor":20,"damage_taken":0}],"is_beta":false,"boss_relics":[{"not_picked":["Pandora\u0027s Box","Empty Cage"],"picked":"Sozu"}],"items_purged_floors":[10],"is_endless":false,"potions_floor_spawned":[1,8,11,18,21],"killed_by":"Snake Plant","ascension_level":2}