{"gold_per_floor":[217,292,292,139,139,170,184,184,239,258,95,129,129,156,156,252,252,262,262,262,52,52,52],"floor_reached":23,"playtime":777,"items_purged":["Regret"],"score":203,"play_id":"098c8d71-062c-4d17-8e59-d9b775fc2014","local_time":"20181204222625","is_ascension_mode":true,"campfire_choices":[{"floor":8,"key":"REST"},{"floor":13,"key":"REST"},{"floor":15,"key":"REST"}],"neow_cost":"NONE","seed_source_timestamp":5716406238125195,"circlet_count":0,"master_deck":["Strike_R","Strike_R","Strike_R","Strike_R","Strike_R","Defend_R","Defend_R","Defend_R","Defend_R","Bash","Anger","Metallicize","Intimidate","Havoc","Dramatic Entrance","Pommel Strike","Armaments","Demon Form","Iron Wave","Shame"],"relics":["Burning Blood","Art of War","Blood Vial","Champion Belt","Happy Flower","PreservedInsect","Smiling Mask","Odd Mushroom","Eternal Feather","Nilry\u0027s Codex","Toolbox","The Courier"],"potions_floor_usage":[16,23],"damage_taken":[{"damage":8,"enemies":"Jaw Worm","floor":1,"turns":3},{"damage":59,"enemies":"3 Sentries","floor":6,"turns":10},{"damage":1,"enemies":"Small Slimes","floor":7,"turns":4},{"damage":4,"enemies":"2 Louse","floor":10,"turns":2},{"damage":22,"enemies":"Gremlin Nob","floor":12,"turns":4},{"damage":9,"enemies":"The Mushroom Lair","floor":14,"turns":4},{"damage":65,"enemies":"Hexaghost","floor":16,"turns":12},{"damage":21,"enemies":"Chosen","floor":18,"turns":8},{"damage":56,"enemies":"Book of Stabbing","floor":23,"turns":5}],"seed_played":"-3952761442740673378","potions_obtained":[{"floor":6,"key":"Ancient Potion"},{"floor":16,"key":"Strength Potion"}],"is_trial":false,"path_per_floor":["M","?","?","$","?","E","M","R","T","M","$","E","R","?","R","B",null,"M","?","?","$","?","E"],"character_chosen":"IRONCLAD","items_purchased":["Blood Vial","Dramatic Entrance","Toolbox"],"campfire_rested":3,"item_purchase_floors":[4,11,21],"current_hp_per_floor":[78,67,67,67,60,9,16,40,40,44,44,30,54,53,77,20,80,65,65,49,49,49,0],"gold":52,"neow_bonus":"HUNDRED_GOLD","is_prod":false,"is_daily":false,"chose_seed":false,"campfire_upgraded":0,"win_rate":0,"timestamp":1543980385,"path_taken":["M","?","?","$","?","E","M","R","T","M","$","E","R","?","R","BOSS","M","?","?","$","?","E"],"build_version":"2018-11-15","purchased_purges":1,"victory":false,"max_hp_per_floor":[80,80,80,80,80,80,80,80,80,80,80,80,80,80,80,80,80,80,80,80,80,80,80],"card_choices":[{"not_picked":["Thunderclap","Power Through"],"picked":"Anger","floor":1},{"not_picked":["Heavy Blade","Ghostly Armor"],"picked":"Metallicize","floor":6},{"not_picked":["Flex","Sword Boomerang"],"picked":"Intimidate","floor":7},{"not_picked":["Sword Boomerang","Thunderclap"],"picked":"Havoc","floor":10},{"not_picked":["Double Tap","Evolve"],"picked":"Pommel Strike","floor":12},{"not_picked":["True Grit","Shockwave"],"picked":"Armaments","floor":14},{"not_picked":["Exhume","Fiend Fire"],"picked":"Demon Form","floor":16},{"not_picked":["Second Wind","Flex"],"picked":"Iron Wave","floor":18}],"player_experience":245828,"relics_obtained":[{"floor":6,"key":"Happy Flower"},{"floor":9,"key":"PreservedInsect"},{"floor":12,"key":"Smiling Mask"},{"floor":14,"key":"Odd Mushroom"},{"floor":20,"key":"Nilry\u0027s Codex"}],"event_choices":[{"damage_healed":0,"gold_gain":75,"player_choice":"Gather Gold","damage_taken":11,"max_hp_gain":0,"max_hp_loss":0,"event_name":"World of Goop","floor":2,"gold_loss":0},{"damage_healed":0,"gold_gain":0,"player_choice":"Box","damage_taken":0,"relics_obtained":["Art of War"],"max_hp_gain":0,"max_hp_loss":0,"event_name":"Big Fish","floor":3,"gold_loss":0,"cards_obtained":["Regret"]},{"damage_healed":0,"gold_gain":0,"player_choice":"Success","damage_taken":7,"relics_obtained":["Champion Belt"],"max_hp_gain":0,"max_hp_loss":0,"event_name":"Scrap Ooze","floor":5,"gold_loss":0},{"damage_healed":0,"gold_gain":0,"player_choice":"Fought Mushrooms","damage_taken":0,"max_hp_gain":0,"max_hp_loss":0,"event_name":"Mushrooms","floor":14,"gold_loss":0},{"damage_healed":0,"gold_gain":0,"player_choice":"Ignored","damage_taken":0,"max_hp_gain":0,"max_hp_loss":0,"event_name":"Ghosts","floor":19,"gold_loss":0},{"damage_healed":0,"gold_gain":0,"player_choice":"Obtained Book","damage_taken":16,"max_hp_gain":0,"max_hp_loss":0,"event_name":"Cursed Tome","floor":20,"gold_loss":0},{"damage_healed":0,"gold_gain":0,"player_choice":"Stole Relic","damage_taken":0,"relics_obtained":["The Courier"],"max_hp_gain":0,"max_hp_loss":0,"event_name":"Addict","floor":22,"gold_loss":0,"cards_obtained":["Shame"]}],"is_beta":false,"boss_relics":[{"not_picked":["Orrery","Snecko Eye"],"picked":"Eternal Feather"}],"items_purged_floors":[11],"is_endless":false,"potions_floor_spawned":[6,16],"killed_by":"Book of Stabbing","ascension_level":1}