{"gold_per_floor":[116,116,29,179,49,65,91,91,91,111,144,124,149,167,167,246,246,264,282,297,297,61,61,88,88,88,88,106,118,67,79,79,154,154,171,171,271,282,36,36],"floor_reached":40,"playtime":2039,"items_purged":["Doubt","Strike_R"],"score":996,"play_id":"1be27cf2-a575-4397-82a6-6ad4aa1c48a3","local_time":"20181226174349","is_ascension_mode":true,"campfire_choices":[{"data":"Immolate","floor":8,"key":"SMITH"},{"data":"Heavy Blade","floor":15,"key":"SMITH"},{"data":"Armaments","floor":23,"key":"SMITH"},{"data":"Limit Break","floor":25,"key":"SMITH"},{"floor":27,"key":"REST"},{"floor":32,"key":"REST"}],"neow_cost":"NONE","seed_source_timestamp":2507871093866,"circlet_count":0,"master_deck":["AscendersBane","Strike_R","Strike_R","Strike_R","Defend_R","Defend_R","Defend_R","Defend_R","Bash+1","Pommel Strike","Spot Weakness","Headbutt","Uppercut","Immolate+1","Heavy Blade+1","Iron Wave","Reaper","Limit Break+1","Seeing Red","Inflame","Armaments+1","Metallicize","Shrug It Off","Double Tap","Warcry+1","Inflame+1","Disarm"],"relics":["Burning Blood","NeowsBlessing","Oddly Smooth Stone","Thread and Needle","Nunchaku","Kunai","Lizard Tail","StoneCalendar","Ornamental Fan","Sozu","Incense Burner","Vajra"],"potions_floor_usage":[16,20,24,24,32,38],"damage_taken":[{"damage":0,"enemies":"Small Slimes","floor":1,"turns":1},{"damage":0,"enemies":"Cultist","floor":6,"turns":1},{"damage":0,"enemies":"Gremlin Nob","floor":7,"turns":1},{"damage":0,"enemies":"2 Louse","floor":10,"turns":1},{"damage":7,"enemies":"3 Sentries","floor":11,"turns":4},{"damage":27,"enemies":"Lagavulin","floor":13,"turns":4},{"damage":13,"enemies":"Lots of Slimes","floor":14,"turns":3},{"damage":0,"enemies":"Slime Boss","floor":16,"turns":6},{"damage":17,"enemies":"Chosen","floor":18,"turns":4},{"damage":11,"enemies":"Spheric Guardian","floor":19,"turns":5},{"damage":22,"enemies":"Cultist and Chosen","floor":20,"turns":6},{"damage":46,"enemies":"Book of Stabbing","floor":24,"turns":4},{"damage":38,"enemies":"3 Cultists","floor":28,"turns":5},{"damage":23,"enemies":"Chosen and Byrds","floor":29,"turns":6},{"damage":16,"enemies":"Snecko","floor":31,"turns":5},{"damage":41,"enemies":"Champ","floor":33,"turns":8},{"damage":47,"enemies":"3 Darklings","floor":35,"turns":5},{"damage":24,"enemies":"Mind Bloom Boss Battle","floor":37,"turns":8},{"damage":31,"enemies":"Orb Walker","floor":38,"turns":5},{"damage":51,"enemies":"Nemesis","floor":40,"turns":5}],"seed_played":"4438378865959325137","potions_obtained":[{"floor":7,"key":"FairyPotion"},{"floor":11,"key":"AttackPotion"},{"floor":12,"key":"SteroidPotion"},{"floor":13,"key":"Weak Potion"},{"floor":14,"key":"Energy Potion"},{"floor":18,"key":"SteroidPotion"},{"floor":20,"key":"Energy Potion"},{"floor":31,"key":"Fruit Juice"},{"floor":33,"key":"Swift Potion"}],"is_trial":false,"path_per_floor":["M","?","$","?","$","M","E","R","T","M","E","?","E","M","R","B",null,"M","M","M","?","$","R","E","R","T","R","M","M","$","M","R","B",null,"M","$","?","M","$","E"],"character_chosen":"IRONCLAD","items_purchased":["Spot Weakness","Headbutt","Armaments","Regen Potion","Shrug It Off","Disarm","Vajra"],"campfire_rested":2,"item_purchase_floors":[3,5,22,22,30,39,39],"current_hp_per_floor":[74,74,74,74,74,75,75,75,75,75,74,74,53,46,46,67,73,62,57,41,41,41,41,23,23,23,45,13,43,43,37,66,31,68,77,77,64,39,39,0],"gold":36,"neow_bonus":"THREE_ENEMY_KILL","is_prod":false,"is_daily":false,"chose_seed":false,"campfire_upgraded":4,"win_rate":0,"timestamp":1545857029,"path_taken":["M","?","?","?","$","M","E","R","T","M","E","?","E","M","R","BOSS","M","M","M","?","$","R","E","R","T","R","M","M","$","M","R","BOSS","M","?","?","M","$","E"],"build_version":"2018-12-20","purchased_purges":2,"victory":false,"max_hp_per_floor":[75,75,75,75,75,75,75,75,75,75,75,75,75,75,75,75,75,75,75,75,75,75,75,75,75,75,75,75,75,75,75,80,80,80,80,80,80,80,80,80],"card_choices":[{"not_picked":["Armaments","Burning Pact"],"picked":"Pommel Strike","floor":1},{"not_picked":["Twin Strike","Fire Breathing"],"picked":"Uppercut","floor":6},{"not_picked":["Body Slam","Spot Weakness"],"picked":"Immolate","floor":7},{"not_picked":["Cleave","Havoc"],"picked":"Heavy Blade","floor":10},{"not_picked":["Pommel Strike","Sever Soul","Cleave"],"picked":"SKIP","floor":11},{"not_picked":["Body Slam","Fire Breathing"],"picked":"Iron Wave","floor":13},{"not_picked":["Twin Strike","Perfected Strike"],"picked":"Reaper","floor":14},{"not_picked":["Barricade","Demon Form"],"picked":"Limit Break","floor":16},{"not_picked":["Thunderclap","Perfected Strike"],"picked":"Seeing Red","floor":18},{"not_picked":["Body Slam","Twin Strike","Juggernaut"],"picked":"SKIP","floor":19},{"not_picked":["Armaments","Fire Breathing+1"],"picked":"Inflame","floor":20},{"not_picked":["Sever Soul+1","Dropkick","Perfected Strike"],"picked":"SKIP","floor":24},{"not_picked":["Whirlwind","Corruption"],"picked":"Metallicize","floor":28},{"not_picked":["Wild Strike","Clash","Sword Boomerang+1"],"picked":"SKIP","floor":29},{"not_picked":["Sever Soul","Fire Breathing","Double Tap"],"picked":"SKIP","floor":31},{"not_picked":["Immolate","Feed"],"picked":"Double Tap","floor":33},{"not_picked":["Anger","Clash"],"picked":"Warcry+1","floor":35},{"not_picked":["Havoc","Perfected Strike+1"],"picked":"Inflame+1","floor":38}],"player_experience":633034,"relics_obtained":[{"floor":7,"key":"Oddly Smooth Stone"},{"floor":9,"key":"Thread and Needle"},{"floor":11,"key":"Nunchaku"},{"floor":13,"key":"Kunai"},{"floor":24,"key":"StoneCalendar"},{"floor":26,"key":"Ornamental Fan"},{"floor":37,"key":"Incense Burner"}],"event_choices":[{"damage_healed":0,"gold_gain":0,"player_choice":"Upgraded","damage_taken":0,"max_hp_gain":0,"max_hp_loss":0,"event_name":"Upgrade Shrine","floor":2,"gold_loss":0,"cards_upgraded":["Bash"]},{"damage_healed":0,"gold_gain":150,"player_choice":"AGREE","damage_taken":0,"max_hp_gain":0,"max_hp_loss":0,"event_name":"Liars Game","floor":4,"gold_loss":0,"cards_obtained":["Doubt"]},{"damage_healed":0,"gold_gain":0,"player_choice":"Bought 1 Potion","damage_taken":0,"max_hp_gain":0,"max_hp_loss":0,"event_name":"The Woman in Blue","floor":12,"gold_loss":0},{"cards_removed":["Strike_R"],"damage_healed":0,"gold_gain":0,"player_choice":"Purged","damage_taken":0,"max_hp_gain":0,"max_hp_loss":0,"event_name":"Purifier","floor":21,"gold_loss":0},{"damage_healed":0,"gold_gain":0,"player_choice":"Fight","damage_taken":0,"max_hp_gain":0,"max_hp_loss":0,"event_name":"MindBloom","floor":37,"gold_loss":0}],"is_beta":false,"boss_relics":[{"not_picked":["White Beast Statue","Runic Cube"],"picked":"Lizard Tail"},{"not_picked":["Runic Dome","Fusion Hammer"],"picked":"Sozu"}],"items_purged_floors":[5,22],"is_endless":false,"potions_floor_spawned":[7,11,13,14,18,20,31,33,37],"killed_by":"Nemesis","ascension_level":18}