{"gold_per_floor":[119,138,138,138,148,148,148,148,172,191,204,30,48,64,64,168,168],"floor_reached":17,"playtime":391,"items_purged":["Regret"],"score":179,"play_id":"13dd5503-a5e0-4970-bf59-0a150b387f93","local_time":"20181018182413","is_ascension_mode":true,"campfire_choices":[{"data":"Hyperbeam","floor":6,"key":"SMITH"},{"data":"Zap","floor":8,"key":"SMITH"},{"data":"Hello World","floor":15,"key":"SMITH"}],"neow_cost":"NONE","seed_source_timestamp":8200323822839,"circlet_count":0,"master_deck":["Strike_B","Strike_B","Strike_B","Strike_B","Defend_B","Defend_B+1","Defend_B","Defend_B","Zap+1","Dualcast","Hyperbeam+1","Defragment+1","Leap","Glacier","Hello World+1","Coolheaded","Coolheaded","Hyperbeam"],"relics":["Cracked Core","Ornamental Fan","The Courier","Oddly Smooth Stone","Vajra","Tiny House"],"potions_floor_usage":[16],"damage_taken":[{"damage":0,"enemies":"Cultist","floor":1,"turns":2},{"damage":0,"enemies":"Jaw Worm","floor":2,"turns":1},{"damage":0,"enemies":"Small Slimes","floor":5,"turns":1},{"damage":0,"enemies":"Blue Slaver","floor":10,"turns":1},{"damage":4,"enemies":"Looter","floor":11,"turns":3},{"damage":11,"enemies":"Exordium Thugs","floor":13,"turns":2},{"damage":0,"enemies":"Blue Slaver","floor":14,"turns":3},{"damage":1,"enemies":"Slime Boss","floor":16,"turns":7}],"seed_played":"4460337564755454662","potions_obtained":[{"floor":1,"key":"Fire Potion"},{"floor":2,"key":"Poison Potion"},{"floor":10,"key":"Energy Potion"}],"is_trial":false,"path_per_floor":["M","M","?","?","M","R","?","R","T","M","M","$","M","M","R","B"],"character_chosen":"DEFECT","items_purchased":["Vajra"],"campfire_rested":0,"item_purchase_floors":[12],"current_hp_per_floor":[75,75,57,57,57,57,57,57,57,57,53,53,42,42,42,41,46],"gold":168,"neow_bonus":"ONE_RANDOM_RARE_CARD","is_prod":false,"is_daily":false,"chose_seed":false,"campfire_upgraded":3,"win_rate":0,"timestamp":1539897853,"path_taken":["M","M","?","?","M","R","?","R","T","M","M","$","?","M","R","BOSS"],"build_version":"2018-10-11","purchased_purges":1,"victory":false,"max_hp_per_floor":[75,75,75,75,75,75,75,75,75,75,75,75,75,75,75,75,80],"card_choices":[{"not_picked":["Aggregate","Heatsinks"],"picked":"Defragment","floor":1},{"not_picked":["Steam","Gash"],"picked":"Leap","floor":2},{"not_picked":["Compile Driver","Barrage","Turbo"],"picked":"SKIP","floor":5},{"not_picked":["Turbo","Fusion"],"picked":"Glacier","floor":10},{"not_picked":["Rebound","Double Energy"],"picked":"Hello World","floor":11},{"not_picked":["Steam","Beam Cell"],"picked":"Coolheaded","floor":13},{"not_picked":["Steam","Barrage"],"picked":"Coolheaded","floor":14},{"not_picked":["Machine Learning","Buffer"],"picked":"Hyperbeam","floor":16}],"player_experience":168710,"relics_obtained":[{"floor":9,"key":"Oddly Smooth Stone"}],"event_choices":[{"event_name":"Scrap Ooze","player_choice":"success","floor":3,"damage_taken":18},{"event_name":"Living Wall","player_choice":"Grow","floor":4,"damage_taken":0},{"event_name":"Big Fish","player_choice":"Box","floor":7,"damage_taken":0}],"is_beta":false,"boss_relics":[{"not_picked":["Astrolabe","Runic Dome"],"picked":"Tiny House"}],"items_purged_floors":[12],"is_endless":false,"potions_floor_spawned":[1,2,10],"ascension_level":4}