{"gold_per_floor":[113,128,148,158,83,111,111,129,129,129,146,146,46,79,79,157,157,175,185,102,112,70,95,95,105,151,170,196,196,209,209,209,209],"floor_reached":33,"playtime":2257,"items_purged":["Strike_G","Regret"],"score":608,"play_id":"f1c72963-cbe6-4edc-b7b7-39f3e120aa36","local_time":"20190511113923","is_ascension_mode":true,"campfire_choices":[{"data":"Leg Sweep","floor":10,"key":"SMITH"},{"data":"Acrobatics","floor":15,"key":"SMITH"},{"data":"Malaise","floor":24,"key":"SMITH"},{"floor":29,"key":"REST"},{"data":"Leg Sweep","floor":32,"key":"SMITH"}],"neow_cost":"NONE","seed_source_timestamp":839787230095897,"circlet_count":0,"master_deck":["AscendersBane","Defend_G","Defend_G","Defend_G","Defend_G","Defend_G","Strike_G","Strike_G","Strike_G","Survivor","Neutralize+1","Quick Slash","Quick Slash","Backstab","Acrobatics+1","Leg Sweep+1","Dash+1","Dagger Spray+1","PiercingWail","Quick Slash+1","A Thousand Cuts","Malaise+1","Dash+1","Poisoned Stab+1","Escape Plan","Quick Slash+1","PiercingWail","PiercingWail","Leg Sweep+1"],"relics":["Ring of the Snake","Molten Egg 2","Meat on the Bone","Tough Bandages","FossilizedHelix","Sozu","Lantern","Happy Flower","Juzu Bracelet"],"potions_floor_usage":[4,6,16,27,28],"damage_taken":[{"damage":0,"enemies":"Cultist","floor":1,"turns":4},{"damage":2,"enemies":"2 Louse","floor":2,"turns":3},{"damage":4,"enemies":"Small Slimes","floor":3,"turns":3},{"damage":0,"enemies":"Gremlin Gang","floor":4,"turns":6},{"damage":27,"enemies":"3 Sentries","floor":6,"turns":10},{"damage":4,"enemies":"Red Slaver","floor":8,"turns":7},{"damage":5,"enemies":"Exordium Thugs","floor":11,"turns":6},{"damage":14,"enemies":"Lagavulin","floor":14,"turns":9},{"damage":13,"enemies":"The Guardian","floor":16,"turns":18},{"damage":0,"enemies":"3 Byrds","floor":18,"turns":6},{"damage":0,"enemies":"Shell Parasite","floor":19,"turns":6},{"damage":3,"enemies":"Snake Plant","floor":21,"turns":7},{"damage":14,"enemies":"Book of Stabbing","floor":23,"turns":9},{"damage":7,"enemies":"Centurion and Healer","floor":25,"turns":6},{"damage":0,"enemies":"3 Cultists","floor":27,"turns":5},{"damage":0,"enemies":"Gremlin Leader","floor":28,"turns":7},{"damage":0,"enemies":"Cultist and Chosen","floor":30,"turns":6},{"damage":52,"enemies":"Champ","floor":33,"turns":17}],"seed_played":"5991637753363637957","potions_obtained":[{"floor":2,"key":"Block Potion"},{"floor":3,"key":"SteroidPotion"},{"floor":6,"key":"Fire Potion"},{"floor":14,"key":"Block Potion"},{"floor":16,"key":"Swift Potion"}],"is_trial":false,"path_per_floor":["M","M","M","M","$","E","?","M","T","R","M","?","$","E","R","B",null,"M","M","$","M","$","E","R","M","T","M","E","R","M","?","R","B"],"character_chosen":"THE_SILENT","items_purchased":["Dash+1","Escape Plan"],"campfire_rested":1,"item_purchase_floors":[20,22],"current_hp_per_floor":[59,57,53,53,53,26,26,34,34,34,41,41,41,39,39,38,59,59,59,59,56,56,42,42,35,35,35,35,54,54,48,48,0],"gold":209,"neow_bonus":"UPGRADE_CARD","is_prod":false,"is_daily":false,"chose_seed":false,"campfire_upgraded":4,"win_rate":0,"timestamp":1557589163,"path_taken":["M","M","M","M","?","E","?","M","T","R","M","?","$","E","R","BOSS","M","?","?","M","$","E","R","?","T","M","E","R","M","?","R","BOSS"],"build_version":"2019-01-23","purchased_purges":2,"victory":false,"max_hp_per_floor":[66,66,66,66,66,66,66,66,66,66,66,66,66,66,66,66,66,66,66,66,66,66,66,66,66,66,66,66,66,66,66,66,66],"card_choices":[{"not_picked":["Prepared","Setup"],"picked":"Quick Slash","floor":1},{"not_picked":["Distraction","Bane"],"picked":"Quick Slash","floor":2},{"not_picked":["Catalyst","Cloak And Dagger"],"picked":"Backstab","floor":3},{"not_picked":["Poisoned Stab","Blur"],"picked":"Acrobatics","floor":4},{"not_picked":["Crippling Poison","Adrenaline"],"picked":"Leg Sweep","floor":6},{"not_picked":["Blade Dance","Skewer+1"],"picked":"Dash+1","floor":8},{"not_picked":["Sucker Punch+1","Bane+1"],"picked":"Dagger Spray+1","floor":11},{"not_picked":["Slice+1","Dodge and Roll"],"picked":"Quick Slash+1","floor":14},{"not_picked":["Phantasmal Killer","Doppelganger"],"picked":"A Thousand Cuts","floor":16},{"not_picked":["Flying Knee+1","Underhanded Strike+1","Slice+1"],"picked":"SKIP","floor":18},{"not_picked":["Deadly Poison","Poisoned Stab+1"],"picked":"Malaise","floor":19},{"not_picked":["Deadly Poison","Dodge and Roll"],"picked":"Poisoned Stab+1","floor":21},{"not_picked":["All Out Attack+1","Outmaneuver"],"picked":"Quick Slash+1","floor":23},{"not_picked":["Dodge and Roll+1","Prepared"],"picked":"PiercingWail","floor":25},{"not_picked":["Bane+1","Acrobatics"],"picked":"PiercingWail","floor":27},{"not_picked":["Infinite Blades","Acrobatics","Outmaneuver"],"picked":"SKIP","floor":28},{"not_picked":["Infinite Blades","Acrobatics","Outmaneuver"],"picked":"SKIP","floor":28},{"not_picked":["Infinite Blades","Acrobatics","Outmaneuver"],"picked":"SKIP","floor":28},{"not_picked":["Dagger Throw+1","Dagger Spray+1"],"picked":"Leg Sweep","floor":30}],"player_experience":516792,"relics_obtained":[{"floor":6,"key":"Molten Egg 2"},{"floor":9,"key":"Tough Bandages"},{"floor":14,"key":"FossilizedHelix"},{"floor":23,"key":"Lantern"},{"floor":26,"key":"Happy Flower"},{"floor":28,"key":"Juzu Bracelet"}],"event_choices":[{"damage_healed":0,"gold_gain":0,"player_choice":"Box","damage_taken":0,"relics_obtained":["Meat on the Bone"],"max_hp_gain":0,"max_hp_loss":0,"event_name":"Big Fish","floor":7,"gold_loss":0,"cards_obtained":["Regret"]},{"damage_healed":0,"gold_gain":0,"cards_transformed":["Strike_G"],"player_choice":"Transformed","damage_taken":0,"max_hp_gain":0,"max_hp_loss":0,"event_name":"Transmorgrifier","floor":12,"gold_loss":0,"cards_obtained":["PiercingWail"]},{"damage_healed":0,"gold_gain":0,"player_choice":"","damage_taken":6,"max_hp_gain":0,"max_hp_loss":0,"event_name":"Knowing Skull","floor":31,"potions_obtained":[],"gold_loss":0,"cards_obtained":[]}],"is_beta":false,"boss_relics":[{"not_picked":["White Beast Statue","Astrolabe"],"picked":"Sozu"}],"items_purged_floors":[5,13],"is_endless":false,"potions_floor_spawned":[2,3,6,14,16,21,23,27,28,30],"killed_by":"Champ","ascension_level":16}