{"gold_per_floor":[114,144,70,80,155,187,187,207,234,234,133,158,158,173,173,275,275,294,304,266,266,284,318,318,318],"floor_reached":25,"playtime":1067,"items_purged":[],"score":240,"play_id":"67d9ae5d-40f4-415d-8919-d4793aae68a8","local_time":"20180921193450","is_ascension_mode":true,"campfire_choices":[{"floor":7,"key":"REST"},{"floor":13,"key":"REST"},{"floor":15,"key":"REST"},{"floor":24,"key":"REST"}],"neow_cost":"PERCENT_DAMAGE","seed_source_timestamp":625049389671021,"circlet_count":0,"master_deck":["Defend_G","Defend_G","Defend_G","Defend_G","Defend_G","Strike_G","Strike_G","Strike_G","Strike_G","Strike_G","Survivor","Neutralize","Bouncing Flask","Infinite Blades","Infinite Blades","Tools of the Trade","Backstab","Parasite","Cloak And Dagger","Infinite Blades","Slice","Riddle With Holes","Burst","All Out Attack","Cloak And Dagger","Endless Agony","Distraction+1","Deadly Poison"],"relics":["Ring of the Snake","Tiny Chest","Ornamental Fan","Oddly Smooth Stone","Unceasing Top","Black Star","Pantograph","Incense Burner","Calipers"],"potions_floor_usage":[16,23,23,25],"damage_taken":[{"damage":2,"enemies":"Small Slimes","floor":1,"turns":4},{"damage":11,"enemies":"2 Louse","floor":4,"turns":3},{"damage":32,"enemies":"Gremlin Nob","floor":6,"turns":4},{"damage":6,"enemies":"Jaw Worm","floor":8,"turns":5},{"damage":9,"enemies":"3 Sentries","floor":12,"turns":8},{"damage":7,"enemies":"2 Fungi Beasts","floor":14,"turns":3},{"damage":36,"enemies":"The Guardian","floor":16,"turns":9},{"damage":16,"enemies":"Chosen","floor":18,"turns":5},{"damage":5,"enemies":"3 Byrds","floor":19,"turns":5},{"damage":13,"enemies":"Snecko","floor":22,"turns":5},{"damage":35,"enemies":"Book of Stabbing","floor":23,"turns":6},{"damage":53,"enemies":"Gremlin Leader","floor":25,"turns":8}],"seed_played":"1364143971990172884","potions_obtained":[{"floor":8,"key":"FearPotion"},{"floor":12,"key":"AttackPotion"},{"floor":19,"key":"Fire Potion"},{"floor":23,"key":"SteroidPotion"}],"is_trial":false,"path_per_floor":["M","?","$","M","?","E","R","M","T","?","$","E","R","M","R","B",null,"M","M","$","T","M","E","R"],"character_chosen":"THE_SILENT","items_purchased":["Infinite Blades","Cloak And Dagger","Infinite Blades","Endless Agony"],"campfire_rested":4,"item_purchase_floors":[3,11,11,20],"current_hp_per_floor":[58,55,55,44,33,1,26,20,20,41,41,32,57,50,75,39,84,68,63,63,63,50,15,40,0],"gold":318,"neow_bonus":"TWENTY_PERCENT_HP_BONUS","is_prod":false,"is_daily":false,"chose_seed":false,"campfire_upgraded":0,"win_rate":0,"timestamp":1537572890,"path_taken":["M","?","$","M","?","E","R","M","T","?","$","E","R","M","R","BOSS","M","M","$","?","?","E","R","E"],"build_version":"2018-09-20","purchased_purges":0,"victory":false,"max_hp_per_floor":[84,84,84,84,84,84,84,84,84,84,84,84,84,84,84,84,84,84,84,84,84,84,84,84,84],"card_choices":[{"not_picked":["Dagger Spray","Bane"],"picked":"Bouncing Flask","floor":1},{"not_picked":["All Out Attack","Flying Knee"],"picked":"Infinite Blades","floor":4},{"not_picked":["Wraith Form v2","Well Laid Plans"],"picked":"Tools of the Trade","floor":6},{"not_picked":["Outmaneuver","Backflip"],"picked":"Backstab","floor":8},{"not_picked":["Sucker Punch","Heel Hook"],"picked":"Slice","floor":12},{"not_picked":["Acrobatics","Phantasmal Killer"],"picked":"Riddle With Holes","floor":14},{"not_picked":["Night Terror","Die Die Die"],"picked":"Burst","floor":16},{"not_picked":["Backflip","Quick Slash"],"picked":"All Out Attack","floor":18},{"not_picked":["Calculated Gamble","Poisoned Stab"],"picked":"Cloak And Dagger","floor":19},{"not_picked":["Underhanded Strike","Slice"],"picked":"Distraction+1","floor":22},{"not_picked":["Dodge and Roll","Underhanded Strike"],"picked":"Deadly Poison","floor":23}],"player_experience":169676,"relics_obtained":[{"floor":6,"key":"Ornamental Fan"},{"floor":9,"key":"Oddly Smooth Stone"},{"floor":12,"key":"Unceasing Top"},{"floor":21,"key":"Pantograph"},{"floor":23,"key":"Incense Burner"},{"floor":23,"key":"Calipers"}],"event_choices":[{"event_name":"Scrap Ooze","player_choice":"success","floor":2,"damage_taken":3},{"event_name":"World of Goop","player_choice":"Gather Gold","floor":5,"damage_taken":0},{"event_name":"Mushrooms","player_choice":"Healed and dodged fight","floor":10,"damage_taken":0}],"is_beta":false,"boss_relics":[{"not_picked":["Runic Dome","Velvet Choker"],"picked":"Black Star"}],"items_purged_floors":[],"is_endless":false,"potions_floor_spawned":[8,12,19,23],"killed_by":"Gremlin Leader","ascension_level":1}