{"gold_per_floor":[116,135,135,135,153,182,182,182,182,214,214,245,322,34,34,129,129,144,36,36,36,49,49,49,49],"floor_reached":25,"playtime":621,"items_purged":[],"score":269,"play_id":"bc78872f-09ae-4d8c-bdcb-6f2ab8ae7401","local_time":"20180926221721","is_ascension_mode":true,"campfire_choices":[{"floor":8,"key":"REST"},{"floor":11,"key":"REST"},{"floor":15,"key":"REST"},{"floor":24,"key":"REST"}],"neow_cost":"PERCENT_DAMAGE","seed_source_timestamp":1067243335697106,"circlet_count":0,"master_deck":["Strike_B+1","Strike_B+1","Strike_B+1","Strike_B","Defend_B","Defend_B","Defend_B","Defend_B","Zap+1","Dualcast","Electrodynamics","Redo","Chaos","Auto Shields","Ball Lightning+1","Sweeping Beam","Defragment","Streamline","Conserve Battery","Loop","Buffer","Parasite","Writhe","Stack+1","Undo","Loop","Leap+1"],"relics":["Cracked Core","Symbiotic Virus","Bottled Tornado","Letter Opener","Whetstone","Girya","PreservedInsect","Calling Bell","Juzu Bracelet","Matryoshka","Emotion Chip","SsserpentHead"],"potions_floor_usage":[6,10,12,18],"damage_taken":[{"damage":0,"enemies":"Cultist","floor":1,"turns":4},{"damage":7,"enemies":"2 Louse","floor":2,"turns":2},{"damage":10,"enemies":"Small Slimes","floor":5,"turns":3},{"damage":16,"enemies":"Gremlin Nob","floor":6,"turns":4},{"damage":15,"enemies":"Lagavulin","floor":10,"turns":5},{"damage":8,"enemies":"Gremlin Nob","floor":12,"turns":3},{"damage":51,"enemies":"The Guardian","floor":16,"turns":8},{"damage":25,"enemies":"Shell Parasite","floor":18,"turns":4},{"damage":5,"enemies":"3 Byrds","floor":22,"turns":2},{"damage":49,"enemies":"Book of Stabbing","floor":25,"turns":6}],"seed_played":"-8813925397981707971","potions_obtained":[{"floor":2,"key":"Regen Potion"},{"floor":6,"key":"Fire Potion"},{"floor":10,"key":"FocusPotion"},{"floor":16,"key":"Energy Potion"}],"is_trial":false,"path_per_floor":["M","M","?","?","M","E","T","R","T","E","R","E","?","$","R","B",null,"M","$","?","?","M","?","R"],"character_chosen":"DEFECT","items_purchased":["PreservedInsect","Streamline","Conserve Battery","Loop","Undo","Loop"],"campfire_rested":4,"item_purchase_floors":[14,14,14,14,19,19],"current_hp_per_floor":[54,47,32,32,22,18,18,40,40,25,47,39,39,39,61,10,59,34,34,34,27,22,22,44,0],"gold":49,"neow_bonus":"THREE_RARE_CARDS","is_prod":false,"is_daily":false,"chose_seed":false,"campfire_upgraded":0,"win_rate":0,"timestamp":1538014641,"path_taken":["M","M","?","?","?","E","?","R","T","E","R","E","?","?","R","BOSS","M","$","?","?","M","?","R","E"],"build_version":"2018-09-20","purchased_purges":0,"victory":false,"max_hp_per_floor":[75,75,75,75,75,75,75,75,75,75,75,75,75,75,75,75,75,75,75,75,75,75,75,75,75],"card_choices":[{"not_picked":["Machine Learning","Multi-Cast"],"picked":"Electrodynamics","floor":0},{"not_picked":["Beam Cell","Turbo"],"picked":"Redo","floor":1},{"not_picked":["Compile Driver","Scrape"],"picked":"Chaos","floor":2},{"not_picked":["Cold Snap","Doom and Gloom"],"picked":"Auto Shields","floor":5},{"not_picked":["Storm","Skim"],"picked":"Ball Lightning","floor":6},{"not_picked":["Go for the Eyes","Steam Power"],"picked":"Sweeping Beam","floor":10},{"not_picked":["Consume","Rebound"],"picked":"Defragment","floor":12},{"not_picked":["Core Surge","Meteor Strike"],"picked":"Buffer","floor":16},{"not_picked":["Fusion","Streamline"],"picked":"Stack+1","floor":18},{"not_picked":["Reinforced Body","Hologram"],"picked":"Leap+1","floor":22}],"player_experience":193311,"relics_obtained":[{"floor":6,"key":"Symbiotic Virus"},{"floor":7,"key":"Bottled Tornado"},{"floor":9,"key":"Letter Opener"},{"floor":10,"key":"Whetstone"},{"floor":12,"key":"Girya"},{"floor":17,"key":"Juzu Bracelet"},{"floor":17,"key":"Matryoshka"},{"floor":17,"key":"Emotion Chip"}],"event_choices":[{"event_name":"Shining Light","player_choice":"Entered Light","floor":3,"damage_taken":0},{"event_name":"Upgrade Shrine","player_choice":"Upgraded","floor":4,"damage_taken":0},{"event_name":"Golden Wing","player_choice":"Gained Gold","floor":13,"damage_taken":0},{"event_name":"Purifier","player_choice":"One Purge","floor":20,"damage_taken":0},{"event_name":"Wheel of Change","player_choice":"Damage","floor":21,"damage_taken":0},{"event_name":"FaceTrader","player_choice":"Trade","floor":23,"damage_taken":0}],"is_beta":false,"boss_relics":[{"not_picked":["Snecko Eye","Black Star"],"picked":"Calling Bell"}],"items_purged_floors":[],"is_endless":false,"potions_floor_spawned":[2,6,10,16],"killed_by":"Book of Stabbing","ascension_level":5}