{"gold_per_floor":[111,124,142,156,170,170,123,152,179,204,204,215,225,241,241,336,336,346,55,73,73,96,160,160,185,185,185,200,216,216,248,248,344,344,362,37,56,102,28,63,63,63],"floor_reached":42,"playtime":3599,"items_purged":[],"score":537,"play_id":"7b3aed28-6c9c-42f2-a775-6a0e9d61cdc4","local_time":"20190331141336","is_ascension_mode":true,"campfire_choices":[{"floor":6,"key":"REST"},{"floor":11,"key":"REST"},{"floor":15,"key":"REST"},{"floor":24,"key":"REST"},{"floor":27,"key":"REST"},{"floor":30,"key":"REST"},{"floor":32,"key":"REST"}],"neow_cost":"NONE","seed_source_timestamp":1541985878254761,"circlet_count":0,"master_deck":["Strike_B+1","Defend_B","Defend_B","Defend_B","Zap","Dualcast","Ball Lightning+1","Gash","Gash","Compile Driver","Electrodynamics","Go for the Eyes","Coolheaded","Coolheaded","Coolheaded","FTL","Go for the Eyes","Echo Form","Echo Form","Chill","Defragment","White Noise","Mayhem","Hologram+1","Undo","Reinforced Body+1","Compile Driver+1","Seek","White Noise+1","Seek","Ball Lightning+1","Thunder Strike+1","Buffer+1","Compile Driver","Hologram","Leap","Hologram","Double Energy","Heatsinks","Defend_G"],"relics":["Cracked Core","Whetstone","Orichalcum","Odd Mushroom","Nuclear Battery","Blood Vial","Tiny Chest","Bag of Preparation","Potion Belt","Art of War","Astrolabe","Dead Branch","Shovel","The Courier"],"potions_floor_usage":[16,23,23,25,33,38,42],"damage_taken":[{"damage":16,"enemies":"2 Louse","floor":1,"turns":3},{"damage":6,"enemies":"Jaw Worm","floor":2,"turns":3},{"damage":0,"enemies":"Small Slimes","floor":3,"turns":3},{"damage":10,"enemies":"Exordium Thugs","floor":4,"turns":4},{"damage":10,"enemies":"Looter","floor":5,"turns":2},{"damage":18,"enemies":"3 Sentries","floor":8,"turns":3},{"damage":17,"enemies":"The Mushroom Lair","floor":10,"turns":3},{"damage":5,"enemies":"2 Fungi Beasts","floor":12,"turns":3},{"damage":16,"enemies":"Gremlin Gang","floor":13,"turns":2},{"damage":2,"enemies":"Blue Slaver","floor":14,"turns":2},{"damage":3,"enemies":"Slime Boss","floor":16,"turns":6},{"damage":36,"enemies":"2 Thieves","floor":18,"turns":4},{"damage":6,"enemies":"Spheric Guardian","floor":20,"turns":4},{"damage":26,"enemies":"Book of Stabbing","floor":23,"turns":6},{"damage":26,"enemies":"Slavers","floor":25,"turns":4},{"damage":5,"enemies":"Snake Plant","floor":28,"turns":4},{"damage":7,"enemies":"Sentry and Sphere","floor":29,"turns":4},{"damage":33,"enemies":"Gremlin Leader","floor":31,"turns":9},{"damage":12,"enemies":"Champ","floor":33,"turns":9},{"damage":18,"enemies":"3 Darklings","floor":35,"turns":3},{"damage":11,"enemies":"Orb Walker","floor":37,"turns":3},{"damage":24,"enemies":"2 Orb Walkers","floor":38,"turns":4},{"damage":6,"enemies":"Nemesis","floor":40,"turns":11},{"damage":49,"enemies":"Reptomancer","floor":42,"turns":3}],"seed_played":"-502200090756635068","potions_obtained":[{"floor":2,"key":"Swift Potion"},{"floor":4,"key":"Swift Potion"},{"floor":8,"key":"LiquidBronze"},{"floor":12,"key":"Dexterity Potion"},{"floor":16,"key":"SteroidPotion"},{"floor":18,"key":"FairyPotion"},{"floor":23,"key":"SkillPotion"},{"floor":29,"key":"SkillPotion"},{"floor":31,"key":"Strength Potion"},{"floor":37,"key":"Fire Potion"}],"is_trial":false,"path_per_floor":["M","M","M","M","M","R","$","E","T","?","R","M","M","M","R","B",null,"M","$","M","?","T","E","R","E","T","R","M","M","R","E","R","B",null,"M","$","M","?","$","E","?","E"],"character_chosen":"DEFECT","items_purchased":["Coolheaded","Defragment","White Noise","Mayhem","Dead Branch","Hologram","Double Energy"],"campfire_rested":7,"item_purchase_floors":[7,19,19,19,36,36,39],"current_hp_per_floor":[59,53,53,43,33,55,55,37,37,20,42,37,21,19,41,38,75,39,39,33,33,33,9,31,7,7,29,26,21,43,12,34,24,75,57,57,48,26,26,22,22,0],"gold":63,"neow_bonus":"THREE_CARDS","is_prod":false,"is_daily":false,"chose_seed":false,"campfire_upgraded":0,"win_rate":0,"timestamp":1554056016,"path_taken":["M","M","M","M","M","R","$","E","T","?","R","M","M","M","R","BOSS","M","$","M","?","?","E","R","E","T","R","M","M","R","E","R","BOSS","M","$","M","?","$","E","?","E"],"build_version":"2019-01-23","purchased_purges":0,"victory":false,"max_hp_per_floor":[75,75,75,75,75,75,75,75,75,75,75,75,75,75,75,75,75,75,75,75,75,75,75,75,75,75,75,75,75,75,75,75,75,75,75,75,75,75,75,75,75,75],"card_choices":[{"not_picked":["Darkness","Aggregate"],"picked":"Ball Lightning","floor":0},{"not_picked":["Stack","Redo"],"picked":"Gash","floor":1},{"not_picked":["Go for the Eyes","Stack"],"picked":"Gash","floor":2},{"not_picked":["Leap","Stack"],"picked":"Compile Driver","floor":3},{"not_picked":["Conserve Battery","Gash"],"picked":"Electrodynamics","floor":4},{"not_picked":["Hologram","Heatsinks"],"picked":"Go for the Eyes","floor":5},{"not_picked":["Rebound","Machine Learning"],"picked":"Coolheaded","floor":8},{"not_picked":["Rebound","Beam Cell"],"picked":"Coolheaded","floor":10},{"not_picked":["Genetic Algorithm","Consume"],"picked":"FTL","floor":12},{"not_picked":["Turbo","Barrage"],"picked":"Go for the Eyes","floor":13},{"not_picked":["Blizzard","Sunder"],"picked":"Echo Form","floor":14},{"not_picked":["Machine Learning","Meteor Strike"],"picked":"Echo Form","floor":16},{"not_picked":["Steam","Gash+1"],"picked":"Chill","floor":18},{"not_picked":["Auto Shields","Sweeping Beam"],"picked":"Hologram+1","floor":20},{"not_picked":["Sweeping Beam","Stack"],"picked":"Undo","floor":23},{"not_picked":["Sweeping Beam+1","Aggregate"],"picked":"Reinforced Body+1","floor":25},{"not_picked":["Sweeping Beam","Rebound"],"picked":"Compile Driver+1","floor":28},{"not_picked":["Redo","Fusion"],"picked":"Seek","floor":29},{"not_picked":["Hello World","Go for the Eyes"],"picked":"White Noise+1","floor":31},{"not_picked":["Fission","Rainbow"],"picked":"Seek","floor":33},{"not_picked":["Sweeping Beam","Turbo+1"],"picked":"Compile Driver","floor":35},{"not_picked":["Stack","Reprogram"],"picked":"Leap","floor":37},{"not_picked":["Stack+1","Redo"],"picked":"Hologram","floor":38},{"not_picked":["Steam","Undo+1"],"picked":"Heatsinks","floor":40}],"player_experience":445346,"relics_obtained":[{"floor":8,"key":"Whetstone"},{"floor":9,"key":"Orichalcum"},{"floor":10,"key":"Odd Mushroom"},{"floor":22,"key":"Blood Vial"},{"floor":23,"key":"Tiny Chest"},{"floor":25,"key":"Bag of Preparation"},{"floor":26,"key":"Potion Belt"},{"floor":31,"key":"Art of War"},{"floor":38,"key":"Shovel"},{"floor":40,"key":"The Courier"}],"event_choices":[{"damage_healed":0,"gold_gain":0,"player_choice":"Fought Mushrooms","damage_taken":0,"max_hp_gain":0,"max_hp_loss":0,"event_name":"Mushrooms","floor":10,"gold_loss":0},{"damage_healed":0,"gold_gain":0,"player_choice":"Ignored","damage_taken":0,"max_hp_gain":0,"max_hp_loss":0,"event_name":"Ghosts","floor":21,"gold_loss":0},{"damage_healed":0,"gold_gain":0,"player_choice":"Fight","damage_taken":0,"max_hp_gain":0,"max_hp_loss":0,"event_name":"Mysterious Sphere","floor":38,"gold_loss":0},{"cards_removed":["Defend_B"],"damage_healed":0,"gold_gain":0,"player_choice":"Took Card","damage_taken":0,"max_hp_gain":0,"max_hp_loss":0,"event_name":"NoteForYourself","floor":41,"gold_loss":0,"cards_obtained":["Defend_G"]}],"is_beta":false,"boss_relics":[{"not_picked":["FrozenCore","White Beast Statue"],"picked":"Nuclear Battery"},{"not_picked":["Orrery","Runic Pyramid"],"picked":"Astrolabe"}],"items_purged_floors":[],"is_endless":false,"potions_floor_spawned":[2,4,8,12,16,18,23,29,31,37],"killed_by":"Reptomancer","ascension_level":1}