{"gold_per_floor":[115,126,140,153,48,80,80,96,171,184,216,246,45,73,73,181,181,206,238,238,240,368,368,392,392,417,542,564,590,611,139,139,147],"floor_reached":33,"playtime":1762,"items_purged":["Amplify"],"score":290,"play_id":"2c80f12c-78a7-4935-81ca-c99eee11a924","local_time":"20190129233933","is_ascension_mode":false,"campfire_choices":[{"floor":7,"key":"REST"},{"floor":15,"key":"RECALL"},{"floor":23,"key":"REST"},{"floor":25,"key":"REST"}],"neow_cost":"NONE","seed_source_timestamp":2113688311959127,"circlet_count":0,"master_deck":["Strike_B","Strike_B","Strike_B","Defend_B","Defend_B","Defend_B","Defend_B","Zap","Dualcast","Auto Shields","Cold Snap","Gash","Gash","strawberrySpire:Adapter+1","FTL","strawberrySpire:Compressor","Stack","Conserve Battery","Conserve Battery","strawberrySpire:Ronchyble+1","Gash","Hologram","Core Surge","Redo+1","Sunder","Undo","BasicCrystalCard","Undo+1","ReplaySolidLightProjector+1","Gash+1","Gash+1","Steam+1","Capacitor+1"],"relics":["Cracked Core","NeowsBlessing","Frozen Egg 2","Bandana","White Beast Statue","infinitespire:Freezer","infinitespire:Satchel","ReplayTheSpireMod:Multitool"],"potions_floor_usage":[6,16,16,18,19,21,21,30,33,33],"damage_taken":[{"damage":0,"enemies":"Cultist","floor":1,"turns":1},{"damage":0,"enemies":"infinitespire:Voidling","floor":2,"turns":1},{"damage":0,"enemies":"Jaw Worm","floor":3,"turns":1},{"damage":5,"enemies":"Blue Slaver","floor":4,"turns":3},{"damage":44,"enemies":"strawberrySpire:EnergyPylons","floor":6,"turns":6},{"damage":20,"enemies":"Exordium Thugs","floor":8,"turns":4},{"damage":0,"enemies":"Gremlin Gang","floor":10,"turns":4},{"damage":5,"enemies":"Lagavulin","floor":11,"turns":6},{"damage":0,"enemies":"Exordium Wildlife","floor":12,"turns":3},{"damage":7,"enemies":"Lots of Slimes","floor":14,"turns":4},{"damage":14,"enemies":"Hexaghost","floor":16,"turns":6},{"damage":15,"enemies":"3 Byrds","floor":18,"turns":5},{"damage":5,"enemies":"Chosen","floor":19,"turns":4},{"damage":17,"enemies":"Masked Bandits","floor":21,"turns":3},{"damage":37,"enemies":"Snake Plant","floor":22,"turns":4},{"damage":20,"enemies":"Sentry and Sphere","floor":24,"turns":7},{"damage":6,"enemies":"Snecko","floor":27,"turns":5},{"damage":1,"enemies":"Centurion and Healer","floor":28,"turns":7},{"damage":6,"enemies":"Cultist and Chosen","floor":30,"turns":7},{"damage":59,"enemies":"Collector","floor":33,"turns":7}],"seed_played":"-1164631063976755404","potions_obtained":[{"floor":4,"key":"Languid Potion"},{"floor":8,"key":"Toxic Potion"},{"floor":11,"key":"PowerPotion"},{"floor":12,"key":"SmokeBomb"},{"floor":16,"key":"SpeedPotion"},{"floor":18,"key":"Languid Potion"},{"floor":19,"key":"infinitespire:BlackPotion"},{"floor":22,"key":"SpeedPotion"},{"floor":24,"key":"SteroidPotion"},{"floor":27,"key":"Strength Potion"},{"floor":28,"key":"Strength Potion"},{"floor":30,"key":"Explosive Potion"}],"is_trial":false,"path_per_floor":["M","M","M","M","$","E","R","M","T","M","E","M","$","M","R","B",null,"M","M","?","?","M","R","M","R","T","M","M","T","M","$","R","B"],"character_chosen":"DEFECT","items_purchased":["strawberrySpire:Adapter+1","FTL","strawberrySpire:Ronchyble+1","Gash","Steam+1","Capacitor+1","ReplayTheSpireMod:Multitool"],"campfire_rested":3,"item_purchase_floors":[5,5,13,13,31,31,31],"current_hp_per_floor":[75,75,75,70,70,26,48,28,28,28,23,23,23,16,16,2,75,60,55,55,38,1,23,3,25,25,19,18,18,12,12,34,0],"gold":147,"neow_bonus":"THREE_ENEMY_KILL","is_prod":false,"is_daily":false,"chose_seed":false,"campfire_upgraded":0,"win_rate":0,"timestamp":1548823173,"path_taken":["M","M","M","?","$","E","R","?","T","M","E","M","$","M","R","BOSS","M","M","?","?","M","R","?","R","T","M","?","?","M","$","R","BOSS"],"build_version":"2019-01-23","purchased_purges":1,"victory":false,"max_hp_per_floor":[75,75,75,75,75,75,75,75,75,75,75,75,75,75,75,75,75,75,75,75,75,75,75,75,75,75,75,75,75,75,75,75,75],"card_choices":[{"not_picked":["BasicCrystalCard","Beam Cell"],"picked":"Auto Shields","floor":1},{"not_picked":["ReplayTheSpireMod:Reroute Power","strawberrySpire:NeonFlight"],"picked":"Cold Snap","floor":2},{"not_picked":["ReplaySolidLightProjector","Undo"],"picked":"Gash","floor":3},{"not_picked":["strawberrySpire:DataDump","Redo"],"picked":"Gash","floor":4},{"not_picked":["Turbo","strawberrySpire:FocalLaser"],"picked":"strawberrySpire:Compressor","floor":6},{"not_picked":["strawberrySpire:Compressor","strawberrySpire:BiBeamBolt"],"picked":"Stack","floor":8},{"not_picked":["strawberrySpire:SearchEngine","Compile Driver"],"picked":"Conserve Battery","floor":10},{"not_picked":["Coolheaded","ReplaySort"],"picked":"Conserve Battery","floor":11},{"not_picked":["Time Bomb","Steam"],"picked":"Compile Driver","floor":12},{"not_picked":["strawberrySpire:NeonFlight","Beam Cell"],"picked":"Hologram","floor":14},{"not_picked":["Multi-Cast","Fission"],"picked":"Core Surge","floor":16},{"not_picked":["Streamline","Crystallizer+1"],"picked":"Redo+1","floor":18},{"not_picked":["Sweeping Beam","Leap"],"picked":"Sunder","floor":19},{"not_picked":["Leap","Go for the Eyes+1"],"picked":"BasicCrystalCard","floor":22},{"not_picked":["Hologram","Redo"],"picked":"Undo+1","floor":24},{"not_picked":["ReplayTheSpireMod:Calculation Training","Core Surge"],"picked":"ReplaySolidLightProjector","floor":27},{"not_picked":["Compile Driver","Panic Button"],"picked":"Gash+1","floor":28},{"not_picked":["Conserve Battery","Double Energy"],"picked":"Gash+1","floor":30}],"player_experience":375929,"relics_obtained":[{"floor":6,"key":"Frozen Egg 2"},{"floor":11,"key":"Bandana"},{"floor":26,"key":"infinitespire:Freezer"},{"floor":29,"key":"infinitespire:Satchel"}],"event_choices":[{"damage_healed":0,"gold_gain":0,"cards_transformed":["Compile Driver","Strike_B"],"player_choice":"Became Test Subject","damage_taken":0,"max_hp_gain":0,"max_hp_loss":0,"event_name":"Drug Dealer","floor":20,"gold_loss":0,"cards_obtained":["Undo","Amplify"]},{"damage_healed":0,"gold_gain":0,"player_choice":"Fought Bandits","damage_taken":0,"max_hp_gain":0,"max_hp_loss":0,"event_name":"Masked Bandits","floor":21,"gold_loss":0}],"is_beta":false,"boss_relics":[{"not_picked":["Snecko Eye","Velvet Choker"],"picked":"White Beast Statue"}],"items_purged_floors":[31],"is_endless":false,"potions_floor_spawned":[4,8,11,12,16,18,19,21,22,24,27,28,30],"killed_by":"Collector","ascension_level":0}