{"gold_per_floor":[115,115,127,127,147,147,172,188,188,188,214,230,246,258,258,355,355,370,387,401,417,417],"floor_reached":22,"playtime":1397,"items_purged":[],"score":242,"play_id":"3c6c7440-5430-4913-9931-a89f9b198f04","local_time":"20190624002345","is_ascension_mode":true,"campfire_choices":[{"data":"Armaments","floor":6,"key":"SMITH"},{"floor":10,"key":"REST"},{"floor":15,"key":"DIG"}],"neow_cost":"NONE","seed_source_timestamp":88118330075800,"circlet_count":0,"master_deck":["Strike_R","Strike_R","Strike_R","Strike_R","Defend_R","Defend_R","Defend_R","Defend_R","Bash+1","Headbutt","Shrug It Off","Heavy Blade","Armaments+1","Uppercut","Rampage","Perfected Strike","Power Through","Feed","Pommel Strike","Ghostly Armor"],"relics":["Burning Blood","Dream Catcher","Letter Opener","Ginger","Shovel","Boot","Velvet Choker"],"potions_floor_usage":[12,16,18,20,22,22],"damage_taken":[{"damage":5,"enemies":"Small Slimes","floor":1,"turns":4},{"damage":13,"enemies":"2 Louse","floor":3,"turns":3},{"damage":0,"enemies":"Cultist","floor":5,"turns":3},{"damage":37,"enemies":"Lagavulin","floor":7,"turns":8},{"damage":2,"enemies":"Looter","floor":8,"turns":5},{"damage":35,"enemies":"3 Sentries","floor":11,"turns":8},{"damage":19,"enemies":"Exordium Thugs","floor":12,"turns":6},{"damage":2,"enemies":"Exordium Wildlife","floor":13,"turns":3},{"damage":6,"enemies":"Looter","floor":14,"turns":3},{"damage":34,"enemies":"Hexaghost","floor":16,"turns":14},{"damage":0,"enemies":"3 Byrds","floor":18,"turns":5},{"damage":35,"enemies":"Shell Parasite","floor":19,"turns":8},{"damage":7,"enemies":"Snecko","floor":20,"turns":4},{"damage":35,"enemies":"Centurion and Healer","floor":21,"turns":7},{"damage":32,"enemies":"Cultist and Chosen","floor":22,"turns":7}],"seed_played":"-930499141121429751","potions_obtained":[{"floor":1,"key":"Regen Potion"},{"floor":8,"key":"Explosive Potion"},{"floor":11,"key":"Block Potion"},{"floor":13,"key":"Fire Potion"},{"floor":18,"key":"SpeedPotion"},{"floor":19,"key":"GamblersBrew"},{"floor":21,"key":"Poison Potion"}],"is_trial":false,"path_per_floor":["M","?","M","?","M","R","E","M","T","R","E","M","M","M","R","B",null,"M","M","M","M","M"],"character_chosen":"IRONCLAD","items_purchased":[],"campfire_rested":1,"item_purchase_floors":[],"current_hp_per_floor":[80,80,73,73,79,79,48,52,52,76,47,34,38,38,38,25,80,83,58,57,31,0],"gold":417,"neow_bonus":"RANDOM_COMMON_RELIC","is_prod":false,"is_daily":false,"chose_seed":false,"campfire_upgraded":1,"win_rate":0,"timestamp":1561299825,"path_taken":["M","?","M","?","M","R","E","M","T","R","E","M","M","M","R","BOSS","M","M","M","M","?"],"build_version":"2019-01-23","purchased_purges":0,"victory":false,"max_hp_per_floor":[80,80,80,80,80,80,80,80,80,80,80,80,80,80,80,80,80,83,87,87,90,90],"card_choices":[{"not_picked":["Burning Pact","Pommel Strike"],"picked":"Headbutt","floor":1},{"not_picked":["Warcry","Headbutt"],"picked":"Shrug It Off","floor":3},{"not_picked":["Warcry","Heavy Blade"],"picked":"Armaments","floor":5},{"not_picked":["Brutality","Corruption"],"picked":"Uppercut","floor":7},{"not_picked":["Corruption","Carnage"],"picked":"Rampage","floor":8},{"not_picked":["Clash","Body Slam"],"picked":"Perfected Strike","floor":10},{"not_picked":["Iron Wave","Infernal Blade"],"picked":"Power Through","floor":11},{"not_picked":["Intimidate","Clash","Uppercut"],"picked":"SKIP","floor":12},{"not_picked":["Blood for Blood","Anger","Warcry"],"picked":"SKIP","floor":13},{"not_picked":["Havoc","Flex","Headbutt"],"picked":"SKIP","floor":14},{"not_picked":["Exhume","Barricade"],"picked":"Feed","floor":16},{"not_picked":["Shrug It Off","Heavy Blade"],"picked":"Pommel Strike","floor":18},{"not_picked":["Disarm","Armaments","True Grit"],"picked":"SKIP","floor":19},{"not_picked":["Clash","Disarm+1","Reckless Charge+1"],"picked":"SKIP","floor":20},{"not_picked":["Bloodletting+1","Shrug It Off"],"picked":"Ghostly Armor","floor":21}],"player_experience":147648,"relics_obtained":[{"floor":7,"key":"Letter Opener"},{"floor":9,"key":"Ginger"},{"floor":11,"key":"Shovel"},{"floor":15,"key":"Boot"}],"event_choices":[{"damage_healed":0,"gold_gain":0,"player_choice":"Grow","damage_taken":0,"max_hp_gain":0,"max_hp_loss":0,"event_name":"Living Wall","floor":2,"gold_loss":0,"cards_upgraded":["Bash"]},{"damage_healed":0,"gold_gain":0,"cards_transformed":["Strike_R"],"player_choice":"Transformed","damage_taken":0,"max_hp_gain":0,"max_hp_loss":0,"event_name":"Transmorgrifier","floor":4,"gold_loss":0,"cards_obtained":["Heavy Blade"]}],"is_beta":false,"boss_relics":[{"not_picked":["Calling Bell","Runic Dome"],"picked":"Velvet Choker"}],"items_purged_floors":[],"is_endless":false,"potions_floor_spawned":[1,8,11,13,18,19,21],"killed_by":"Cultist and Chosen","ascension_level":4}