{"gold_per_floor":[16,16,66,116,241,274,292,317,399,428,428,444,461,40,40,137,137,148,297,347,397,412,412,462,487,512,512,575,84,84,134,134,134],"floor_reached":33,"playtime":1962,"items_purged":["Strike_G","Decay"],"score":399,"play_id":"47b5c241-9da0-40d6-b468-4a87137d604a","local_time":"20190120183241","is_ascension_mode":true,"campfire_choices":[{"data":"Predator","floor":11,"key":"SMITH"},{"data":"Caltrops","floor":15,"key":"SMITH"},{"data":"Dagger Spray","floor":23,"key":"SMITH"},{"data":"Wraith Form v2","floor":27,"key":"SMITH"},{"data":"Dagger Spray","floor":30,"key":"SMITH"},{"data":"Backflip","floor":32,"key":"SMITH"}],"neow_cost":"NO_GOLD","seed_source_timestamp":1002661769203742,"circlet_count":0,"master_deck":["Defend_G","Defend_G","Defend_G","Defend_G","Defend_G+1","Strike_G","Strike_G","Strike_G","Strike_G","Survivor","Neutralize+1","Quick Slash","Backflip+1","Dagger Throw","Predator+1","Caltrops+1","Dagger Spray+1","Dagger Spray+1","Cloak And Dagger+1","Corpse Explosion","PiercingWail","Blade Dance+1","Neutralize+1","Wraith Form v2+1"],"relics":["Ring of the Snake","SsserpentHead","Happy Flower","Ornamental Fan","Pear","Letter Opener","Calipers","Eternal Feather","War Paint","Snake Skull","Shuriken","PreservedInsect","MutagenicStrength"],"potions_floor_usage":[8,10,10,16,33,33],"damage_taken":[{"damage":0,"enemies":"2 Louse","floor":1,"turns":2},{"damage":23,"enemies":"Gremlin Nob","floor":6,"turns":5},{"damage":0,"enemies":"Cultist","floor":7,"turns":4},{"damage":17,"enemies":"3 Sentries","floor":8,"turns":7},{"damage":8,"enemies":"Gremlin Nob","floor":10,"turns":4},{"damage":0,"enemies":"Jaw Worm","floor":12,"turns":3},{"damage":11,"enemies":"2 Fungi Beasts","floor":13,"turns":3},{"damage":15,"enemies":"Hexaghost","floor":16,"turns":11},{"damage":8,"enemies":"Shell Parasite","floor":18,"turns":8},{"damage":14,"enemies":"Spheric Guardian","floor":22,"turns":4},{"damage":38,"enemies":"Book of Stabbing","floor":25,"turns":5},{"damage":0,"enemies":"Cultist and Chosen","floor":28,"turns":4},{"damage":72,"enemies":"Automaton","floor":33,"turns":8}],"seed_played":"-7242280051363586427","potions_obtained":[{"floor":6,"key":"Poison Potion"},{"floor":7,"key":"Fire Potion"},{"floor":8,"key":"Regen Potion"},{"floor":13,"key":"Block Potion"},{"floor":18,"key":"Explosive Potion"},{"floor":28,"key":"Fire Potion"}],"is_trial":false,"path_per_floor":["M","?","$","?","?","E","M","E","T","E","R","M","M","$","R","B",null,"M","?","?","?","M","R","?","E","T","R","M","$","R","?","R","B"],"character_chosen":"THE_SILENT","items_purchased":["Calipers","Cloak And Dagger","Shuriken","PreservedInsect"],"campfire_rested":0,"item_purchase_floors":[14,14,29,29],"current_hp_per_floor":[84,84,84,84,73,50,50,33,43,47,47,47,36,36,36,21,76,68,68,68,68,54,66,66,28,28,43,43,43,55,55,67,0],"gold":134,"neow_bonus":"TWENTY_PERCENT_HP_BONUS","is_prod":false,"is_daily":false,"chose_seed":false,"campfire_upgraded":6,"win_rate":0,"timestamp":1548027161,"path_taken":["M","?","?","?","?","E","M","E","T","E","R","M","M","$","R","BOSS","M","?","?","?","M","R","?","E","T","R","?","$","R","?","R","BOSS"],"build_version":"2019-01-17v2","purchased_purges":2,"victory":false,"max_hp_per_floor":[84,84,84,84,84,84,84,84,94,94,94,94,94,94,94,94,94,94,94,94,94,94,94,94,94,94,94,94,94,94,94,94,94],"card_choices":[{"not_picked":["Deflect","Skewer"],"picked":"Quick Slash","floor":1},{"not_picked":["Storm of Steel","Bouncing Flask"],"picked":"Backflip","floor":6},{"not_picked":["Outmaneuver","Deadly Poison"],"picked":"Dagger Throw","floor":7},{"not_picked":["Choke","Slice"],"picked":"Predator","floor":8},{"not_picked":["Dodge and Roll","Escape Plan"],"picked":"Caltrops","floor":10},{"not_picked":["Eviscerate","Deflect"],"picked":"Dagger Spray","floor":12},{"not_picked":["Catalyst","Reflex"],"picked":"Dagger Spray","floor":13},{"not_picked":["Grand Finale","Wraith Form v2"],"picked":"Corpse Explosion","floor":16},{"not_picked":["Prepared","Backflip"],"picked":"PiercingWail","floor":18},{"not_picked":["Leg Sweep","Backstab"],"picked":"Blade Dance+1","floor":22},{"not_picked":["Poisoned Stab+1","Backflip"],"picked":"Wraith Form v2","floor":25},{"not_picked":["Underhanded Strike","Deflect","Masterful Stab+1"],"picked":"SKIP","floor":28}],"player_experience":141378,"relics_obtained":[{"floor":6,"key":"Happy Flower"},{"floor":8,"key":"Ornamental Fan"},{"floor":9,"key":"Pear"},{"floor":10,"key":"Letter Opener"},{"floor":25,"key":"War Paint"},{"floor":26,"key":"Snake Skull"}],"event_choices":[{"damage_healed":0,"gold_gain":0,"player_choice":"Trade","damage_taken":0,"relics_obtained":["SsserpentHead"],"max_hp_gain":0,"max_hp_loss":0,"event_name":"FaceTrader","floor":2,"gold_loss":0},{"damage_healed":0,"gold_gain":0,"player_choice":"Grow","damage_taken":0,"max_hp_gain":0,"max_hp_loss":0,"event_name":"Living Wall","floor":4,"gold_loss":0,"cards_upgraded":["Neutralize"]},{"damage_healed":0,"gold_gain":75,"player_choice":"Gather Gold","damage_taken":11,"max_hp_gain":0,"max_hp_loss":0,"event_name":"World of Goop","floor":5,"gold_loss":0},{"damage_healed":0,"gold_gain":99,"player_choice":"Stole From Cult","damage_taken":0,"max_hp_gain":0,"max_hp_loss":0,"event_name":"Nest","floor":19,"gold_loss":0},{"damage_healed":0,"gold_gain":0,"player_choice":"Ignored","damage_taken":0,"max_hp_gain":0,"max_hp_loss":0,"event_name":"Ghosts","floor":20,"gold_loss":0},{"damage_healed":0,"gold_gain":0,"player_choice":"Smashed Altar","damage_taken":0,"max_hp_gain":0,"max_hp_loss":0,"event_name":"Forgotten Altar","floor":21,"gold_loss":0,"cards_obtained":["Decay"]},{"damage_healed":0,"gold_gain":0,"player_choice":"Copied","damage_taken":0,"max_hp_gain":0,"max_hp_loss":0,"event_name":"Duplicator","floor":24,"gold_loss":0,"cards_obtained":["Neutralize"]},{"damage_healed":0,"gold_gain":0,"player_choice":"Inject Mutagens","damage_taken":0,"relics_obtained":["MutagenicStrength"],"max_hp_gain":0,"max_hp_loss":0,"event_name":"Drug Dealer","floor":31,"gold_loss":0}],"is_beta":false,"boss_relics":[{"not_picked":["Orrery","Calling Bell"],"picked":"Eternal Feather"}],"items_purged_floors":[14,29],"is_endless":false,"potions_floor_spawned":[6,7,8,13,18,28],"killed_by":"Automaton","ascension_level":5}