{"gold_per_floor":[115,65,85,85,95,95,123,123,123,134,148,160,178,190,190,291,291,303,319,332,345,364,389,389,389,389,403,417,342,357,367,367,367],"floor_reached":33,"playtime":2387,"items_purged":["Defend_G+1"],"score":279,"play_id":"19121658-dccf-42e3-a629-eaccb4888732","local_time":"20190116134457","is_ascension_mode":false,"campfire_choices":[{"data":"Blade Dance","floor":6,"key":"SMITH"},{"data":"Blade Dance","floor":8,"key":"SMITH"},{"floor":15,"key":"REST"},{"floor":25,"key":"REST"},{"floor":32,"key":"REST"}],"neow_cost":"NONE","seed_source_timestamp":639367578021907,"circlet_count":0,"master_deck":["Defend_G+1","Defend_G+1","Defend_G+1","Defend_G+1","Strike_G+1","Strike_G+1","Strike_G+1","Survivor","Neutralize","Madness","Dagger Throw","Blade Dance+1","Die Die Die","Blade Dance+1","Dagger Spray","Backstab","Masterful Stab","Finisher","Prepared","Cloak And Dagger","Corpse Explosion","Setup","Terror+1","PiercingWail+1","Dagger Throw+1","Leg Sweep","Leg Sweep","Injury","Calculated Gamble+1","Poisoned Stab","Burst","Blur"],"relics":["Ring of the Snake","Tingsha","Incense Burner","Cursed Key","Ice Cream","Dodecahedron"],"potions_floor_usage":[16,16,23,28,33,33,33],"damage_taken":[{"damage":0,"enemies":"2 Louse","floor":1,"turns":5},{"damage":0,"enemies":"Small Slimes","floor":3,"turns":4},{"damage":1,"enemies":"Cultist","floor":5,"turns":4},{"damage":17,"enemies":"Gremlin Nob","floor":7,"turns":4},{"damage":6,"enemies":"Gremlin Gang","floor":10,"turns":3},{"damage":0,"enemies":"Blue Slaver","floor":11,"turns":2},{"damage":0,"enemies":"3 Louse","floor":12,"turns":1},{"damage":0,"enemies":"Exordium Thugs","floor":13,"turns":3},{"damage":0,"enemies":"Large Slime","floor":14,"turns":3},{"damage":50,"enemies":"Hexaghost","floor":16,"turns":12},{"damage":5,"enemies":"2 Thieves","floor":18,"turns":3},{"damage":0,"enemies":"3 Byrds","floor":19,"turns":4},{"damage":3,"enemies":"Snecko","floor":20,"turns":3},{"damage":0,"enemies":"3 Cultists","floor":21,"turns":2},{"damage":11,"enemies":"Snake Plant","floor":22,"turns":3},{"damage":21,"enemies":"Slavers","floor":23,"turns":3},{"damage":6,"enemies":"Shelled Parasite and Fungi","floor":27,"turns":3},{"damage":2,"enemies":"Sentry and Sphere","floor":28,"turns":5},{"damage":0,"enemies":"Centurion and Healer","floor":30,"turns":2},{"damage":4,"enemies":"Shelled Parasite and Fungi","floor":31,"turns":3},{"damage":83,"enemies":"Champ","floor":33,"turns":16}],"seed_played":"1095993245753437724","potions_obtained":[{"floor":5,"key":"EssenceOfSteel"},{"floor":10,"key":"LiquidBronze"},{"floor":14,"key":"PowerPotion"},{"floor":16,"key":"Regen Potion"},{"floor":18,"key":"Fire Potion"},{"floor":19,"key":"SkillPotion"},{"floor":21,"key":"Swift Potion"},{"floor":23,"key":"Swift Potion"},{"floor":28,"key":"FearPotion"},{"floor":31,"key":"Swift Potion"}],"is_trial":false,"path_per_floor":["M","?","M","?","M","R","E","R","T","M","M","M","M","M","R","B",null,"M","M","M","M","M","E","?","R","T","M","M","$","M","M","R","B"],"character_chosen":"THE_SILENT","items_purchased":[],"campfire_rested":3,"item_purchase_floors":[],"current_hp_per_floor":[70,70,70,70,69,69,52,52,52,46,46,46,46,46,67,17,70,65,65,62,62,51,30,30,51,51,45,57,57,57,53,70,0],"gold":367,"neow_bonus":"RANDOM_COLORLESS","is_prod":false,"is_daily":false,"chose_seed":false,"campfire_upgraded":2,"win_rate":0.0,"timestamp":1547664297,"path_taken":["M","?","M","?","M","R","E","R","T","M","M","M","?","M","R","BOSS","M","M","M","M","?","E","?","R","T","M","M","$","M","M","R","BOSS"],"build_version":"2019-01-10","purchased_purges":1,"victory":false,"max_hp_per_floor":[70,70,70,70,70,70,70,70,70,70,70,70,70,70,70,70,70,70,70,70,70,70,70,70,70,70,70,70,70,70,70,70,70],"card_choices":[{"not_picked":["Outmaneuver","Slice"],"picked":"Dagger Throw","floor":1},{"not_picked":["Sucker Punch","Poisoned Stab"],"picked":"Blade Dance","floor":3},{"not_picked":["Flechettes","Dodge and Roll"],"picked":"Blade Dance","floor":5},{"not_picked":["All Out Attack","Dagger Throw"],"picked":"Dagger Spray","floor":7},{"not_picked":["Infinite Blades","Choke"],"picked":"Backstab","floor":10},{"not_picked":["Reflex","Skewer"],"picked":"Masterful Stab","floor":11},{"not_picked":["Endless Agony","Backflip"],"picked":"Finisher","floor":12},{"not_picked":["Sucker Punch","Eviscerate"],"picked":"Prepared","floor":13},{"not_picked":["Outmaneuver","Dash"],"picked":"Cloak And Dagger","floor":14},{"not_picked":["Storm of Steel","Tools of the Trade"],"picked":"Corpse Explosion","floor":16},{"not_picked":["Dagger Spray","Dash"],"picked":"Setup","floor":18},{"not_picked":["Acrobatics","Flying Knee"],"picked":"Terror+1","floor":19},{"not_picked":["Deflect+1","Well Laid Plans"],"picked":"PiercingWail+1","floor":20},{"not_picked":["Accuracy","Concentrate"],"picked":"Dagger Throw+1","floor":21},{"not_picked":["Poisoned Stab+1","Cloak And Dagger+1"],"picked":"Leg Sweep","floor":22},{"not_picked":["Expertise+1","Well Laid Plans"],"picked":"Leg Sweep","floor":23},{"not_picked":["Expertise","Deflect+1"],"picked":"Calculated Gamble+1","floor":27},{"not_picked":["Dodge and Roll","Outmaneuver+1"],"picked":"Poisoned Stab","floor":28},{"not_picked":["Riddle With Holes","Catalyst"],"picked":"Burst","floor":30},{"not_picked":["Masterful Stab","Backflip"],"picked":"Blur","floor":31}],"player_experience":45583,"relics_obtained":[{"floor":7,"key":"Tingsha"},{"floor":9,"key":"Incense Burner"},{"floor":23,"key":"Ice Cream"},{"floor":26,"key":"Dodecahedron"}],"event_choices":[{"cards_removed":["Strike_G"],"damage_healed":0,"gold_gain":0,"player_choice":"Card Removal","damage_taken":0,"max_hp_gain":0,"max_hp_loss":0,"event_name":"The Cleric","floor":2,"gold_loss":50},{"damage_healed":0,"gold_gain":0,"cards_transformed":["Strike_G"],"player_choice":"Transformed","damage_taken":0,"max_hp_gain":0,"max_hp_loss":0,"event_name":"Transmorgrifier","floor":4,"gold_loss":0,"cards_obtained":["Die Die Die"]},{"damage_healed":0,"gold_gain":0,"player_choice":"Simplicity","damage_taken":0,"max_hp_gain":0,"max_hp_loss":0,"event_name":"Back to Basics","floor":24,"gold_loss":0,"cards_upgraded":["Defend_G","Defend_G","Defend_G","Defend_G","Defend_G","Strike_G","Strike_G","Strike_G"]}],"is_beta":false,"boss_relics":[{"not_picked":["Runic Pyramid","Lizard Tail"],"picked":"Cursed Key"}],"items_purged_floors":[29],"is_endless":false,"potions_floor_spawned":[5,10,14,16,18,19,21,23,28,31],"killed_by":"Champ","ascension_level":0}