{"gold_per_floor":[114,114,130,146,160,160,160,160,160,187,187,167,185,200,200,277,277,294,314,314],"floor_reached":20,"playtime":1925,"items_purged":[],"score":343,"play_id":"e9d3a3bc-f2e5-464f-a8b2-4a351f87d0a7","local_time":"20190104153210","is_ascension_mode":true,"campfire_choices":[{"data":"Sunder","floor":6.0,"key":"SMITH"},{"data":"Genetic Algorithm","floor":8.0,"key":"SMITH"},{"data":"Loop","floor":11.0,"key":"SMITH"},{"data":"Steam","floor":15.0,"key":"SMITH"}],"neow_cost":"NONE","seed_source_timestamp":0,"circlet_count":0,"master_deck":["AscendersBane","Strike_B","Strike_B","Strike_B","Strike_B","Defend_B","Defend_B","Defend_B","Defend_B","Zap+1","Dualcast","Compile Driver","Sunder+1","Genetic Algorithm+1","Steam+1","Loop+1","Double Energy","Leap","Electrodynamics","Streamline"],"special_seed":0,"relics":["Cracked Core","Gremlin Horn","Vajra","Meat on the Bone","Velvet Choker"],"potions_floor_usage":[19],"damage_taken":[{"damage":0.0,"enemies":"Cultist","floor":1.0,"turns":3.0},{"damage":7.0,"enemies":"Jaw Worm","floor":3.0,"turns":3.0},{"damage":7.0,"enemies":"Small Slimes","floor":4.0,"turns":2.0},{"damage":0.0,"enemies":"2 Fungi Beasts","floor":5.0,"turns":1.0},{"damage":20.0,"enemies":"3 Sentries","floor":10.0,"turns":6.0},{"damage":0.0,"enemies":"3 Louse","floor":13.0,"turns":2.0},{"damage":9.0,"enemies":"Lots of Slimes","floor":14.0,"turns":3.0},{"damage":28.0,"enemies":"Hexaghost","floor":16.0,"turns":9.0},{"damage":23.0,"enemies":"Shell Parasite","floor":18.0,"turns":6.0},{"damage":0,"enemies":"3 Byrds","floor":19,"turns":2},{"damage":38,"enemies":"Cultist and Chosen","floor":20,"turns":4}],"seed_played":"8263411916026196469","potions_obtained":[{"floor":4.0,"key":"LiquidBronze"},{"floor":5.0,"key":"SkillPotion"},{"floor":14.0,"key":"AttackPotion"},{"floor":18.0,"key":"Energy Potion"}],"is_trial":false,"path_per_floor":["M","T","M","M","M","R","?","R","T","E","R","?","M","M","R","B",null,"M","M","M"],"character_chosen":"DEFECT","items_purchased":[],"campfire_rested":0,"item_purchase_floors":[],"current_hp_per_floor":[64,64,57,50,50,50,50,50,50,30,30,30,42,45,45,29,61,38,38,0],"gold":314,"neow_bonus":"UPGRADE_CARD","is_prod":false,"is_daily":false,"chose_seed":false,"campfire_upgraded":4,"win_rate":0,"timestamp":1546626730,"path_taken":["M","?","M","M","M","R","?","R","T","E","R","?","M","M","R","BOSS","M","?","M"],"build_version":"2019-01-03v3","purchased_purges":0,"victory":false,"max_hp_per_floor":[71,71,71,71,71,71,71,71,71,71,71,71,71,71,71,71,71,71,71,71],"card_choices":[{"not_picked":["Conserve Battery","Darkness"],"picked":"Compile Driver","floor":1.0},{"not_picked":["Undo","Self Repair"],"picked":"Sunder","floor":3.0},{"not_picked":["Go for the Eyes","Steam"],"picked":"Genetic Algorithm","floor":4.0},{"not_picked":["Storm","Compile Driver"],"picked":"Steam","floor":5.0},{"not_picked":["Gash","Force Field"],"picked":"Loop","floor":10.0},{"not_picked":["Heatsinks","Stack"],"picked":"Double Energy","floor":13.0},{"not_picked":["Barrage","Melter"],"picked":"Leap","floor":14.0},{"not_picked":["All For One","Seek"],"picked":"Electrodynamics","floor":16.0},{"not_picked":["Redo","Force Field"],"picked":"Streamline","floor":18.0},{"not_picked":["Force Field","Compile Driver","Reprogram"],"picked":"SKIP","floor":19}],"player_experience":708394,"relics_obtained":[{"floor":2.0,"key":"Gremlin Horn"},{"floor":9.0,"key":"Vajra"},{"floor":10.0,"key":"Meat on the Bone"}],"event_choices":[{"damage_healed":0.0,"max_hp_gain":0.0,"max_hp_loss":0.0,"gold_gain":0.0,"event_name":"Liars Game","player_choice":"Ignored","floor":7.0,"gold_loss":0.0,"damage_taken":0.0},{"damage_healed":0.0,"max_hp_gain":0.0,"max_hp_loss":0.0,"gold_gain":0.0,"event_name":"The Woman in Blue","player_choice":"Bought 1 Potion","floor":12.0,"gold_loss":0.0,"damage_taken":0.0}],"is_beta":false,"boss_relics":[{"not_picked":["Nuclear Battery","Orrery"],"picked":"Velvet Choker"}],"items_purged_floors":[],"is_endless":false,"potions_floor_spawned":[4,5,10,14,18],"killed_by":"Cultist and Chosen","ascension_level":19}