{"path_per_floor":["M","?","M","M","?","E","$","?","T","?","E","M","?","M","R","B",null,"M","M","?","$","M","E","?","R","T","M","M","M","$"],"character_chosen":"THE_SILENT","items_purchased":["Mummified Hand","Letter Opener","Blood Vial","Thread and Needle"],"gold_per_floor":[219,219,230,247,247,280,38,95,163,163,194,211,211,227,227,328,328,348,367,367,116,136,170,170,170,470,486,498,516,64],"floor_reached":31,"campfire_rested":2,"playtime":1966,"current_hp_per_floor":[70,58,58,58,63,48,48,45,45,45,34,34,34,34,56,51,75,65,52,52,52,46,1,26,48,48,46,34,34,34],"items_purged":[],"gold":64,"score":267,"play_id":"f026455b-2460-43c1-b3a8-45cd5a4965ee","is_prod":false,"is_daily":false,"is_ascension_mode":false,"campfire_upgraded":0,"path_taken":["M","?","M","?","?","E","$","?","T","?","E","M","?","M","R","BOSS","M","M","?","$","M","E","?","R","T","M","M","M","$","E"],"build_version":"2018-02-08-PROD1","purchased_purges":0,"victory":false,"master_deck":["Defend_G","Defend_G","Defend_G","Defend_G","Defend_G","Strike_G","Strike_G","Strike_G","Strike_G","Strike_G","Survivor","Neutralize","Cloak And Dagger","Infinite Blades","Poisoned Stab","Die Die Die","Backflip","Prepared","Caltrops","Deflect","Adrenaline","Accuracy","Riddle With Holes","Distraction","Deadly Poison+1","Quick Slash","Blur+1","Cloak And Dagger+1"],"max_hp_per_floor":[70,70,70,70,75,75,75,75,75,75,75,75,75,75,75,75,75,75,75,75,75,75,75,75,75,75,75,75,75,75],"relics":["Ring of the Snake","Bag of Marbles","Omamori","Lantern","Shuriken","Juzu Bracelet","Tough Bandages","Velvet Choker","Nloth\u0027s Gift","Letter Opener","Toxic Egg 2","Old Coin","Blood Vial","Thread and Needle"],"card_choices":[{"not_picked":["Dagger Spray","Accuracy"],"picked":"Cloak And Dagger"},{"not_picked":["Acrobatics","Cloak And Dagger"],"picked":"Infinite Blades"},{"not_picked":["Prepared","Skewer"],"picked":"Poisoned Stab"},{"not_picked":["Underhanded Strike","Dagger Spray"],"picked":"Die Die Die"},{"not_picked":["Dagger Spray","Slice"],"picked":"Backflip"},{"not_picked":["Backflip","Burst"],"picked":"Prepared"},{"not_picked":["PiercingWail","Backflip"],"picked":"Caltrops"},{"not_picked":["Backflip","Calculated Gamble"],"picked":"Deflect"},{"not_picked":["Night Terror","Phantasmal Killer"],"picked":"Adrenaline"},{"not_picked":["Quick Slash","Acrobatics"],"picked":"Accuracy"},{"not_picked":["Backflip","Deadly Poison"],"picked":"Riddle With Holes"},{"not_picked":["Flying Knee","Eviscerate"],"picked":"Distraction"},{"not_picked":["Dodge and Roll","Wraith Form"],"picked":"Deadly Poison"},{"not_picked":["Phantasmal Killer","Slice"],"picked":"Quick Slash"},{"not_picked":["Outmaneuver","Poisoned Stab"],"picked":"Blur"},{"not_picked":["Predator","Quick Slash"],"picked":"Cloak And Dagger"}],"player_experience":35940,"potions_floor_usage":[6,16,23],"damage_taken":[{"damage":0,"enemies":"Cultist","floor":1,"turns":5},{"damage":0,"enemies":"Jaw Worm","floor":3,"turns":4},{"damage":0,"enemies":"Blue Slaver","floor":4,"turns":5},{"damage":15,"enemies":"Lagavulin","floor":6,"turns":9},{"damage":3,"enemies":"3 Sentries","floor":8,"turns":7},{"damage":11,"enemies":"3 Sentries","floor":11,"turns":6},{"damage":0,"enemies":"Large Slime","floor":12,"turns":5},{"damage":0,"enemies":"3 Louse","floor":14,"turns":2},{"damage":5,"enemies":"The Guardian","floor":16,"turns":12},{"damage":10,"enemies":"Shell Parasite","floor":18,"turns":5},{"damage":13,"enemies":"3 Byrds","floor":19,"turns":5},{"damage":6,"enemies":"3 Cultists","floor":22,"turns":4},{"damage":60,"enemies":"Slavers","floor":23,"turns":6},{"damage":2,"enemies":"Snake Plant","floor":27,"turns":4},{"damage":12,"enemies":"Centurion and Healer","floor":28,"turns":6},{"damage":0,"enemies":"3 Cultists","floor":29,"turns":3},{"damage":38,"enemies":"Gremlin Leader","floor":31,"turns":6}],"event_choices":[{"event_name":"Scrap Ooze","player_choice":"success","floor":2,"damage_taken":12},{"event_name":"Big Fish","player_choice":"Donut","floor":5,"damage_taken":0},{"event_name":"Dead Adventurer","player_choice":"Searched \u00271\u0027 times","floor":8,"damage_taken":0},{"event_name":"The Cleric","player_choice":"Leave","floor":10,"damage_taken":0},{"event_name":"Accursed Blacksmith","player_choice":"Rummage","floor":13,"damage_taken":0},{"event_name":"N\u0027loth","player_choice":"Traded a Mummified Hand","floor":20,"damage_taken":0},{"event_name":"The Library","player_choice":"Heal","floor":24,"damage_taken":0}],"boss_relics":[{"not_picked":["Runic Dome","Cursed Key"],"picked":"Velvet Choker"}],"potions_floor_spawned":[3,6,12,16,18,19],"seed_played":"-7680254056943200143","killed_by":"Gremlin Leader","ascension_level":0,"is_trial":false}