{"gold_per_floor":[114,79,105,118,43,43,57,90,90,118,190,218,234,252,252,354,354,365,215,234,234,248,248,258,258,258,271,271,271,306,320,320,422,422,441,35,0,45,45,77,92,124,124,139,164,176,214,242,254,266],"floor_reached":51,"playtime":4142,"items_purged":["Strike_B","Strike_B"],"score":1094,"play_id":"9a1546c0-b738-4cbe-add7-f8b25b38fa04","local_time":"20190514173725","is_ascension_mode":true,"campfire_choices":[{"data":"Zap","floor":6,"key":"SMITH"},{"data":"Fission","floor":15,"key":"SMITH"},{"data":"Coolheaded","floor":23,"key":"SMITH"},{"data":"White Noise","floor":25,"key":"SMITH"},{"data":"Seek","floor":29,"key":"SMITH"},{"data":"Biased Cognition","floor":32,"key":"SMITH"},{"data":"Hello World","floor":49,"key":"SMITH"}],"neow_cost":"NONE","seed_source_timestamp":1118589466089069,"circlet_count":0,"master_deck":["Strike_B+1","Defend_B","Defend_B","Defend_B","Defend_B","Zap+1","Dualcast","Fission+1","Glacier","FTL","Capacitor","Sunder","Self Repair","White Noise+1","Hello World+1","Go for the Eyes+1","Reinforced Body","Biased Cognition+1","Compile Driver","Seek+1","Coolheaded+1","Chill","Consume+1","Chill+1","Capacitor+1","Echo Form+1","Ball Lightning+1","Biased Cognition+1","Coolheaded+1","Loop+1","Loop+1","Ball Lightning+1","Recycle+1","Writhe","Seek"],"relics":["FrozenCore","Orichalcum","Meat on the Bone","Letter Opener","Darkstone Periapt","Question Card","Cables","Frozen Egg 2","Black Star","PreservedInsect","Red Mask","Incense Burner","Mummified Hand","Art of War","Juzu Bracelet","The Courier","Bottled Tornado","Blue Candle","MawBank","Whetstone","Boot"],"potions_floor_usage":[13,20,27,30,33],"damage_taken":[{"damage":1,"enemies":"Cultist","floor":1,"turns":3},{"damage":1,"enemies":"Small Slimes","floor":4,"turns":4},{"damage":1,"enemies":"Jaw Worm","floor":7,"turns":4},{"damage":7,"enemies":"3 Sentries","floor":8,"turns":7},{"damage":17,"enemies":"Lagavulin","floor":10,"turns":8},{"damage":11,"enemies":"3 Sentries","floor":12,"turns":6},{"damage":12,"enemies":"Gremlin Gang","floor":13,"turns":5},{"damage":24,"enemies":"3 Louse","floor":14,"turns":3},{"damage":19,"enemies":"Hexaghost","floor":16,"turns":13},{"damage":9,"enemies":"Spheric Guardian","floor":18,"turns":6},{"damage":23,"enemies":"3 Byrds","floor":20,"turns":6},{"damage":3,"enemies":"Centurion and Healer","floor":22,"turns":6},{"damage":21,"enemies":"Sentry and Sphere","floor":24,"turns":6},{"damage":4,"enemies":"Chosen and Byrds","floor":27,"turns":8},{"damage":14,"enemies":"Gremlin Leader","floor":30,"turns":9},{"damage":1,"enemies":"3 Cultists","floor":31,"turns":8},{"damage":0,"enemies":"Champ","floor":33,"turns":18},{"damage":26,"enemies":"3 Darklings","floor":35,"turns":9},{"damage":26,"enemies":"2 Orb Walkers","floor":38,"turns":6},{"damage":1,"enemies":"Nemesis","floor":40,"turns":10},{"damage":0,"enemies":"3 Shapes","floor":41,"turns":5},{"damage":0,"enemies":"Reptomancer","floor":42,"turns":3},{"damage":0,"enemies":"3 Darklings","floor":44,"turns":5},{"damage":32,"enemies":"Nemesis","floor":45,"turns":5},{"damage":1,"enemies":"Giant Head","floor":47,"turns":6},{"damage":0,"enemies":"Spire Growth","floor":48,"turns":5},{"damage":25,"enemies":"Time Eater","floor":50,"turns":8}],"seed_played":"-2742670781013557513","potions_obtained":[{"floor":10,"key":"GamblersBrew"},{"floor":12,"key":"SkillPotion"},{"floor":14,"key":"AttackPotion"},{"floor":16,"key":"Swift Potion"},{"floor":18,"key":"Energy Potion"},{"floor":22,"key":"Poison Potion"},{"floor":30,"key":"SneckoOil"},{"floor":35,"key":"FearPotion"},{"floor":40,"key":"LiquidBronze"}],"is_trial":false,"path_per_floor":["M","$","T","M","$","R","M","E","T","E","?","E","M","M","R","B",null,"M","$","M","?","M","R","M","R","T","M","$","R","E","M","R","B",null,"M","$","?","?","?","E","M","E","T","M","E","?","E","M","R","B",null],"character_chosen":"DEFECT","items_purchased":["FTL","Seek","Biased Cognition+1","PreservedInsect"],"campfire_rested":0,"item_purchase_floors":[2,19,36,36],"current_hp_per_floor":[74,74,74,73,73,73,72,65,65,55,55,51,46,41,41,41,67,65,65,49,49,53,53,51,51,51,54,54,54,47,53,53,60,71,52,52,52,45,45,58,65,65,65,72,47,72,78,81,81,63],"gold":278,"neow_bonus":"ONE_RANDOM_RARE_CARD","is_prod":false,"is_daily":false,"chose_seed":false,"campfire_upgraded":7,"win_rate":0,"timestamp":1557869845,"path_taken":["M","$","?","M","?","R","?","E","T","E","?","E","M","M","R","BOSS","M","$","M","?","M","R","M","R","T","M","?","R","E","M","R","BOSS","M","$","?","?","?","E","M","E","T","M","E","?","E","M","R","BOSS"],"build_version":"2019-01-23","purchased_purges":2,"victory":true,"max_hp_per_floor":[75,75,75,75,75,75,75,75,75,75,75,75,75,75,75,75,75,75,75,75,75,75,75,75,75,75,75,75,75,75,75,75,75,75,75,75,75,75,75,75,75,75,75,75,75,81,81,81,81,81],"card_choices":[{"not_picked":["Conserve Battery","Cold Snap"],"picked":"Glacier","floor":1},{"not_picked":["Redo","Streamline"],"picked":"Capacitor","floor":4},{"not_picked":["Force Field","Darkness"],"picked":"Sunder","floor":7},{"not_picked":["Tempest","Conserve Battery"],"picked":"Self Repair","floor":8},{"not_picked":["Double Energy","Chaos"],"picked":"White Noise","floor":10},{"not_picked":["Skim","Chaos"],"picked":"Hello World","floor":12},{"not_picked":["Storm","Hologram","Conserve Battery"],"picked":"Go for the Eyes","floor":13},{"not_picked":["Melter","Heatsinks","Stack"],"picked":"Reinforced Body","floor":14},{"not_picked":["Thunder Strike","Buffer","Core Surge"],"picked":"Biased Cognition","floor":16},{"not_picked":["Heatsinks","Conserve Battery","Cold Snap"],"picked":"Compile Driver","floor":18},{"not_picked":["Aggregate+1","Self Repair","Reinforced Body"],"picked":"Coolheaded","floor":20},{"not_picked":["Tempest+1","Sweeping Beam+1","Reprogram","Beam Cell"],"picked":"SKIP","floor":22},{"not_picked":["Self Repair","Beam Cell","Genetic Algorithm"],"picked":"Chill","floor":24},{"not_picked":["Coolheaded","Conserve Battery+1","Compile Driver"],"picked":"Consume+1","floor":27},{"not_picked":["Streamline+1","Conserve Battery","Sunder"],"picked":"Chill+1","floor":30},{"not_picked":["Go for the Eyes","Glacier","Hologram"],"picked":"Capacitor+1","floor":31},{"not_picked":["Electrodynamics+1","All For One","Biased Cognition+1"],"picked":"Echo Form+1","floor":33},{"not_picked":["Compile Driver","Steam Power","Streamline"],"picked":"Ball Lightning+1","floor":35},{"not_picked":["Skim+1","Self Repair+1","Leap"],"picked":"Coolheaded+1","floor":38},{"not_picked":["Multi-Cast","Force Field","Lockon+1"],"picked":"Loop+1","floor":40},{"not_picked":["Reprogram+1","Compile Driver+1","Consume"],"picked":"Ball Lightning+1","floor":41},{"not_picked":["Coolheaded","Cold Snap+1","Rebound+1","Compile Driver+1"],"picked":"SKIP","floor":42},{"not_picked":["Redo","Ball Lightning+1","Leap","Stack"],"picked":"SKIP","floor":44},{"not_picked":["Sweeping Beam+1","Streamline+1","Conserve Battery"],"picked":"Recycle+1","floor":45},{"not_picked":["Undo","Steam Power+1","Coolheaded+1"],"picked":"Seek","floor":47},{"not_picked":["Leap","Redo","Sweeping Beam+1","Turbo"],"picked":"SKIP","floor":48}],"player_experience":547067,"relics_obtained":[{"floor":3,"key":"Orichalcum"},{"floor":8,"key":"Meat on the Bone"},{"floor":9,"key":"Letter Opener"},{"floor":10,"key":"Darkstone Periapt"},{"floor":12,"key":"Question Card"},{"floor":26,"key":"Cables"},{"floor":30,"key":"Frozen Egg 2"},{"floor":38,"key":"Incense Burner"},{"floor":40,"key":"Mummified Hand"},{"floor":40,"key":"Art of War"},{"floor":42,"key":"Juzu Bracelet"},{"floor":42,"key":"The Courier"},{"floor":43,"key":"Bottled Tornado"},{"floor":45,"key":"Blue Candle"},{"floor":45,"key":"MawBank"},{"floor":47,"key":"Whetstone"},{"floor":47,"key":"Boot"}],"event_choices":[{"damage_healed":0,"gold_gain":72,"player_choice":"Gained Gold","damage_taken":0,"max_hp_gain":0,"max_hp_loss":0,"event_name":"Golden Wing","floor":11,"gold_loss":0},{"damage_healed":0,"gold_gain":0,"player_choice":"Bought 0 Potions","damage_taken":0,"max_hp_gain":0,"max_hp_loss":0,"event_name":"The Woman in Blue","floor":21,"gold_loss":0},{"damage_healed":0,"gold_gain":0,"player_choice":"Paid","damage_taken":0,"relics_obtained":["Red Mask"],"max_hp_gain":0,"max_hp_loss":0,"event_name":"Tomb of Lord Red Mask","floor":37,"gold_loss":35},{"damage_healed":0,"gold_gain":0,"player_choice":"Fight","damage_taken":0,"max_hp_gain":0,"max_hp_loss":0,"event_name":"Mysterious Sphere","floor":38,"gold_loss":0},{"damage_healed":0,"gold_gain":0,"cards_transformed":["Strike_B"],"player_choice":"Transformed","damage_taken":0,"max_hp_gain":0,"max_hp_loss":0,"event_name":"Transmorgrifier","floor":39,"gold_loss":0,"cards_obtained":["Loop"]},{"damage_healed":19,"gold_gain":0,"player_choice":"Writhe","damage_taken":0,"max_hp_gain":0,"max_hp_loss":0,"event_name":"Winding Halls","floor":46,"gold_loss":0,"cards_obtained":["Writhe"]}],"is_beta":false,"boss_relics":[{"not_picked":["Busted Crown","White Beast Statue"],"picked":"FrozenCore"},{"not_picked":["Coffee Dripper","Nuclear Battery"],"picked":"Black Star"}],"items_purged_floors":[5,36],"is_endless":false,"potions_floor_spawned":[10,12,14,16,18,22,24,30,35,40,44,48],"ascension_level":5}