{"gold_per_floor":[109,109,127,138,148,148,177,197,197,197,5,5,35,55,55,151,151,165,185,132,132,150,177,177,23,23,23,23,37,37,56,56,151,151,166,179,196,0,0,0,19,51,51,51,51,69,69,102,102,102,102,102,29,56,56],"floor_reached":55,"playtime":6922,"items_purged":[],"score":1086,"play_id":"da2d847a-fe62-4c6e-afd9-a01618d597d3","local_time":"20190609034203","is_ascension_mode":true,"campfire_choices":[{"floor":6.0,"key":"REST"},{"floor":12.0,"key":"REST"},{"data":"Spot Weakness","floor":15.0,"key":"SMITH"},{"data":"Armaments","floor":24.0,"key":"SMITH"},{"data":"Feed","floor":30.0,"key":"SMITH"},{"data":"Seeing Red","floor":32.0,"key":"SMITH"},{"floor":40,"key":"RECALL"},{"data":"Madness","floor":47,"key":"SMITH"},{"data":"Spot Weakness","floor":49,"key":"SMITH"},{"data":"Shockwave","floor":52,"key":"SMITH"}],"neow_cost":"PERCENT_DAMAGE","seed_source_timestamp":0,"circlet_count":0,"master_deck":["AscendersBane","Bash","Pummel","Spot Weakness+1","Thunderclap","Pummel","Ghostly Armor","Offering","Shockwave+1","Spot Weakness+1","Blood for Blood","Reaper","Bloodletting","Disarm","Reaper","Armaments+1","Headbutt+1","Cleave","Shrug It Off","Ghostly","Ghostly","Ghostly","Ghostly","Ghostly","Feed+1","Seeing Red+1","Pommel Strike","Heavy Blade","Exhume","Injury","Injury","Madness+1","Inflame+1","Shockwave+1"],"special_seed":0,"relics":["Burning Blood","Pocketwatch","Potion Belt","Calipers","Question Card","TheAbacus","Ornamental Fan","Pandora\u0027s Box","Anchor","PreservedInsect","Ice Cream","Blue Candle","Cursed Key","Red Mask","Frozen Egg 2","Turnip","Strawberry","Gremlin Horn"],"potions_floor_usage":[54,54,55,55],"damage_taken":[{"damage":3.0,"enemies":"2 Louse","floor":1.0,"turns":3.0},{"damage":9.0,"enemies":"Jaw Worm","floor":3.0,"turns":3.0},{"damage":1.0,"enemies":"Cultist","floor":4.0,"turns":3.0},{"damage":13.0,"enemies":"Lots of Slimes","floor":5.0,"turns":5.0},{"damage":20.0,"enemies":"3 Sentries","floor":7.0,"turns":6.0},{"damage":23.0,"enemies":"Exordium Thugs","floor":8.0,"turns":5.0},{"damage":2.0,"enemies":"Lagavulin","floor":13.0,"turns":7.0},{"damage":7.0,"enemies":"2 Fungi Beasts","floor":14.0,"turns":4.0},{"damage":31.0,"enemies":"Hexaghost","floor":16.0,"turns":9.0},{"damage":24.0,"enemies":"3 Byrds","floor":18.0,"turns":4.0},{"damage":32.0,"enemies":"2 Thieves","floor":19.0,"turns":4.0},{"damage":7.0,"enemies":"Sentry and Sphere","floor":22.0,"turns":6.0},{"damage":20.0,"enemies":"Slavers","floor":23.0,"turns":7.0},{"damage":6.0,"enemies":"Cultist and Chosen","floor":29.0,"turns":7.0},{"damage":9.0,"enemies":"Snake Plant","floor":31.0,"turns":6.0},{"damage":11.0,"enemies":"Automaton","floor":33.0,"turns":9.0},{"damage":13,"enemies":"3 Shapes","floor":35,"turns":4},{"damage":35,"enemies":"3 Darklings","floor":36,"turns":6},{"damage":11,"enemies":"Spire Growth","floor":37,"turns":7},{"damage":1,"enemies":"Writhing Mass","floor":41,"turns":7},{"damage":6,"enemies":"Reptomancer","floor":42,"turns":5},{"damage":14,"enemies":"Jaw Worm Horde","floor":46,"turns":7},{"damage":3,"enemies":"Nemesis","floor":48,"turns":7},{"damage":24,"enemies":"Donu and Deca","floor":50,"turns":9},{"damage":73,"enemies":"Shield and Spear","floor":54,"turns":8},{"damage":36,"enemies":"The Heart","floor":55,"turns":6}],"seed_played":"7232696865550420165","potions_obtained":[{"floor":1.0,"key":"Energy Potion"},{"floor":3.0,"key":"EntropicBrew"},{"floor":7.0,"key":"GamblersBrew"},{"floor":14.0,"key":"PowerPotion"},{"floor":23.0,"key":"Fruit Juice"},{"floor":29.0,"key":"Weak Potion"},{"floor":31.0,"key":"Regen Potion"},{"floor":33.0,"key":"AttackPotion"}],"is_trial":false,"path_per_floor":["M","?","M","M","M","R","E","M","T","?","$","R","E","M","R","B",null,"M","M","$","?","M","E","R","$","T","T","?","M","R","M","R","B",null,"M","M","M","?","?","R","M","E","T","T","?","M","R","E","R","B",null,"R","$","E","B"],"character_chosen":"IRONCLAD","items_purchased":["TheAbacus","Shrug It Off","PreservedInsect","Inflame+1"],"campfire_rested":2,"item_purchase_floors":[11,20,25,53],"current_hp_per_floor":[54,47,44,49,42,66,52,35,35,35,35,59,63,62,62,37,69,71,80,80,40,39,36,36,36,36,36,36,44,44,50,50,45,51,53,57,52,52,52,52,57,61,61,61,61,65,65,76,76,76,76,76,76,13,0],"gold":56,"neow_bonus":"ONE_RARE_RELIC","is_prod":false,"is_daily":false,"chose_seed":false,"campfire_upgraded":7,"win_rate":0,"timestamp":1560076923,"path_taken":["M","?","M","M","M","R","E","M","T","?","$","R","E","M","R","BOSS","M","M","$","?","M","E","R","$","T","?","?","?","R","M","R","BOSS","M","M","?","?","?","R","M","E","T","?","?","?","R","E","R","BOSS","R","$","E","BOSS"],"build_version":"2019-01-23","purchased_purges":0,"victory":false,"max_hp_per_floor":[80,80,80,80,80,80,80,80,80,80,80,80,80,80,80,80,80,80,80,80,40,40,40,40,40,40,40,40,44,44,53,53,53,53,53,57,57,57,57,57,57,61,61,61,61,65,65,76,76,76,76,76,76,80,80],"card_choices":[{"not_picked":["Shrug It Off","Flex"],"picked":"Pummel","floor":1.0},{"not_picked":["Anger","Havoc","Body Slam"],"picked":"SKIP","floor":3.0},{"not_picked":["Headbutt","Heavy Blade"],"picked":"Spot Weakness","floor":4.0},{"not_picked":["Body Slam","Havoc","Perfected Strike"],"picked":"SKIP","floor":5.0},{"not_picked":["Anger","Fire Breathing"],"picked":"Thunderclap","floor":7.0},{"not_picked":["Flex","Thunderclap"],"picked":"Shockwave","floor":8.0},{"not_picked":["Juggernaut","Warcry","Thunderclap"],"picked":"Pummel","floor":13.0},{"not_picked":["Flex","Headbutt","Rage"],"picked":"Ghostly Armor","floor":14.0},{"not_picked":["Berserk","Feed","Impervious"],"picked":"Offering","floor":16.0},{"not_picked":["Flex","Cleave+1","Anger"],"picked":"Headbutt+1","floor":18.0},{"not_picked":["Rage","Battle Trance","Flex"],"picked":"Cleave","floor":19.0},{"not_picked":["Perfected Strike","Cleave","Havoc+1","Carnage+1"],"picked":"SKIP","floor":22.0},{"not_picked":["Perfected Strike+1","Second Wind","Reaper","Hemokinesis"],"picked":"SKIP","floor":23.0},{"not_picked":["Whirlwind","Flex","Body Slam"],"picked":"Seeing Red","floor":29.0},{"not_picked":["Ghostly Armor+1","Carnage+1","Rage","Havoc"],"picked":"SKIP","floor":31.0},{"not_picked":["Twin Strike+1","Fire Breathing","Burning Pact+1"],"picked":"Pommel Strike","floor":35},{"not_picked":["Sentinel+1","Clothesline","Warcry+1"],"picked":"Heavy Blade","floor":36},{"not_picked":["Armaments","Carnage","Warcry+1","Havoc"],"picked":"SKIP","floor":37},{"not_picked":["Searing Blow","Sword Boomerang+1","Battle Trance+1","Armaments"],"picked":"SKIP","floor":41},{"not_picked":["Whirlwind","Hemokinesis+1","Warcry+1"],"picked":"Exhume","floor":42},{"not_picked":["PanicButton","Blind","Thinking Ahead"],"picked":"Madness","floor":45},{"not_picked":["Headbutt","Blood for Blood+1","Shockwave+1","Burning Pact+1"],"picked":"SKIP","floor":46},{"not_picked":["Intimidate","Twin Strike","Power Through+1","Iron Wave"],"picked":"SKIP","floor":48},{"not_picked":["Sentinel+1","Carnage+1","Dark Embrace+1"],"picked":"Shockwave+1","floor":54}],"player_experience":177956,"relics_obtained":[{"floor":7.0,"key":"Calipers"},{"floor":9.0,"key":"Question Card"},{"floor":13.0,"key":"Ornamental Fan"},{"floor":23.0,"key":"Anchor"},{"floor":26.0,"key":"Ice Cream"},{"floor":27.0,"key":"Blue Candle"},{"floor":42,"key":"Frozen Egg 2"},{"floor":44,"key":"Turnip"},{"floor":48,"key":"Strawberry"},{"floor":54,"key":"Gremlin Horn"}],"event_choices":[{"damage_healed":0.0,"max_hp_gain":0.0,"max_hp_loss":0.0,"gold_gain":0.0,"event_name":"Scrap Ooze","player_choice":"Success","floor":2.0,"gold_loss":0.0,"damage_taken":7.0,"relics_obtained":["Potion Belt"]},{"damage_healed":0.0,"max_hp_gain":0.0,"max_hp_loss":0.0,"gold_gain":0.0,"event_name":"Living Wall","player_choice":"Grow","floor":10.0,"gold_loss":0.0,"damage_taken":0.0,"cards_upgraded":["Shockwave"]},{"damage_healed":0.0,"max_hp_gain":0.0,"max_hp_loss":40.0,"gold_gain":0.0,"event_name":"Ghosts","player_choice":"Became a Ghost","floor":21.0,"gold_loss":0.0,"damage_taken":0.0,"cards_obtained":["Ghostly","Ghostly","Ghostly","Ghostly","Ghostly"]},{"damage_healed":0.0,"max_hp_gain":0.0,"max_hp_loss":0.0,"gold_gain":0.0,"cards_transformed":["Havoc"],"event_name":"Transmorgrifier","player_choice":"Transformed","floor":28.0,"gold_loss":0.0,"damage_taken":0.0,"cards_obtained":["Feed"]},{"damage_healed":0,"gold_gain":0,"player_choice":"Paid","damage_taken":0,"relics_obtained":["Red Mask"],"max_hp_gain":0,"max_hp_loss":0,"event_name":"Tomb of Lord Red Mask","floor":38,"gold_loss":196},{"cards_removed":["Shockwave"],"damage_healed":0,"gold_gain":0,"player_choice":"Removed Skill","damage_taken":0,"max_hp_gain":0,"max_hp_loss":0,"event_name":"Falling","floor":39,"gold_loss":0},{"damage_healed":0,"gold_gain":0,"player_choice":"Memory 1","damage_taken":0,"max_hp_gain":0,"max_hp_loss":0,"event_name":"SensoryStone","floor":45,"gold_loss":0}],"is_beta":false,"boss_relics":[{"not_picked":["Lizard Tail","Coffee Dripper"],"picked":"Pandora\u0027s Box"},{"not_picked":["Runic Pyramid","Philosopher\u0027s Stone"],"picked":"Cursed Key"}],"items_purged_floors":[],"is_endless":false,"potions_floor_spawned":[1,3,7,14,23,29,31,33,35,37],"killed_by":"The Heart","ascension_level":10}