{"gold_per_floor":[117,136,153,172,183,183,194,194,194,194,227,227,227,196,196,295,295,312,238,238,165,265,265,265],"floor_reached":24,"playtime":1557,"items_purged":[],"score":235,"play_id":"fc3e99a2-02e8-465b-93f7-7eacd5aa1291","local_time":"20190119152257","is_ascension_mode":true,"campfire_choices":[{"data":"Neutralize","floor":6,"key":"SMITH"},{"data":"After Image","floor":8,"key":"SMITH"},{"data":"Cloak And Dagger","floor":10,"key":"SMITH"},{"floor":15,"key":"REST"},{"floor":23,"key":"REST"}],"neow_cost":"NONE","seed_source_timestamp":905289035541939,"circlet_count":0,"master_deck":["Defend_G","Defend_G","Defend_G","Defend_G","Defend_G","Strike_G","Strike_G","Strike_G","Strike_G","Strike_G","Survivor","Neutralize+1","Cloak And Dagger","Cloak And Dagger+1","Backflip","Accuracy","Noxious Fumes","Terror","After Image+1","Glass Knife","Predator","Adrenaline","Sucker Punch+1","Leg Sweep","Writhe","Well Laid Plans","PiercingWail+1"],"relics":["Ring of the Snake","Sundial","The Specimen","Black Star","Ornamental Fan","Thread and Needle","Bottled Tornado"],"potions_floor_usage":[11,11,22,22,24],"damage_taken":[{"damage":1,"enemies":"Cultist","floor":1,"turns":4},{"damage":1,"enemies":"Small Slimes","floor":2,"turns":3},{"damage":0,"enemies":"2 Louse","floor":3,"turns":2},{"damage":1,"enemies":"Blue Slaver","floor":4,"turns":6},{"damage":0,"enemies":"2 Fungi Beasts","floor":5,"turns":4},{"damage":16,"enemies":"Large Slime","floor":7,"turns":9},{"damage":22,"enemies":"Gremlin Nob","floor":11,"turns":5},{"damage":2,"enemies":"Exordium Thugs","floor":14,"turns":5},{"damage":6,"enemies":"Hexaghost","floor":16,"turns":9},{"damage":1,"enemies":"Shell Parasite","floor":18,"turns":7},{"damage":17,"enemies":"Colosseum Slavers","floor":22,"turns":7},{"damage":23,"enemies":"Colosseum Nobs","floor":22,"turns":5},{"damage":50,"enemies":"Gremlin Leader","floor":24,"turns":6}],"seed_played":"7326952524226283094","potions_obtained":[{"floor":1,"key":"Strength Potion"},{"floor":7,"key":"Poison Potion"},{"floor":16,"key":"GhostInAJar"},{"floor":18,"key":"Poison Potion"},{"floor":22,"key":"Fire Potion"}],"is_trial":false,"path_per_floor":["M","M","M","M","M","R","M","R","T","R","E","?","?","M","R","B",null,"M","$","?","$","?","R","E"],"character_chosen":"THE_SILENT","items_purchased":["Leg Sweep","Well Laid Plans"],"campfire_rested":2,"item_purchase_floors":[19,21],"current_hp_per_floor":[69,68,68,67,67,67,51,51,51,51,29,4,4,2,23,17,70,69,69,69,69,29,50,0],"gold":265,"neow_bonus":"THREE_CARDS","is_prod":false,"is_daily":false,"chose_seed":false,"campfire_upgraded":3,"win_rate":0,"timestamp":1547929377,"path_taken":["M","M","M","?","M","R","M","R","T","R","E","?","?","M","R","BOSS","M","$","?","$","?","R","E"],"build_version":"2019-01-17v2","purchased_purges":0,"victory":false,"max_hp_per_floor":[70,70,70,70,70,70,70,70,70,70,70,70,70,70,70,70,70,70,70,70,70,70,70,70],"card_choices":[{"not_picked":["Blade Dance","Noxious Fumes"],"picked":"Cloak And Dagger","floor":0},{"not_picked":["Endless Agony","Slice"],"picked":"Cloak And Dagger","floor":1},{"not_picked":["Dagger Throw","Blade Dance"],"picked":"Backflip","floor":2},{"not_picked":["Prepared","Cloak And Dagger"],"picked":"Accuracy","floor":3},{"not_picked":["Blade Dance","Quick Slash"],"picked":"Noxious Fumes","floor":4},{"not_picked":["Dodge and Roll","Backflip"],"picked":"Terror","floor":5},{"not_picked":["Acrobatics","Accuracy"],"picked":"After Image","floor":7},{"not_picked":["Poisoned Stab","PiercingWail"],"picked":"Glass Knife","floor":11},{"not_picked":["Outmaneuver","Flying Knee"],"picked":"Predator","floor":14},{"not_picked":["Bullet Time","Wraith Form v2"],"picked":"Adrenaline","floor":16},{"not_picked":["Riddle With Holes+1","Dodge and Roll"],"picked":"Sucker Punch+1","floor":18},{"not_picked":["Escape Plan","Prepared"],"picked":"PiercingWail+1","floor":22}],"player_experience":106691,"relics_obtained":[{"floor":9,"key":"Sundial"},{"floor":11,"key":"The Specimen"},{"floor":22,"key":"Thread and Needle"},{"floor":22,"key":"Bottled Tornado"}],"event_choices":[{"damage_healed":0,"gold_gain":0,"player_choice":"Fled","damage_taken":25,"max_hp_gain":0,"max_hp_loss":0,"event_name":"Scrap Ooze","floor":12,"gold_loss":0},{"damage_healed":0,"gold_gain":0,"player_choice":"Ignored","damage_taken":0,"max_hp_gain":0,"max_hp_loss":0,"event_name":"Golden Idol","floor":13,"gold_loss":0},{"damage_healed":0,"gold_gain":0,"player_choice":"Opened","damage_taken":0,"relics_obtained":["Ornamental Fan"],"max_hp_gain":0,"max_hp_loss":0,"event_name":"The Mausoleum","floor":20,"gold_loss":0,"cards_obtained":["Writhe"]},{"damage_healed":0,"gold_gain":0,"player_choice":"Fight","damage_taken":0,"max_hp_gain":0,"max_hp_loss":0,"event_name":"Colosseum","floor":22,"gold_loss":0},{"damage_healed":0,"gold_gain":0,"player_choice":"Fought Nobs","damage_taken":0,"max_hp_gain":0,"max_hp_loss":0,"event_name":"Colosseum","floor":22,"gold_loss":0}],"is_beta":false,"boss_relics":[{"not_picked":["Tiny House","Runic Pyramid"],"picked":"Black Star"}],"items_purged_floors":[],"is_endless":false,"potions_floor_spawned":[1,7,16,18,22],"killed_by":"Gremlin Leader","ascension_level":4}