{"gold_per_floor":[115,190,210,227,227,227,238,238,287,9,29,29,45,76,76,181,181,197,112,129,144,344,344],"floor_reached":23,"playtime":1006,"items_purged":[],"score":218,"play_id":"286687a6-2e7c-4b4a-abb6-8a4de6c5c5eb","local_time":"20181002192456","is_ascension_mode":false,"campfire_choices":[{"floor":6,"key":"REST"},{"data":"Venomology","floor":8,"key":"SMITH"},{"floor":15,"key":"REST"}],"neow_cost":"NONE","seed_source_timestamp":16421293762646,"circlet_count":0,"master_deck":["Defend_G+1","Defend_G","Defend_G","Defend_G","Defend_G","Strike_G+1","Strike_G","Strike_G","Strike_G","Strike_G","Survivor","Neutralize","Venomology+1","Dagger Spray","Heel Hook","Bane","Well Laid Plans","Deadly Poison","Poisoned Stab","Sucker Punch","Caltrops","A Thousand Cuts","Catalyst","Poisoned Stab","Backflip","Bane","Outmaneuver+1","Deflect+1"],"relics":["Ring of the Snake","Bag of Marbles","Snake Skull","Omamori","Orrery","Juzu Bracelet"],"potions_floor_usage":[1,3,3,7,11,13,14,14,14,16,18,21,23,23,23],"damage_taken":[{"damage":6,"enemies":"2 Louse","floor":1,"turns":4},{"damage":1,"enemies":"Jaw Worm","floor":3,"turns":3},{"damage":0,"enemies":"Cultist","floor":4,"turns":4},{"damage":0,"enemies":"Looter","floor":7,"turns":4},{"damage":0,"enemies":"Large Slime","floor":11,"turns":6},{"damage":0,"enemies":"Exordium Wildlife","floor":13,"turns":2},{"damage":0,"enemies":"Gremlin Nob","floor":14,"turns":2},{"damage":37,"enemies":"Slime Boss","floor":16,"turns":12},{"damage":16,"enemies":"Chosen","floor":18,"turns":5},{"damage":12,"enemies":"3 Byrds","floor":20,"turns":5},{"damage":20,"enemies":"Snake Plant","floor":21,"turns":3},{"damage":48,"enemies":"Book of Stabbing","floor":23,"turns":6}],"seed_played":"-6551380333371993308","potions_obtained":[{"floor":3,"key":"Block Potion"},{"floor":7,"key":"EssenceOfSteel"},{"floor":11,"key":"SkillPotion"},{"floor":20,"key":"Ancient Potion"},{"floor":21,"key":"EssenceOfSteel"}],"is_trial":false,"path_per_floor":["M","?","M","M","?","R","M","R","T","$","M","$","M","E","R","B",null,"M","?","M","M","?"],"character_chosen":"THE_SILENT","items_purchased":["Snake Skull","Deadly Poison","Poisoned Stab","Sucker Punch"],"campfire_rested":2,"item_purchase_floors":[10,10,10,10],"current_hp_per_floor":[64,53,52,52,38,59,59,59,59,59,59,59,59,59,70,33,70,54,54,42,31,31,0],"gold":344,"neow_bonus":"ONE_RANDOM_RARE_CARD","is_prod":false,"is_daily":false,"chose_seed":false,"campfire_upgraded":1,"win_rate":0.0,"timestamp":1538519096,"path_taken":["M","?","M","M","?","R","M","R","T","$","M","?","?","E","R","BOSS","M","?","M","M","?","E"],"build_version":"2018-09-27","purchased_purges":0,"victory":false,"max_hp_per_floor":[70,70,70,70,70,70,70,70,70,70,70,70,70,70,70,70,70,70,70,70,70,70,70],"card_choices":[{"not_picked":["Prepared","Flying Knee"],"picked":"Dagger Spray","floor":1},{"not_picked":["Masterful Stab","Flying Knee"],"picked":"Heel Hook","floor":3},{"not_picked":["Concentrate","Accuracy"],"picked":"Bane","floor":4},{"not_picked":["Acrobatics","Choke"],"picked":"Well Laid Plans","floor":7},{"not_picked":["Prepared","Riddle With Holes","Flying Knee"],"picked":"SKIP","floor":11},{"not_picked":["Prepared","Eviscerate","Acrobatics"],"picked":"SKIP","floor":13},{"not_picked":["Dagger Throw","Deflect"],"picked":"Caltrops","floor":14},{"not_picked":["Phantasmal Killer","Grand Finale"],"picked":"A Thousand Cuts","floor":16},{"not_picked":["Deadly Poison","Endless Agony"],"picked":"Catalyst","floor":17},{"not_picked":["Sucker Punch","Skewer"],"picked":"Poisoned Stab","floor":17},{"not_picked":["Slice","Blur"],"picked":"Backflip","floor":17},{"not_picked":["Flying Knee","Cloak And Dagger"],"picked":"Bane","floor":17},{"not_picked":["Flying Knee","Reflex"],"picked":"Outmaneuver+1","floor":18},{"not_picked":["Die Die Die","Backflip"],"picked":"Deflect+1","floor":20},{"not_picked":["Cloak And Dagger","Expertise","Underhanded Strike+1"],"picked":"SKIP","floor":21}],"player_experience":95474,"relics_obtained":[{"floor":9,"key":"Bag of Marbles"},{"floor":14,"key":"Omamori"}],"event_choices":[{"event_name":"World of Goop","player_choice":"Gather Gold","floor":2,"damage_taken":0},{"event_name":"Shining Light","player_choice":"Entered Light","floor":5,"damage_taken":0},{"event_name":"Addict","player_choice":"Obtained Relic","floor":19,"damage_taken":0},{"event_name":"Wheel of Change","player_choice":"Gold","floor":22,"damage_taken":0}],"is_beta":false,"boss_relics":[{"not_picked":["Sozu","Ring of the Serpent"],"picked":"Orrery"}],"items_purged_floors":[],"is_endless":false,"potions_floor_spawned":[3,7,11,20,21],"killed_by":"Book of Stabbing","ascension_level":0}