{"gold_per_floor":[112,112,112,122,122,122,155,174,225,225,245,245,263,188,188,287,337,348,368,383,383,394,394,493,200,200,200],"floor_reached":27,"playtime":840,"items_purged":["Strike_R"],"score":345,"play_id":"0a40fd7c-0393-4085-b25d-2e7ad04e2108","local_time":"20190616232050","is_ascension_mode":true,"campfire_choices":[{"data":"Bash","floor":6,"key":"SMITH"},{"data":"Armaments","floor":10,"key":"SMITH"},{"data":"Corruption","floor":12,"key":"SMITH"},{"floor":15,"key":"REST"},{"floor":23,"key":"REST"}],"neow_cost":"NONE","seed_source_timestamp":416764881250721,"circlet_count":0,"master_deck":["AscendersBane","Strike_R","Strike_R","Strike_R","Strike_R","Defend_R+1","Defend_R+1","Defend_R","Defend_R","Bash+1","Immolate","Anger+1","Armaments+1","Corruption+1","Inflame"],"relics":["Burning Blood","Ice Cream","Potion Belt","Orichalcum","Tiny House","Mango","Toxic Egg 2"],"potions_floor_usage":[20,22],"damage_taken":[{"damage":0,"enemies":"Small Slimes","floor":1,"turns":2},{"damage":9,"enemies":"Jaw Worm","floor":4,"turns":3},{"damage":16,"enemies":"Gremlin Nob","floor":7,"turns":3},{"damage":0,"enemies":"2 Louse","floor":8,"turns":2},{"damage":8,"enemies":"Blue Slaver","floor":11,"turns":4},{"damage":2,"enemies":"3 Louse","floor":13,"turns":2},{"damage":72,"enemies":"Hexaghost","floor":16,"turns":10},{"damage":13,"enemies":"Spheric Guardian","floor":18,"turns":4},{"damage":17,"enemies":"Chosen","floor":19,"turns":5},{"damage":19,"enemies":"Sentry and Sphere","floor":20,"turns":4},{"damage":24,"enemies":"Snake Plant","floor":22,"turns":5},{"damage":68,"enemies":"Slavers","floor":27,"turns":3}],"seed_played":"5294571914046772497","potions_obtained":[{"floor":8,"key":"Ancient Potion"},{"floor":13,"key":"Fire Potion"},{"floor":16,"key":"SpeedPotion"},{"floor":17,"key":"Ancient Potion"},{"floor":20,"key":"Strength Potion"},{"floor":22,"key":"Dexterity Potion"}],"is_trial":false,"path_per_floor":["M","?","T","M","?","R","E","M","T","R","M","R","M","$","R","B",null,"M","M","M","$","M","R","?","$","T","E"],"character_chosen":"IRONCLAD","items_purchased":["Mango"],"campfire_rested":2,"item_purchase_floors":[25],"current_hp_per_floor":[78,78,78,75,59,59,49,55,55,55,53,53,57,57,80,14,69,62,51,38,38,20,45,45,59,59,0],"gold":200,"neow_bonus":"ONE_RANDOM_RARE_CARD","is_prod":false,"is_daily":false,"chose_seed":false,"campfire_upgraded":3,"win_rate":0,"timestamp":1560741650,"path_taken":["M","?","?","M","?","R","E","M","T","R","M","R","M","$","R","BOSS","M","M","M","$","M","R","?","$","T","E"],"build_version":"2019-01-23","purchased_purges":1,"victory":false,"max_hp_per_floor":[80,80,80,80,80,80,80,80,80,80,80,80,80,80,80,80,85,85,85,85,85,85,85,85,99,99,99],"card_choices":[{"not_picked":["Headbutt","Iron Wave"],"picked":"Anger","floor":1},{"not_picked":["Cleave","Searing Blow","Pommel Strike"],"picked":"SKIP","floor":4},{"not_picked":["Entrench","Cleave"],"picked":"Armaments","floor":7},{"not_picked":["True Grit","Flex","Havoc"],"picked":"SKIP","floor":8},{"not_picked":["Perfected Strike","Demon Form"],"picked":"Corruption","floor":11},{"not_picked":["Twin Strike","Body Slam","True Grit"],"picked":"SKIP","floor":13},{"not_picked":["Whirlwind","Fire Breathing"],"picked":"Inflame","floor":17},{"not_picked":["Anger","Sword Boomerang","Clothesline"],"picked":"SKIP","floor":18},{"not_picked":["Rage","Perfected Strike","Sever Soul"],"picked":"SKIP","floor":19},{"not_picked":["Fiend Fire","Perfected Strike","Iron Wave"],"picked":"SKIP","floor":20},{"not_picked":["Feel No Pain","Fire Breathing+1","True Grit+1"],"picked":"SKIP","floor":22}],"player_experience":820057,"relics_obtained":[{"floor":3,"key":"Ice Cream"},{"floor":7,"key":"Potion Belt"},{"floor":9,"key":"Orichalcum"},{"floor":26,"key":"Toxic Egg 2"}],"event_choices":[{"damage_healed":0,"gold_gain":0,"player_choice":"Ignored","damage_taken":0,"max_hp_gain":0,"max_hp_loss":0,"event_name":"Liars Game","floor":2,"gold_loss":0},{"damage_healed":0,"gold_gain":0,"player_choice":"Entered Light","damage_taken":16,"max_hp_gain":0,"max_hp_loss":0,"event_name":"Shining Light","floor":5,"gold_loss":0,"cards_upgraded":["Defend_R","Defend_R"]},{"damage_healed":0,"gold_gain":99,"player_choice":"Stole From Cult","damage_taken":0,"max_hp_gain":0,"max_hp_loss":0,"event_name":"Nest","floor":24,"gold_loss":0}],"is_beta":false,"boss_relics":[{"not_picked":["Eternal Feather","Runic Dome"],"picked":"Tiny House"}],"items_purged_floors":[14],"is_endless":false,"potions_floor_spawned":[8,13,16,20,22],"killed_by":"Slavers","ascension_level":10}