{"gold_per_floor":[112,112,124,139,151,184,200,215,215,215,215,246,246,276,276,376,376,376,376,316,316,3,3,3,3,3,3,3,3,3],"floor_reached":30,"playtime":3103,"items_purged":[],"score":540,"play_id":"36935de4-d5ab-4df5-a75a-a16ad8f355a9","local_time":"20190409123535","is_ascension_mode":true,"campfire_choices":[{"data":"Malaise","floor":11.0,"key":"SMITH"},{"data":"Neutralize","floor":13.0,"key":"SMITH"},{"data":"Well Laid Plans","floor":15.0,"key":"SMITH"},{"data":"1","floor":24,"key":"LIFT"},{"data":"2","floor":27,"key":"LIFT"}],"neow_cost":"NONE","seed_source_timestamp":0,"circlet_count":0,"master_deck":["AscendersBane","Defend_G","Defend_G","Defend_G","Defend_G","Defend_G","Strike_G","Strike_G","Strike_G","Strike_G","Strike_G","Survivor","Neutralize+1","Escape Plan","Well Laid Plans+1","Predator","Cloak And Dagger","Dagger Spray","Acrobatics","Malaise+1","All Out Attack","Burst","Corpse Explosion","Caltrops+1","Malaise+1","PiercingWail","Crippling Poison","Corpse Explosion"],"special_seed":0,"relics":["Coffee Dripper","Smiling Mask","Singing Bowl","Oddly Smooth Stone","Calipers","Ectoplasm","Girya","Question Card","Strawberry"],"potions_floor_usage":[23,25],"damage_taken":[{"damage":0.0,"enemies":"2 Louse","floor":1.0,"turns":3.0},{"damage":0.0,"enemies":"Jaw Worm","floor":3.0,"turns":4.0},{"damage":0.0,"enemies":"Cultist","floor":4.0,"turns":4.0},{"damage":10.0,"enemies":"Exordium Thugs","floor":5.0,"turns":5.0},{"damage":2.0,"enemies":"3 Sentries","floor":6.0,"turns":7.0},{"damage":10.0,"enemies":"Lots of Slimes","floor":7.0,"turns":4.0},{"damage":4.0,"enemies":"Red Slaver","floor":8.0,"turns":4.0},{"damage":18.0,"enemies":"Lagavulin","floor":12.0,"turns":7.0},{"damage":23.0,"enemies":"3 Sentries","floor":14.0,"turns":6.0},{"damage":0.0,"enemies":"Hexaghost","floor":16.0,"turns":19.0},{"damage":22.0,"enemies":"3 Byrds","floor":18.0,"turns":4.0},{"damage":14,"enemies":"2 Thieves","floor":20,"turns":4},{"damage":3,"enemies":"Snake Plant","floor":21,"turns":6},{"damage":4,"enemies":"Gremlin Leader","floor":23,"turns":7},{"damage":4,"enemies":"Cultist and Chosen","floor":25,"turns":8},{"damage":15,"enemies":"Shelled Parasite and Fungi","floor":28,"turns":5},{"damage":8,"enemies":"Centurion and Healer","floor":30,"turns":1}],"seed_played":"497790975588490101","potions_obtained":[{"floor":1.0,"key":"Strength Potion"},{"floor":3.0,"key":"SpeedPotion"},{"floor":4.0,"key":"Fruit Juice"},{"floor":6.0,"key":"SteroidPotion"},{"floor":10.0,"key":"SpeedPotion"},{"floor":14.0,"key":"Strength Potion"},{"floor":23,"key":"Explosive Potion"},{"floor":25,"key":"SpeedPotion"}],"is_trial":false,"path_per_floor":["M","?","M","M","M","E","M","M","T","?","R","E","R","E","R","B",null,"M","?","M","M","$","E","R","M","T","R","M","$","M"],"character_chosen":"THE_SILENT","items_purchased":["Girya"],"campfire_rested":0,"item_purchase_floors":[22],"current_hp_per_floor":[63,63,63,68,58,56,46,42,42,42,42,24,24,1,1,1,57,35,35,23,20,20,16,16,14,21,21,6,6,0],"gold":3,"neow_bonus":"BOSS_RELIC","is_prod":false,"is_daily":false,"chose_seed":false,"campfire_upgraded":3,"win_rate":0,"timestamp":1554827735,"path_taken":["M","?","M","M","M","E","M","M","T","?","R","E","R","E","R","BOSS","M","?","M","M","?","E","R","M","T","R","?","$","M"],"build_version":"2019-01-23","purchased_purges":0,"victory":false,"max_hp_per_floor":[70,70,70,75,75,75,75,75,75,75,75,75,75,75,75,75,75,75,75,77,77,77,77,77,79,86,86,86,86,86],"card_choices":[{"not_picked":["Outmaneuver","Accuracy"],"picked":"Escape Plan","floor":1.0},{"not_picked":["Terror","Backflip"],"picked":"Well Laid Plans","floor":3.0},{"not_picked":["Dagger Spray","Catalyst"],"picked":"Predator","floor":4.0},{"not_picked":["Sucker Punch","Blade Dance"],"picked":"Cloak And Dagger","floor":5.0},{"not_picked":["Concentrate","Deadly Poison"],"picked":"Dagger Spray","floor":6.0},{"not_picked":["Cloak And Dagger","Dagger Spray"],"picked":"Acrobatics","floor":7.0},{"not_picked":["Finisher","Deflect"],"picked":"Malaise","floor":8.0},{"not_picked":["Infinite Blades","Blade Dance"],"picked":"All Out Attack","floor":12.0},{"not_picked":["Backflip","Flying Knee"],"picked":"Burst","floor":14.0},{"not_picked":["Adrenaline","Venomology"],"picked":"Corpse Explosion","floor":16.0},{"not_picked":["Quick Slash+1","Bane"],"picked":"Caltrops+1","floor":18.0},{"not_picked":["Endless Agony","Acrobatics","Reflex"],"picked":"Singing Bowl","floor":20},{"not_picked":["Cloak And Dagger","Choke"],"picked":"PiercingWail","floor":21},{"not_picked":["Expertise","Calculated Gamble"],"picked":"Crippling Poison","floor":23},{"not_picked":["Flying Knee","Quick Slash","Expertise","Choke"],"picked":"Singing Bowl","floor":25},{"not_picked":["Quick Slash","Tactician+1","Flechettes"],"picked":"Corpse Explosion","floor":28}],"player_experience":448945,"relics_obtained":[{"floor":6.0,"key":"Smiling Mask"},{"floor":9.0,"key":"Singing Bowl"},{"floor":12.0,"key":"Oddly Smooth Stone"},{"floor":14.0,"key":"Calipers"},{"floor":23,"key":"Question Card"},{"floor":26,"key":"Strawberry"}],"event_choices":[{"damage_healed":0.0,"max_hp_gain":0.0,"max_hp_loss":0.0,"gold_gain":0.0,"event_name":"Golden Wing","player_choice":"Ignored","floor":2.0,"gold_loss":0.0,"damage_taken":0.0},{"damage_healed":0.0,"max_hp_gain":0.0,"max_hp_loss":0.0,"gold_gain":0.0,"event_name":"Lab","player_choice":"Got Potions","floor":10.0,"gold_loss":0.0,"damage_taken":0.0},{"damage_healed":0.0,"max_hp_gain":0.0,"max_hp_loss":0.0,"gold_gain":0.0,"event_name":"Duplicator","player_choice":"Copied","floor":19.0,"gold_loss":0.0,"damage_taken":0.0,"cards_obtained":["Malaise"]}],"is_beta":false,"boss_relics":[{"not_picked":["Runic Dome","Empty Cage"],"picked":"Ectoplasm"}],"items_purged_floors":[],"is_endless":false,"potions_floor_spawned":[1,3,4,6,14,23,25],"killed_by":"Centurion and Healer","ascension_level":12}