{"gold_per_floor":[112,112,187,203,215,229,256,269,269,269,269],"floor_reached":11,"playtime":352,"items_purged":[],"score":94,"play_id":"55991825-b328-4d8d-ac84-7373af399bd9","local_time":"20180923114137","is_ascension_mode":true,"campfire_choices":[],"neow_cost":"NONE","seed_source_timestamp":770169357725593,"circlet_count":0,"master_deck":["Strike_B","Strike_B","Strike_B","Strike_B","Defend_B","Defend_B","Defend_B","Defend_B+1","Zap","Dualcast","Ball Lightning","Genetic Algorithm","Go for the Eyes","Self Repair","Leap+1","Defragment","Conserve Battery"],"relics":["Cracked Core","Pantograph","Peace Pipe"],"potions_floor_usage":[1,1,7,11],"damage_taken":[{"damage":1,"enemies":"2 Louse","floor":1,"turns":2},{"damage":0,"enemies":"Cultist","floor":4,"turns":3},{"damage":7,"enemies":"Small Slimes","floor":5,"turns":3},{"damage":6,"enemies":"2 Fungi Beasts","floor":6,"turns":4},{"damage":38,"enemies":"3 Sentries","floor":7,"turns":7},{"damage":14,"enemies":"Exordium Wildlife","floor":8,"turns":4},{"damage":9,"enemies":"Exordium Thugs","floor":11,"turns":1}],"seed_played":"6197082261273299011","potions_obtained":[{"floor":0,"key":"Energy Potion"},{"floor":0,"key":"PowerPotion"},{"floor":0,"key":"SteroidPotion"},{"floor":1,"key":"Ancient Potion"},{"floor":7,"key":"Energy Potion"},{"floor":8,"key":"FearPotion"}],"is_trial":false,"path_per_floor":["M","?","?","M","M","M","E","M","T","?"],"character_chosen":"DEFECT","items_purchased":[],"campfire_rested":0,"item_purchase_floors":[],"current_hp_per_floor":[74,74,63,63,56,57,26,19,19,4,0],"gold":269,"neow_bonus":"THREE_SMALL_POTIONS","is_prod":false,"is_daily":false,"chose_seed":false,"campfire_upgraded":0,"win_rate":0,"timestamp":1537717297,"path_taken":["M","?","?","M","?","M","E","?","T","?","M"],"build_version":"2018-09-20","purchased_purges":0,"victory":false,"max_hp_per_floor":[75,75,75,75,75,75,75,75,75,75,75],"card_choices":[{"not_picked":["Barrage","Stack"],"picked":"Ball Lightning","floor":1},{"not_picked":["Glacier","Steam"],"picked":"Go for the Eyes","floor":4},{"not_picked":["Chaos","Darkness"],"picked":"Self Repair","floor":5},{"not_picked":["Hologram","Static Discharge"],"picked":"Leap","floor":6},{"not_picked":["Turbo","Go for the Eyes"],"picked":"Defragment","floor":7},{"not_picked":["Hologram","Turbo"],"picked":"Conserve Battery","floor":8}],"player_experience":180364,"relics_obtained":[{"floor":7,"key":"Pantograph"},{"floor":9,"key":"Peace Pipe"}],"event_choices":[{"event_name":"Match and Keep!","player_choice":"1 cards matched","floor":2,"damage_taken":0},{"event_name":"World of Goop","player_choice":"Gather Gold","floor":3,"damage_taken":0},{"event_name":"Shining Light","player_choice":"Entered Light","floor":10,"damage_taken":0}],"is_beta":false,"boss_relics":[],"items_purged_floors":[],"is_endless":false,"potions_floor_spawned":[1,7,8],"killed_by":"Exordium Thugs","ascension_level":5}