{"gold_per_floor":[115,115,135,148,148,148,183,195,195,195,206,206,223,237,237,312,362,374,374,374,88,101,101,16,46,46,73,73,93,93,112,112,189,189,201,201,217,234,253,253,279,291,330,342,73,73,73,97,97,97],"floor_reached":51,"playtime":1355,"items_purged":["Strike_B"],"score":1091,"play_id":"b584ac7a-6cfa-4194-929b-2b289e630d39","local_time":"20190726190807","is_ascension_mode":true,"campfire_choices":[{"data":"Loop","floor":6.0,"key":"SMITH"},{"floor":10.0,"key":"REST"},{"floor":12.0,"key":"REST"},{"floor":15.0,"key":"REST"},{"floor":23.0,"key":"REST"},{"floor":25.0,"key":"DIG"},{"floor":30.0,"key":"DIG"},{"floor":32.0,"key":"REST"},{"floor":40.0,"key":"REST"},{"floor":42.0,"key":"REST"},{"floor":44.0,"key":"DIG"},{"floor":46.0,"key":"DIG"},{"data":"Ghostly","floor":49.0,"key":"SMITH"}],"neow_cost":"NONE","seed_source_timestamp":0,"circlet_count":0,"master_deck":["AscendersBane","Strike_B+1","Strike_B+1","Defend_B","Defend_B+1","Defend_B","Defend_B","Zap","Dualcast","Ball Lightning","Loop+1","Auto Shields","Consume","Creative AI","Chill","Ball Lightning","Necronomicurse","Ghostly","Ghostly","Ghostly+1","Sunder+1","Seek","Glacier","Ball Lightning+1"],"special_seed":0,"relics":["Cracked Core","NeowsBlessing","Strawberry","Mercury Hourglass","Tiny House","Necronomicon","WingedGreaves","Shovel","Tiny Chest","Bottled Lightning","Art of War","Potion Belt","White Beast Statue","MawBank","Blood Vial","Shuriken","Lee\u0027s Waffle","FossilizedHelix","PreservedInsect"],"potions_floor_usage":[50,50,50,50,50,50,50],"damage_taken":[{"damage":0.0,"enemies":"2 Louse","floor":1.0,"turns":1.0},{"damage":0.0,"enemies":"Cultist","floor":3.0,"turns":1.0},{"damage":0.0,"enemies":"Jaw Worm","floor":4.0,"turns":1.0},{"damage":32.0,"enemies":"3 Sentries","floor":7.0,"turns":5.0},{"damage":8.0,"enemies":"Exordium Thugs","floor":8.0,"turns":5.0},{"damage":0.0,"enemies":"Exordium Wildlife","floor":11.0,"turns":3.0},{"damage":10.0,"enemies":"2 Fungi Beasts","floor":13.0,"turns":3.0},{"damage":13.0,"enemies":"Large Slime","floor":14.0,"turns":5.0},{"damage":58.0,"enemies":"Hexaghost","floor":16.0,"turns":9.0},{"damage":12.0,"enemies":"Spheric Guardian","floor":18.0,"turns":4.0},{"damage":13.0,"enemies":"3 Byrds","floor":22.0,"turns":4.0},{"damage":0.0,"enemies":"Snecko","floor":29.0,"turns":5.0},{"damage":3.0,"enemies":"3 Cultists","floor":31.0,"turns":5.0},{"damage":31.0,"enemies":"Champ","floor":33.0,"turns":10.0},{"damage":9.0,"enemies":"Orb Walker","floor":35.0,"turns":4.0},{"damage":1.0,"enemies":"3 Shapes","floor":37.0,"turns":3.0},{"damage":3.0,"enemies":"Jaw Worm Horde","floor":38.0,"turns":6.0},{"damage":8.0,"enemies":"Transient","floor":39.0,"turns":5.0},{"damage":36,"enemies":"Donu and Deca","floor":50,"turns":11}],"seed_played":"5134560808783444890","potions_obtained":[{"floor":3.0,"key":"LiquidBronze"},{"floor":4.0,"key":"PowerPotion"},{"floor":11.0,"key":"PowerPotion"},{"floor":14.0,"key":"Regen Potion"},{"floor":16.0,"key":"Explosive Potion"},{"floor":22.0,"key":"Fire Potion"},{"floor":33.0,"key":"EntropicBrew"},{"floor":35.0,"key":"Explosive Potion"},{"floor":37.0,"key":"LiquidBronze"},{"floor":38.0,"key":"EntropicBrew"},{"floor":39.0,"key":"SteroidPotion"}],"is_trial":false,"path_per_floor":["M","?","M","M","?","R","E","M","T","R","M","R","M","M","R","B",null,"M","?","?","$","M","R","?","R","T","T","$","M","R","M","R","B",null,"M","?","M","M","M","R","T","R","T","R","$","R","$","T","R","B",null],"character_chosen":"DEFECT","items_purchased":["WingedGreaves","Lee\u0027s Waffle"],"campfire_rested":7,"item_purchase_floors":[21,45],"current_hp_per_floor":[64,64,64,64,43,43,18,10,10,33,33,56,46,33,56,13,67,55,34,34,34,21,33,33,33,33,33,33,33,33,30,41,10,33,24,24,23,20,12,24,24,36,36,36,48,48,48,48,48,12],"gold":97,"neow_bonus":"THREE_ENEMY_KILL","is_prod":false,"is_daily":false,"chose_seed":false,"campfire_upgraded":2,"win_rate":0,"timestamp":1564160887,"path_taken":["M","?","M","?","?","R","E","M","T","R","M","R","M","M","R","BOSS","M","?","?","$","M","R","?","R","T","?","$","M","R","M","R","BOSS","M","?","M","M","M","R","?","R","T","R","$","R","$","?","R","BOSS"],"build_version":"2019-07-17","purchased_purges":1,"victory":true,"max_hp_per_floor":[71,71,71,71,71,71,78,78,78,78,78,78,78,78,78,78,83,83,83,41,41,41,41,41,41,41,41,41,41,41,41,41,41,41,41,41,41,41,41,41,41,41,41,41,48,48,48,48,48,48],"card_choices":[{"not_picked":["Gash","Leap"],"picked":"Ball Lightning","floor":1.0},{"not_picked":["Streamline","Compile Driver","Turbo"],"picked":"SKIP","floor":3.0},{"not_picked":["Beam Cell","Auto Shields"],"picked":"Loop","floor":4.0},{"not_picked":["Capacitor","Leap"],"picked":"Auto Shields","floor":7.0},{"not_picked":["Stack","Reprogram","Sweeping Beam"],"picked":"SKIP","floor":8.0},{"not_picked":["Turbo","Chaos","Leap"],"picked":"SKIP","floor":11.0},{"not_picked":["Heatsinks","Amplify","Stack"],"picked":"SKIP","floor":13.0},{"not_picked":["Tempest","Chaos"],"picked":"Consume","floor":14.0},{"not_picked":["Machine Learning","Fission"],"picked":"Creative AI","floor":16.0},{"not_picked":["Sweeping Beam","Streamline"],"picked":"Chill","floor":17.0},{"not_picked":["Streamline","Steam"],"picked":"Ball Lightning","floor":18.0},{"not_picked":["Stack","Heatsinks"],"picked":"Sunder+1","floor":22.0},{"not_picked":["Skim","Loop","Coolheaded"],"picked":"SKIP","floor":29.0},{"not_picked":["Loop","Barrage","Ball Lightning"],"picked":"SKIP","floor":31.0},{"not_picked":["Hyperbeam","Meteor Strike"],"picked":"Seek","floor":33.0},{"not_picked":["Barrage+1","Steam Power"],"picked":"Glacier","floor":35.0},{"not_picked":["Rip and Tear","Stack","Rebound"],"picked":"SKIP","floor":37.0},{"not_picked":["Gash","FTL","Rip and Tear+1"],"picked":"SKIP","floor":38.0},{"not_picked":["Reprogram","Go for the Eyes"],"picked":"Ball Lightning+1","floor":39.0}],"player_experience":372999,"relics_obtained":[{"floor":7.0,"key":"Strawberry"},{"floor":9.0,"key":"Mercury Hourglass"},{"floor":19.0,"key":"Necronomicon"},{"floor":25.0,"key":"Tiny Chest"},{"floor":26.0,"key":"Bottled Lightning"},{"floor":27.0,"key":"Art of War"},{"floor":30.0,"key":"Potion Belt"},{"floor":41.0,"key":"MawBank"},{"floor":43.0,"key":"Blood Vial"},{"floor":44.0,"key":"Shuriken"},{"floor":46.0,"key":"FossilizedHelix"},{"floor":48.0,"key":"PreservedInsect"}],"event_choices":[{"cards_removed":["Strike_B"],"damage_healed":0.0,"max_hp_gain":0.0,"max_hp_loss":0.0,"gold_gain":0.0,"event_name":"Bonfire Elementals","player_choice":"Offered Basic","floor":2.0,"gold_loss":0.0,"damage_taken":0.0},{"damage_healed":0.0,"max_hp_gain":0.0,"max_hp_loss":0.0,"gold_gain":0.0,"event_name":"Shining Light","player_choice":"Entered Light","floor":5.0,"gold_loss":0.0,"damage_taken":21.0,"cards_upgraded":["Defend_B","Strike_B"]},{"damage_healed":0.0,"max_hp_gain":0.0,"max_hp_loss":0.0,"gold_gain":0.0,"event_name":"Cursed Tome","player_choice":"Obtained Book","floor":19.0,"gold_loss":0.0,"damage_taken":21.0},{"damage_healed":0.0,"max_hp_gain":0.0,"max_hp_loss":42.0,"gold_gain":0.0,"event_name":"Ghosts","player_choice":"Became a Ghost","floor":20.0,"gold_loss":0.0,"damage_taken":0.0,"cards_obtained":["Ghostly","Ghostly","Ghostly"]},{"damage_healed":0.0,"max_hp_gain":0.0,"max_hp_loss":0.0,"gold_gain":0.0,"event_name":"Addict","player_choice":"Obtained Relic","floor":24.0,"gold_loss":85.0,"damage_taken":0.0,"relics_obtained":["Shovel"]},{"damage_healed":0.0,"max_hp_gain":0.0,"max_hp_loss":0.0,"gold_gain":0.0,"event_name":"SensoryStone","player_choice":"Memory 1","floor":36.0,"gold_loss":0.0,"damage_taken":0.0}],"is_beta":false,"boss_relics":[{"not_picked":["Orrery","Ectoplasm"],"picked":"Tiny House"},{"not_picked":["Empty Cage","Eternal Feather"],"picked":"White Beast Statue"}],"items_purged_floors":[45],"is_endless":false,"potions_floor_spawned":[3,4,11,14,16,18,22,33,35,37,38,39],"ascension_level":15}