{"gold_per_floor":[112,123,198,215,215,215,140,140,140,156,7,32,44,64,64,64],"floor_reached":16,"playtime":691,"items_purged":["Strike_R","Strike_R"],"score":128,"play_id":"d68484cb-7972-4abd-af17-5dc9ebeca601","local_time":"20190601111048","is_ascension_mode":true,"campfire_choices":[{"data":"Sentinel","floor":6,"key":"SMITH"},{"data":"Seeing Red","floor":8,"key":"SMITH"},{"data":"Berserk","floor":15,"key":"SMITH"}],"neow_cost":"NONE","seed_source_timestamp":669286509189865,"circlet_count":0,"master_deck":["Strike_R","Strike_R","Defend_R","Defend_R","Defend_R","Defend_R","Bash","Thunderclap","Seeing Red+1","Sentinel+1","Berserk+1","Cleave","Clothesline","Pommel Strike","Shrug It Off"],"relics":["Burning Blood","Anchor","Pantograph","Dream Catcher"],"potions_floor_usage":[12,12,13],"damage_taken":[{"damage":6,"enemies":"Cultist","floor":1,"turns":3},{"damage":3,"enemies":"Small Slimes","floor":2,"turns":3},{"damage":0,"enemies":"Jaw Worm","floor":4,"turns":3},{"damage":17,"enemies":"2 Fungi Beasts","floor":10,"turns":5},{"damage":33,"enemies":"Gremlin Nob","floor":12,"turns":4},{"damage":7,"enemies":"Large Slime","floor":13,"turns":6},{"damage":19,"enemies":"Exordium Thugs","floor":14,"turns":4},{"damage":53,"enemies":"Hexaghost","floor":16,"turns":14}],"seed_played":"-3615091031338007234","potions_obtained":[{"floor":10,"key":"AttackPotion"},{"floor":12,"key":"SteroidPotion"},{"floor":13,"key":"SteroidPotion"}],"is_trial":false,"path_per_floor":["M","M","?","M","?","R","$","R","T","M","$","E","M","M","R","B"],"character_chosen":"IRONCLAD","items_purchased":["AttackPotion"],"campfire_rested":0,"item_purchase_floors":[11],"current_hp_per_floor":[80,80,69,75,75,75,75,75,75,64,64,37,36,23,23,0],"gold":64,"neow_bonus":"RANDOM_COMMON_RELIC","is_prod":false,"is_daily":false,"chose_seed":false,"campfire_upgraded":3,"win_rate":0,"timestamp":1559405448,"path_taken":["M","M","?","M","?","R","?","R","T","M","$","E","M","M","R","BOSS"],"build_version":"2019-01-23","purchased_purges":2,"victory":false,"max_hp_per_floor":[80,80,80,80,80,80,80,80,80,80,80,80,80,80,80,80],"card_choices":[{"not_picked":["Wild Strike","Body Slam"],"picked":"Thunderclap","floor":1},{"not_picked":["Headbutt","Blood for Blood"],"picked":"Seeing Red","floor":2},{"not_picked":["Battle Trance","Uppercut"],"picked":"Sentinel","floor":4},{"not_picked":["Carnage","Dual Wield"],"picked":"Cleave","floor":10},{"not_picked":["Iron Wave","Dark Embrace"],"picked":"Clothesline","floor":12},{"not_picked":["Body Slam","Armaments"],"picked":"Pommel Strike","floor":13},{"not_picked":["Rage","True Grit"],"picked":"Shrug It Off","floor":14}],"player_experience":246374,"relics_obtained":[{"floor":9,"key":"Pantograph"},{"floor":12,"key":"Dream Catcher"}],"event_choices":[{"damage_healed":0,"gold_gain":75,"player_choice":"Gather Gold","damage_taken":11,"max_hp_gain":0,"max_hp_loss":0,"event_name":"World of Goop","floor":3,"gold_loss":0},{"damage_healed":0,"gold_gain":0,"cards_transformed":["Strike_R"],"player_choice":"Change","damage_taken":0,"max_hp_gain":0,"max_hp_loss":0,"event_name":"Living Wall","floor":5,"gold_loss":0,"cards_obtained":["Berserk"]}],"is_beta":false,"boss_relics":[],"items_purged_floors":[7,11],"is_endless":false,"potions_floor_spawned":[10,12,13],"killed_by":"Hexaghost","ascension_level":5}