{"gold_per_floor":[115,130,130,150,150,150,177,177,177,177,191,201,216,236,236,338,338,351,331,82,102,121,121,140,173,173,173,173,173,173,193,193,289,289,299,399,419,432,56,56,75,106,118,130,90,90,90,90,90,90],"floor_reached":51,"playtime":2128,"items_purged":[],"score":884,"play_id":"522a532e-10b6-4883-93b1-7aa590cea9c8","local_time":"20190804203553","is_ascension_mode":true,"campfire_choices":[{"data":"Bash","floor":6.0,"key":"SMITH"},{"data":"Bludgeon","floor":8.0,"key":"SMITH"},{"data":"Shrug It Off","floor":10.0,"key":"SMITH"},{"floor":15.0,"key":"REST"},{"data":"Searing Blow","floor":23.0,"key":"SMITH"},{"data":"Searing Blow+1","floor":27.0,"key":"SMITH"},{"floor":32.0,"key":"REST"},{"floor":40,"key":"REST"},{"data":"Demon Form","floor":46,"key":"SMITH"},{"floor":49,"key":"REST"}],"neow_cost":"NONE","seed_source_timestamp":1121888726276400,"circlet_count":0,"master_deck":["Strike_R","Strike_R","Strike_R","Strike_R","Strike_R","Defend_R","Defend_R","Defend_R","Defend_R","Bash+1","Dropkick","Shrug It Off+1","Bludgeon+1","Metallicize","Thunderclap","Searing Blow+2","Feed","Dropkick","Decay","Demon Form+1","Dual Wield+1","Intimidate","Spot Weakness+1","Madness","Madness","Discovery"],"special_seed":0,"relics":["Black Blood","Bronze Scales","Pantograph","Pear","Busted Crown","Self Forming Clay","Ancient Tea Set","PreservedInsect","MutagenicStrength","Torii","Tiny Chest","Toy Ornithopter","MawBank","Meat on the Bone"],"potions_floor_usage":[38,38,41,42,42,50],"damage_taken":[{"damage":5.0,"enemies":"2 Louse","floor":1.0,"turns":2.0},{"damage":6.0,"enemies":"Cultist","floor":2.0,"turns":3.0},{"damage":5.0,"enemies":"Small Slimes","floor":4.0,"turns":3.0},{"damage":27.0,"enemies":"Lagavulin","floor":7.0,"turns":5.0},{"damage":6.0,"enemies":"Gremlin Gang","floor":11.0,"turns":3.0},{"damage":4.0,"enemies":"Exordium Wildlife","floor":12.0,"turns":6.0},{"damage":19.0,"enemies":"Large Slime","floor":13.0,"turns":5.0},{"damage":19.0,"enemies":"2 Fungi Beasts","floor":14.0,"turns":3.0},{"damage":34.0,"enemies":"The Guardian","floor":16.0,"turns":12.0},{"damage":8.0,"enemies":"3 Byrds","floor":18.0,"turns":3.0},{"damage":16.0,"enemies":"2 Thieves","floor":21.0,"turns":4.0},{"damage":14.0,"enemies":"3 Cultists","floor":22.0,"turns":5.0},{"damage":5.0,"enemies":"Chosen and Byrds","floor":24.0,"turns":3.0},{"damage":42.0,"enemies":"Gremlin Leader","floor":25.0,"turns":4.0},{"damage":24.0,"enemies":"Shelled Parasite and Fungi","floor":31.0,"turns":4.0},{"damage":76.0,"enemies":"Champ","floor":33.0,"turns":9.0},{"damage":48.0,"enemies":"3 Darklings","floor":35.0,"turns":4.0},{"damage":21.0,"enemies":"Mind Bloom Boss Battle","floor":36.0,"turns":6.0},{"damage":32.0,"enemies":"Orb Walker","floor":37.0,"turns":5.0},{"damage":8,"enemies":"4 Shapes","floor":38,"turns":6},{"damage":27,"enemies":"Spire Growth","floor":41,"turns":5},{"damage":20,"enemies":"Reptomancer","floor":42,"turns":2},{"damage":108,"enemies":"Time Eater","floor":50,"turns":11}],"seed_played":"1539514069028135710","potions_obtained":[{"floor":1.0,"key":"Fire Potion"},{"floor":3.0,"key":"Fruit Juice"},{"floor":3.0,"key":"SneckoOil"},{"floor":3.0,"key":"Swift Potion"},{"floor":4.0,"key":"PowerPotion"},{"floor":12.0,"key":"GamblersBrew"},{"floor":13.0,"key":"Poison Potion"},{"floor":18.0,"key":"AttackPotion"},{"floor":19.0,"key":"BloodPotion"},{"floor":25.0,"key":"Block Potion"},{"floor":31.0,"key":"Poison Potion"},{"floor":33.0,"key":"SteroidPotion"},{"floor":37.0,"key":"Poison Potion"},{"floor":38,"key":"FearPotion"},{"floor":42,"key":"Fire Potion"}],"is_trial":false,"path_per_floor":["M","M","?","M","$","R","E","R","T","R","M","M","M","M","R","B",null,"M","?","$","M","M","R","M","E","T","R","?","?","?","M","R","B",null,"M","?","M","M","$","R","M","E","T","?","$","R","?","?","R","B",null],"character_chosen":"IRONCLAD","items_purchased":["Self Forming Clay","Tiny Chest","Toy Ornithopter","PowerPotion","SkillPotion"],"campfire_rested":4,"item_purchase_floors":[20,39,39,39,45],"current_hp_per_floor":[80,80,85,85,85,85,64,64,74,74,74,76,63,50,78,67,88,89,89,89,101,93,93,94,58,58,58,58,58,58,40,70,25,82,44,61,39,44,44,76,64,64,64,51,51,51,51,51,83,26],"gold":90,"neow_bonus":"RANDOM_COMMON_RELIC","is_prod":false,"is_daily":false,"chose_seed":false,"campfire_upgraded":6,"win_rate":0,"timestamp":1564943753,"path_taken":["M","M","?","M","$","R","E","R","T","R","M","M","?","M","R","BOSS","M","?","$","M","?","R","M","E","T","R","?","?","?","M","R","BOSS","M","?","M","M","$","R","M","E","T","?","$","R","?","?","R","BOSS"],"build_version":"2019-07-17","purchased_purges":0,"victory":true,"max_hp_per_floor":[80,80,85,85,85,85,85,85,95,95,95,95,95,95,95,95,95,98,98,98,101,101,101,101,101,101,101,101,101,101,101,101,101,101,101,104,104,107,107,107,107,107,107,107,107,107,107,107,107,107],"card_choices":[{"not_picked":["Evolve","Flex"],"picked":"Dropkick","floor":1.0},{"not_picked":["Corruption","Perfected Strike","Flame Barrier"],"picked":"SKIP","floor":2.0},{"not_picked":["Spot Weakness","Thunderclap"],"picked":"Shrug It Off","floor":4.0},{"not_picked":["Headbutt","Burning Pact"],"picked":"Bludgeon","floor":7.0},{"not_picked":["Inflame","Havoc"],"picked":"Metallicize","floor":11.0},{"not_picked":["Perfected Strike","Infernal Blade","Combust"],"picked":"SKIP","floor":12.0},{"not_picked":["Twin Strike","Flame Barrier"],"picked":"Thunderclap","floor":13.0},{"not_picked":["Combust","Battle Trance"],"picked":"Searing Blow","floor":14.0},{"not_picked":["Impervious","Reaper"],"picked":"Feed","floor":16.0},{"not_picked":["Havoc"],"picked":"SKIP","floor":18.0},{"not_picked":["Whirlwind"],"picked":"SKIP","floor":21.0},{"not_picked":["Flex"],"picked":"SKIP","floor":22.0},{"not_picked":["Entrench+1"],"picked":"SKIP","floor":24.0},{"not_picked":[],"picked":"Dropkick","floor":25.0},{"not_picked":["Wild Strike"],"picked":"SKIP","floor":31.0},{"not_picked":[],"picked":"Demon Form","floor":33.0},{"not_picked":["Searing Blow+1"],"picked":"SKIP","floor":35.0},{"not_picked":[],"picked":"Dual Wield+1","floor":36.0},{"not_picked":[],"picked":"Intimidate","floor":37.0},{"not_picked":["Sword Boomerang+1"],"picked":"SKIP","floor":38},{"not_picked":["Spot Weakness+1"],"picked":"SKIP","floor":41},{"not_picked":[],"picked":"Spot Weakness+1","floor":41},{"not_picked":["Evolve"],"picked":"SKIP","floor":42},{"not_picked":[],"picked":"Discovery","floor":47}],"player_experience":423679,"relics_obtained":[{"floor":7.0,"key":"Pantograph"},{"floor":9.0,"key":"Pear"},{"floor":25.0,"key":"Ancient Tea Set"},{"floor":26.0,"key":"PreservedInsect"},{"floor":36.0,"key":"Torii"},{"floor":42,"key":"MawBank"},{"floor":43,"key":"Meat on the Bone"}],"event_choices":[{"damage_healed":0.0,"max_hp_gain":0.0,"max_hp_loss":0.0,"gold_gain":0.0,"event_name":"Lab","player_choice":"Got Potions","floor":3.0,"gold_loss":0.0,"damage_taken":0.0},{"damage_healed":0.0,"max_hp_gain":0.0,"max_hp_loss":0.0,"gold_gain":0.0,"event_name":"The Woman in Blue","player_choice":"Bought 1 Potion","floor":19.0,"gold_loss":0.0,"damage_taken":0.0},{"damage_healed":0.0,"max_hp_gain":0.0,"max_hp_loss":0.0,"gold_gain":0.0,"event_name":"Ghosts","player_choice":"Ignored","floor":28.0,"gold_loss":0.0,"damage_taken":0.0},{"damage_healed":0.0,"max_hp_gain":0.0,"max_hp_loss":0.0,"gold_gain":0.0,"event_name":"Drug Dealer","player_choice":"Inject Mutagens","floor":29.0,"gold_loss":0.0,"damage_taken":0.0,"relics_obtained":["MutagenicStrength"]},{"damage_healed":0.0,"max_hp_gain":0.0,"max_hp_loss":0.0,"gold_gain":0.0,"event_name":"Forgotten Altar","player_choice":"Smashed Altar","floor":30.0,"gold_loss":0.0,"damage_taken":0.0,"cards_obtained":["Decay"]},{"damage_healed":0.0,"max_hp_gain":0.0,"max_hp_loss":0.0,"gold_gain":0.0,"event_name":"MindBloom","player_choice":"Fight","floor":36.0,"gold_loss":0.0,"damage_taken":0.0},{"damage_healed":0,"gold_gain":0,"player_choice":"Embrace Madness","damage_taken":13,"max_hp_gain":0,"max_hp_loss":0,"event_name":"Winding Halls","floor":44,"gold_loss":0,"cards_obtained":["Madness","Madness"]},{"damage_healed":0,"gold_gain":0,"player_choice":"Memory 1","damage_taken":0,"max_hp_gain":0,"max_hp_loss":0,"event_name":"SensoryStone","floor":47,"gold_loss":0},{"damage_healed":0,"gold_gain":0,"player_choice":"Ignored","damage_taken":0,"max_hp_gain":0,"max_hp_loss":0,"event_name":"Mysterious Sphere","floor":48,"gold_loss":0}],"is_beta":false,"boss_relics":[{"not_picked":["Orrery","Philosopher\u0027s Stone"],"picked":"Busted Crown"},{"not_picked":["Snecko Eye","Black Star"],"picked":"Black Blood"}],"items_purged_floors":[],"is_endless":false,"potions_floor_spawned":[1,4,12,13,18,25,31,33,37,38,42],"ascension_level":5}