{"gold_per_floor":[368,368,381,381,30,63,63,13,13,24,24,41,41,56,56,155,155,175,100],"floor_reached":19,"playtime":1423,"items_purged":["Strike_B","Strike_B"],"score":251,"play_id":"a58b1c99-ad75-4fda-8006-558fe212141a","local_time":"20190628043031","is_ascension_mode":true,"campfire_choices":[{"floor":7,"key":"REST"},{"data":"Chaos","floor":11,"key":"SMITH"},{"floor":15,"key":"REST"}],"neow_cost":"PERCENT_DAMAGE","seed_source_timestamp":1365557227207600,"circlet_count":0,"master_deck":["AscendersBane","Strike_B","Defend_B","Defend_B","Defend_B","Zap","Dualcast","Turbo","White Noise","Conserve Battery+1","Sweeping Beam","Chaos+1","White Noise","BootSequence","Biased Cognition","Capacitor","Compile Driver","Capacitor","Lockon","Conserve Battery"],"relics":["Cracked Core","Membership Card","Bag of Marbles","The Courier","Orrery"],"potions_floor_usage":[6,6,12],"damage_taken":[{"damage":0,"enemies":"Jaw Worm","floor":1,"turns":5},{"damage":3,"enemies":"Small Slimes","floor":3,"turns":4},{"damage":50,"enemies":"Gremlin Nob","floor":6,"turns":5},{"damage":0,"enemies":"Cultist","floor":10,"turns":3},{"damage":7,"enemies":"Exordium Thugs","floor":12,"turns":4},{"damage":13,"enemies":"Blue Slaver","floor":14,"turns":4},{"damage":13,"enemies":"The Guardian","floor":16,"turns":13},{"damage":32,"enemies":"Shell Parasite","floor":18,"turns":6},{"damage":30,"enemies":"2 Thieves","floor":19,"turns":3}],"seed_played":"-7983507956474080413","potions_obtained":[{"floor":6,"key":"Swift Potion"},{"floor":12,"key":"AttackPotion"},{"floor":14,"key":"FearPotion"},{"floor":16,"key":"Fire Potion"}],"is_trial":false,"path_per_floor":["M","?","M","?","$","E","R","$","T","M","R","M","?","M","R","B",null,"M","M"],"character_chosen":"DEFECT","items_purchased":["Membership Card","Conserve Battery","Sweeping Beam","Strength Potion","Regen Potion"],"campfire_rested":2,"item_purchase_floors":[5,5,5,5,5],"current_hp_per_floor":[50,50,47,40,40,4,26,26,26,26,26,19,19,6,28,15,60,28,0],"gold":100,"neow_bonus":"TWO_FIFTY_GOLD","is_prod":false,"is_daily":false,"chose_seed":false,"campfire_upgraded":1,"win_rate":0,"timestamp":1561717831,"path_taken":["M","?","M","?","$","E","R","$","T","M","R","M","?","M","R","BOSS","M","M"],"build_version":"2019-06-24","purchased_purges":2,"victory":false,"max_hp_per_floor":[75,75,75,75,75,75,75,75,75,75,75,75,75,75,75,75,75,75,75],"card_choices":[{"not_picked":["Reprogram","Stack"],"picked":"Turbo","floor":1},{"not_picked":["Chill","Turbo"],"picked":"White Noise","floor":3},{"not_picked":["Steam","Cold Snap","Chaos"],"picked":"SKIP","floor":6},{"not_picked":["Steam","Cold Snap"],"picked":"Chaos","floor":6},{"not_picked":["Gash","Hello World"],"picked":"White Noise","floor":10},{"not_picked":["Rebound","Gash","Barrage"],"picked":"SKIP","floor":12},{"not_picked":["Leap","Hologram"],"picked":"BootSequence","floor":14},{"not_picked":["Thunder Strike","Meteor Strike"],"picked":"Biased Cognition","floor":16},{"not_picked":["Barrage","Cold Snap"],"picked":"Capacitor","floor":17},{"not_picked":["Beam Cell","Go for the Eyes"],"picked":"Compile Driver","floor":17},{"not_picked":["Hyperbeam","Scrape"],"picked":"Capacitor","floor":17},{"not_picked":["Barrage","Hologram"],"picked":"Lockon","floor":17},{"not_picked":["Rebound","Redo"],"picked":"Conserve Battery","floor":18}],"player_experience":348716,"relics_obtained":[{"floor":6,"key":"Bag of Marbles"},{"floor":9,"key":"The Courier"}],"event_choices":[{"cards_removed":["Strike_B"],"damage_healed":0,"gold_gain":0,"player_choice":"Forget","damage_taken":0,"max_hp_gain":0,"max_hp_loss":0,"event_name":"Living Wall","floor":2,"gold_loss":0},{"cards_removed":["Defend_B"],"damage_healed":0,"gold_gain":0,"player_choice":"Card Removal","damage_taken":7,"max_hp_gain":0,"max_hp_loss":0,"event_name":"Golden Wing","floor":4,"gold_loss":0},{"damage_healed":0,"gold_gain":0,"player_choice":"Upgraded","damage_taken":0,"max_hp_gain":0,"max_hp_loss":0,"event_name":"Upgrade Shrine","floor":13,"gold_loss":0,"cards_upgraded":["Conserve Battery"]}],"is_beta":true,"boss_relics":[{"not_picked":["Pandora\u0027s Box","Black Star"],"picked":"Orrery"}],"items_purged_floors":[5,8],"is_endless":false,"potions_floor_spawned":[6,12,14,16,18],"killed_by":"2 Thieves","ascension_level":10}