{"gold_per_floor":[112,37,53,53,53,65,65,81,81,81,81,97,61,81,81,178,178,190,210,280,180,180,180,196,196,274,291,291,311,311,324,324,324],"floor_reached":33,"playtime":906,"items_purged":["Strike_R","Regret"],"score":239,"play_id":"0d6d9fb4-b253-4163-9c30-f5ec57d99b5c","local_time":"20190729014116","is_ascension_mode":false,"campfire_choices":[{"data":"Whirlwind","floor":7.0,"key":"SMITH"},{"data":"Flex","floor":11,"key":"SMITH"},{"data":"Inflame","floor":15,"key":"SMITH"},{"data":"Limit Break","floor":23,"key":"SMITH"},{"data":"Bash","floor":25,"key":"SMITH"},{"floor":28,"key":"REST"},{"floor":30,"key":"REST"},{"data":"Flex","floor":32,"key":"SMITH"}],"neow_cost":"NONE","seed_source_timestamp":8761319836247,"circlet_count":0,"master_deck":["Strike_R+1","Strike_R+1","Strike_R+1","Strike_R+1","Defend_R+1","Defend_R+1","Defend_R+1","Defend_R+1","Bash+1","Whirlwind+1","Writhe","Flex+1","Flex+1","Inflame+1","Limit Break+1","Havoc+1","Shame","Shame","Thunderclap+1","Clothesline+1","Blood for Blood+1"],"special_seed":0,"relics":["Cursed Key","PreservedInsect","FaceOfCleric","Art of War","Snecko Eye","Ornamental Fan","Molten Egg 2"],"potions_floor_usage":[14,16,31],"damage_taken":[{"damage":0.0,"enemies":"Cultist","floor":1.0,"turns":3.0},{"damage":0.0,"enemies":"Small Slimes","floor":3.0,"turns":2.0},{"damage":3.0,"enemies":"Jaw Worm","floor":6.0,"turns":3.0},{"damage":3,"enemies":"Lots of Slimes","floor":8,"turns":2},{"damage":11,"enemies":"Blue Slaver","floor":12,"turns":3},{"damage":10,"enemies":"Looter","floor":14,"turns":2},{"damage":27,"enemies":"The Guardian","floor":16,"turns":7},{"damage":18,"enemies":"Shell Parasite","floor":18,"turns":4},{"damage":7,"enemies":"Spheric Guardian","floor":19,"turns":3},{"damage":0,"enemies":"Centurion and Healer","floor":24,"turns":4},{"damage":30,"enemies":"Shelled Parasite and Fungi","floor":27,"turns":4},{"damage":10,"enemies":"Chosen and Byrds","floor":29,"turns":2},{"damage":2,"enemies":"Centurion and Healer","floor":31,"turns":5},{"damage":83,"enemies":"Automaton","floor":33,"turns":6}],"seed_played":"-4640251984476784703","potions_obtained":[{"floor":3.0,"key":"AttackPotion"},{"floor":12,"key":"Ancient Potion"},{"floor":24,"key":"SkillPotion"},{"floor":29,"key":"Weak Potion"},{"floor":31,"key":"Regen Potion"}],"is_trial":false,"path_per_floor":["M","$","M","T","?","M","R","M","T","$","R","M","$","M","R","B",null,"M","M","T","$","?","R","M","R","T","M","R","M","R","M","R","B"],"character_chosen":"IRONCLAD","items_purchased":["Inflame"],"campfire_rested":2,"item_purchase_floors":[13],"current_hp_per_floor":[80,80,80,80,80,78,78,76,76,76,76,66,66,57,57,31,85,68,62,62,62,62,62,63,63,63,34,60,51,78,77,77,0],"gold":324,"neow_bonus":"BOSS_RELIC","is_prod":false,"is_daily":false,"chose_seed":false,"campfire_upgraded":6,"win_rate":0,"timestamp":1564386076,"path_taken":["M","$","?","?","?","M","R","?","T","$","R","M","$","M","R","BOSS","M","M","?","$","?","R","M","R","T","M","R","M","R","M","R","BOSS"],"build_version":"2019-07-17","purchased_purges":2,"victory":false,"max_hp_per_floor":[80,80,80,80,80,81,81,82,82,82,82,83,83,84,84,85,85,86,87,87,87,87,87,88,88,88,89,89,90,90,91,91,91],"card_choices":[{"not_picked":["Shrug It Off","Disarm"],"picked":"Whirlwind","floor":1.0},{"not_picked":["Body Slam","Pommel Strike","Havoc"],"picked":"SKIP","floor":3.0},{"not_picked":["Headbutt","Thunderclap"],"picked":"Flex","floor":6.0},{"not_picked":["Heavy Blade","Iron Wave"],"picked":"Flex","floor":8},{"not_picked":["Cleave","Pummel","Sword Boomerang"],"picked":"SKIP","floor":12},{"not_picked":["Twin Strike","Armaments","Impervious"],"picked":"SKIP","floor":14},{"not_picked":["Double Tap","Feed"],"picked":"Limit Break","floor":16},{"not_picked":["Intimidate","Clash","Sentinel+1"],"picked":"SKIP","floor":18},{"not_picked":["Rupture","Wild Strike"],"picked":"Havoc+1","floor":19},{"not_picked":["True Grit","Sword Boomerang+1","Cleave"],"picked":"SKIP","floor":24},{"not_picked":["Entrench+1","Sword Boomerang+1"],"picked":"Thunderclap+1","floor":27},{"not_picked":["Searing Blow+1","Anger+1"],"picked":"Clothesline+1","floor":29},{"not_picked":["Shrug It Off","Headbutt+1"],"picked":"Blood for Blood+1","floor":31}],"player_experience":1589047,"relics_obtained":[{"floor":4.0,"key":"PreservedInsect"},{"floor":9,"key":"Art of War"},{"floor":20,"key":"Ornamental Fan"},{"floor":26,"key":"Molten Egg 2"}],"event_choices":[{"damage_healed":0.0,"max_hp_gain":0.0,"max_hp_loss":0.0,"gold_gain":0.0,"event_name":"FaceTrader","player_choice":"Trade","floor":5.0,"gold_loss":0.0,"damage_taken":0.0,"relics_obtained":["FaceOfCleric"]},{"damage_healed":0,"gold_gain":0,"player_choice":"Simplicity","damage_taken":0,"max_hp_gain":0,"max_hp_loss":0,"event_name":"Back to Basics","floor":22,"gold_loss":0,"cards_upgraded":["Strike_R","Strike_R","Strike_R","Strike_R","Defend_R","Defend_R","Defend_R","Defend_R"]}],"is_beta":false,"boss_relics":[{"not_picked":["Philosopher\u0027s Stone","Mark of Pain"],"picked":"Snecko Eye"}],"items_purged_floors":[2,21],"is_endless":false,"potions_floor_spawned":[3,12,24,29,31],"killed_by":"Automaton","ascension_level":0}