{"gold_per_floor":[109,129,146,20,20,50,50,62,88,88,122,152,175,207,219,231],"floor_reached":16,"playtime":739,"items_purged":["Clumsy"],"score":143,"play_id":"a0c4bb91-ac9a-4883-99c7-09b909f1b019","local_time":"20190527193055","is_ascension_mode":true,"campfire_choices":[{"data":"Searing Blow","floor":7,"key":"SMITH"},{"data":"Searing Blow+1","floor":10,"key":"SMITH"},{"data":"Searing Blow+2","floor":15,"key":"SMITH"}],"neow_cost":"CURSE","seed_source_timestamp":267238488885736,"circlet_count":0,"master_deck":["Strike_R","Strike_R","Strike_R","Strike_R","Strike_R+1","Defend_R+1","Defend_R","Defend_R","Defend_R","Bash","Searing Blow+3","Whirlwind","Body Slam","Headbutt","Armaments","Feed","Armaments","Headbutt","Pommel Strike"],"relics":["Burning Blood","Torii","Dream Catcher","Red Skull","MawBank"],"potions_floor_usage":[6,6,14,16,16],"damage_taken":[{"damage":7,"enemies":"2 Louse","floor":1,"turns":4},{"damage":12,"enemies":"Small Slimes","floor":2,"turns":4},{"damage":14,"enemies":"Jaw Worm","floor":3,"turns":3},{"damage":28,"enemies":"Gremlin Nob","floor":6,"turns":4},{"damage":0,"enemies":"3 Louse","floor":8,"turns":1},{"damage":2,"enemies":"3 Sentries","floor":11,"turns":4},{"damage":7,"enemies":"2 Fungi Beasts","floor":12,"turns":3},{"damage":0,"enemies":"Exordium Wildlife","floor":13,"turns":2},{"damage":15,"enemies":"Exordium Thugs","floor":14,"turns":3},{"damage":47,"enemies":"The Guardian","floor":16,"turns":11}],"seed_played":"1279452516315413906","potions_obtained":[{"floor":2,"key":"GamblersBrew"},{"floor":3,"key":"AttackPotion"},{"floor":8,"key":"Fruit Juice"},{"floor":11,"key":"Ancient Potion"},{"floor":14,"key":"Weak Potion"}],"is_trial":false,"path_per_floor":["M","M","M","$","?","E","R","M","T","R","E","M","M","M","R","B"],"character_chosen":"IRONCLAD","items_purchased":["Strength Potion"],"campfire_rested":0,"item_purchase_floors":[4],"current_hp_per_floor":[79,73,65,65,49,27,27,33,33,33,37,39,48,47,47,0],"gold":231,"neow_bonus":"ONE_RARE_RELIC","is_prod":false,"is_daily":false,"chose_seed":false,"campfire_upgraded":3,"win_rate":0,"timestamp":1559003455,"path_taken":["M","M","M","$","?","E","R","M","T","R","E","M","M","M","R","BOSS"],"build_version":"2019-01-23","purchased_purges":1,"victory":false,"max_hp_per_floor":[80,80,80,80,80,80,80,80,80,80,80,83,86,94,94,94],"card_choices":[{"not_picked":["Flex","Intimidate"],"picked":"Searing Blow","floor":1},{"not_picked":["Iron Wave","Metallicize"],"picked":"Whirlwind","floor":2},{"not_picked":["Entrench","Reckless Charge"],"picked":"Body Slam","floor":3},{"not_picked":["Whirlwind","True Grit"],"picked":"Headbutt","floor":6},{"not_picked":["Flex","Thunderclap"],"picked":"Armaments","floor":8},{"not_picked":["Iron Wave","Thunderclap"],"picked":"Feed","floor":11},{"not_picked":["Heavy Blade","Bloodletting"],"picked":"Armaments","floor":12},{"not_picked":["Sword Boomerang","Heavy Blade"],"picked":"Headbutt","floor":13},{"not_picked":["Anger","True Grit"],"picked":"Pommel Strike","floor":14}],"player_experience":218432,"relics_obtained":[{"floor":6,"key":"Dream Catcher"},{"floor":9,"key":"Red Skull"},{"floor":11,"key":"MawBank"}],"event_choices":[{"damage_healed":0,"gold_gain":0,"player_choice":"Entered Light","damage_taken":16,"max_hp_gain":0,"max_hp_loss":0,"event_name":"Shining Light","floor":5,"gold_loss":0,"cards_upgraded":["Strike_R","Defend_R"]}],"is_beta":false,"boss_relics":[],"items_purged_floors":[4],"is_endless":false,"potions_floor_spawned":[2,3,8,11,14],"killed_by":"The Guardian","ascension_level":5}