{"gold_per_floor":[112,125,139,214,225,254,254,268,268,295,314,314,314,328,328,433,433,444,24,44,57,57,84,96,96,119,119,132,146,146,71,71,172,172,188,206,206,219,219,219,244,244,244,254,264,274,292,303,303,303],"floor_reached":50,"playtime":6123,"items_purged":["Defend_G"],"score":537,"play_id":"454ddb0b-cfe0-4c26-9374-b18676d59886","local_time":"20190719224927","is_ascension_mode":false,"campfire_choices":[{"floor":7.0,"key":"REST"},{"floor":12,"key":"REST"},{"data":"Caltrops","floor":15,"key":"SMITH"},{"floor":25,"key":"REST"},{"floor":32,"key":"REST"},{"floor":40,"key":"REST"},{"floor":42,"key":"REST"},{"floor":49,"key":"REST"}],"neow_cost":"NONE","seed_source_timestamp":0,"circlet_count":0,"master_deck":["Strike_G","Strike_G","Strike_G","Strike_G","Strike_G+1","Defend_G","Defend_G","Defend_G","Defend_G","Survivor","Neutralize+1","Deflect","Backflip","Dash","Infinite Blades","Catalyst","Deadly Poison","Tactician","Prepared","Caltrops+1","Adrenaline+1","Predator+1","Metamorphosis","Dagger Throw+1","All Out Attack+1","Decay","Escape Plan","Reflex","Calculated Gamble","Bane","Glass Knife","Well Laid Plans+1","Dagger Spray+1","Parasite","Endless Agony+1","Skewer+1","Doppelganger","Deflect+1","Infinite Blades","Footwork","Poisoned Stab+1"],"special_seed":0,"relics":["Ring of the Snake","Letter Opener","Mercury Hourglass","Ornamental Fan","White Beast Statue","Vajra","Ninja Scroll","Whetstone","MutagenicStrength","Philosopher\u0027s Stone","Pantograph","FossilizedHelix"],"potions_floor_usage":[16,18,23,23,28,28,29,33,36,38,41,41,41,46,50,50,50],"damage_taken":[{"damage":0.0,"enemies":"Small Slimes","floor":1.0,"turns":4.0},{"damage":0.0,"enemies":"2 Louse","floor":2.0,"turns":3.0},{"damage":4.0,"enemies":"Cultist","floor":3.0,"turns":5.0},{"damage":4.0,"enemies":"Looter","floor":5.0,"turns":4.0},{"damage":26.0,"enemies":"3 Sentries","floor":6.0,"turns":11.0},{"damage":0.0,"enemies":"2 Fungi Beasts","floor":8.0,"turns":5.0},{"damage":21,"enemies":"Lagavulin","floor":10,"turns":7},{"damage":2,"enemies":"Exordium Thugs","floor":11,"turns":5},{"damage":0,"enemies":"Lots of Slimes","floor":14,"turns":2},{"damage":24,"enemies":"Hexaghost","floor":16,"turns":7},{"damage":7,"enemies":"Spheric Guardian","floor":18,"turns":6},{"damage":0,"enemies":"3 Byrds","floor":20,"turns":3},{"damage":10,"enemies":"Sentry and Sphere","floor":21,"turns":4},{"damage":32,"enemies":"Gremlin Leader","floor":23,"turns":6},{"damage":2,"enemies":"Cultist and Chosen","floor":24,"turns":4},{"damage":0,"enemies":"Snake Plant","floor":28,"turns":2},{"damage":0,"enemies":"Centurion and Healer","floor":29,"turns":3},{"damage":31,"enemies":"Automaton","floor":33,"turns":10},{"damage":8,"enemies":"3 Darklings","floor":35,"turns":3},{"damage":0,"enemies":"Orb Walker","floor":36,"turns":2},{"damage":6,"enemies":"Writhing Mass","floor":38,"turns":5},{"damage":49,"enemies":"Giant Head","floor":41,"turns":8},{"damage":0,"enemies":"Sphere and 2 Shapes","floor":44,"turns":3},{"damage":0,"enemies":"4 Shapes","floor":45,"turns":3},{"damage":0,"enemies":"3 Darklings","floor":46,"turns":2},{"damage":0,"enemies":"Jaw Worm Horde","floor":47,"turns":3},{"damage":0,"enemies":"4 Shapes","floor":48,"turns":4},{"damage":92,"enemies":"Time Eater","floor":50,"turns":7}],"seed_played":"-659510560732879458","potions_obtained":[{"floor":5.0,"key":"Fruit Juice"},{"floor":10,"key":"Dexterity Potion"},{"floor":11,"key":"GamblersBrew"},{"floor":13,"key":"PowerPotion"},{"floor":16,"key":"Ancient Potion"},{"floor":18,"key":"PowerPotion"},{"floor":20,"key":"Explosive Potion"},{"floor":21,"key":"Block Potion"},{"floor":23,"key":"SpeedPotion"},{"floor":24,"key":"Fire Potion"},{"floor":28,"key":"PowerPotion"},{"floor":29,"key":"SteroidPotion"},{"floor":33,"key":"Block Potion"},{"floor":35,"key":"GhostInAJar"},{"floor":36,"key":"GamblersBrew"},{"floor":38,"key":"Block Potion"},{"floor":41,"key":"SpeedPotion"},{"floor":44,"key":"Swift Potion"},{"floor":45,"key":"GamblersBrew"},{"floor":46,"key":"Poison Potion"},{"floor":47,"key":"LiquidBronze"}],"is_trial":false,"path_per_floor":["M","M","M","?","M","E","R","M","T","E","M","R","?","M","R","B",null,"M","$","M","M","?","E","M","R","T","?","M","M","?","$","R","B",null,"M","M","?","M","?","R","E","R","T","M","M","M","M","M","R","B"],"character_chosen":"THE_SILENT","items_purchased":["Metamorphosis","Vajra","GhostInAJar"],"campfire_rested":7,"item_purchase_floors":[19,19,31],"current_hp_per_floor":[77,77,73,62,58,37,61,61,61,40,38,62,62,62,62,38,82,75,75,75,65,65,33,31,55,55,55,55,55,55,55,79,48,82,74,74,74,68,68,82,33,57,57,57,57,57,57,57,81,0],"gold":303,"neow_bonus":"TEN_PERCENT_HP_BONUS","is_prod":false,"is_daily":false,"chose_seed":false,"campfire_upgraded":1,"win_rate":0.0,"timestamp":1563590967,"path_taken":["M","M","M","?","M","E","R","M","T","E","M","R","?","M","R","BOSS","M","$","M","M","?","E","M","R","T","?","M","M","?","$","R","BOSS","M","M","?","M","?","R","E","R","T","M","M","M","M","?","R","BOSS"],"build_version":"2019-07-17","purchased_purges":1,"victory":false,"max_hp_per_floor":[77,77,77,77,77,82,82,82,82,82,82,82,82,82,82,82,82,82,82,82,82,82,82,82,82,82,82,82,82,82,82,82,82,82,82,82,82,82,82,82,82,82,82,82,82,82,82,82,82,82],"card_choices":[{"not_picked":["Blade Dance","Dagger Spray"],"picked":"Deflect","floor":1.0},{"not_picked":["Sucker Punch","Poisoned Stab"],"picked":"Backflip","floor":2.0},{"not_picked":["Backstab","Dagger Spray"],"picked":"Dash","floor":3.0},{"not_picked":["Poisoned Stab","Outmaneuver"],"picked":"Infinite Blades","floor":5.0},{"not_picked":["Crippling Poison","Deadly Poison"],"picked":"Catalyst","floor":6.0},{"not_picked":["Dash","Choke"],"picked":"Deadly Poison","floor":8},{"not_picked":["Deflect","Backstab"],"picked":"Tactician","floor":10},{"not_picked":["Blade Dance","Deflect"],"picked":"Prepared","floor":11},{"not_picked":["Sucker Punch","Riddle With Holes"],"picked":"Caltrops","floor":14},{"not_picked":["After Image","Venomology"],"picked":"Adrenaline","floor":16},{"not_picked":["Acrobatics+1","Slice"],"picked":"Predator+1","floor":18},{"not_picked":["Quick Slash","Eviscerate"],"picked":"Dagger Throw+1","floor":20},{"not_picked":["Outmaneuver","Backflip+1"],"picked":"All Out Attack+1","floor":21},{"not_picked":["Expertise+1","Poisoned Stab"],"picked":"Escape Plan","floor":23},{"not_picked":["Outmaneuver","Acrobatics+1"],"picked":"Reflex","floor":24},{"not_picked":["Heel Hook","Dagger Spray+1"],"picked":"Calculated Gamble","floor":28},{"not_picked":["Dagger Spray","Sucker Punch+1"],"picked":"Bane","floor":29},{"not_picked":["Bullet Time","Venomology"],"picked":"Glass Knife","floor":33},{"not_picked":["Quick Slash","Acrobatics+1"],"picked":"Well Laid Plans+1","floor":35},{"not_picked":["Dodge and Roll+1","Dagger Throw"],"picked":"Dagger Spray+1","floor":36},{"not_picked":["PiercingWail+1","Blade Dance+1"],"picked":"Endless Agony+1","floor":38},{"not_picked":["Terror+1","Endless Agony+1"],"picked":"Skewer+1","floor":41},{"not_picked":["Leg Sweep+1","Flying Knee"],"picked":"Doppelganger","floor":44},{"not_picked":["Slice","Well Laid Plans"],"picked":"Deflect+1","floor":45},{"not_picked":["Heel Hook+1","PiercingWail"],"picked":"Infinite Blades","floor":46},{"not_picked":["Choke","Flying Knee+1"],"picked":"Footwork","floor":47},{"not_picked":["PiercingWail","Wraith Form v2"],"picked":"Poisoned Stab+1","floor":48}],"player_experience":66083,"relics_obtained":[{"floor":6.0,"key":"Letter Opener"},{"floor":9,"key":"Mercury Hourglass"},{"floor":10,"key":"Ornamental Fan"},{"floor":23,"key":"Ninja Scroll"},{"floor":26,"key":"Whetstone"},{"floor":41,"key":"Pantograph"},{"floor":43,"key":"FossilizedHelix"}],"event_choices":[{"damage_healed":0.0,"max_hp_gain":0.0,"max_hp_loss":0.0,"gold_gain":75.0,"event_name":"World of Goop","player_choice":"Gather Gold","floor":4.0,"gold_loss":0.0,"damage_taken":11.0},{"damage_healed":0,"gold_gain":0,"player_choice":"Got Potions","damage_taken":0,"max_hp_gain":0,"max_hp_loss":0,"event_name":"Lab","floor":13,"gold_loss":0},{"damage_healed":0,"gold_gain":0,"player_choice":"Smashed Altar","damage_taken":0,"max_hp_gain":0,"max_hp_loss":0,"event_name":"Forgotten Altar","floor":22,"gold_loss":0,"cards_obtained":["Decay"]},{"damage_healed":0,"gold_gain":0,"player_choice":"Inject Mutagens","damage_taken":0,"relics_obtained":["MutagenicStrength"],"max_hp_gain":0,"max_hp_loss":0,"event_name":"Drug Dealer","floor":27,"gold_loss":0},{"damage_healed":0,"gold_gain":0,"player_choice":"Upgraded","damage_taken":0,"max_hp_gain":0,"max_hp_loss":0,"event_name":"Upgrade Shrine","floor":30,"gold_loss":0,"cards_upgraded":["Adrenaline"]},{"damage_healed":0,"gold_gain":0,"player_choice":"Ignored","damage_taken":0,"max_hp_gain":0,"max_hp_loss":0,"event_name":"Mysterious Sphere","floor":37,"gold_loss":0},{"damage_healed":0,"gold_gain":0,"player_choice":"Ignored","damage_taken":0,"max_hp_gain":0,"max_hp_loss":0,"event_name":"NoteForYourself","floor":39,"gold_loss":0}],"is_beta":false,"boss_relics":[{"not_picked":["HoveringKite","Runic Dome"],"picked":"White Beast Statue"},{"not_picked":["Empty Cage","Tiny House"],"picked":"Philosopher\u0027s Stone"}],"items_purged_floors":[19],"is_endless":false,"potions_floor_spawned":[5,10,11,14,16,18,20,21,23,24,28,29,33,35,36,38,41,44,45,46,47,48],"killed_by":"Time Eater","ascension_level":0}