{"gold_per_floor":[112,112,124,138,1,1,1,33,33,45,61,81,81,106,106,206,206,206,146,146,146,3,3,3,3,3,3],"floor_reached":27,"playtime":1726,"items_purged":["Strike_R"],"score":295,"play_id":"83a650e8-0a5f-49a5-a134-3a7a2104908e","local_time":"20190520204557","is_ascension_mode":true,"campfire_choices":[{"data":"Shockwave","floor":6,"key":"SMITH"},{"floor":13,"key":"REST"},{"data":"Sword Boomerang","floor":15,"key":"SMITH"},{"data":"Limit Break","floor":23,"key":"SMITH"}],"neow_cost":"NONE","seed_source_timestamp":400050465244959,"circlet_count":0,"master_deck":["Strike_R","Defend_R","Defend_R","Defend_R","Defend_R","Bash+1","Shrug It Off","Pommel Strike","Burning Pact","Shockwave+1","Exhume","Feed","Cleave","Dropkick","Sword Boomerang+1","Headbutt","Limit Break+1","Flex","Inflame","Shrug It Off+1","Feel No Pain","Inflame","Clothesline"],"relics":["Burning Blood","Pantograph","Letter Opener","Ectoplasm","Mummified Hand","MawBank"],"potions_floor_usage":[14,21,25,25,27],"damage_taken":[{"damage":7,"enemies":"Jaw Worm","floor":1,"turns":4},{"damage":6,"enemies":"Cultist","floor":3,"turns":3},{"damage":8,"enemies":"Small Slimes","floor":4,"turns":4},{"damage":42,"enemies":"3 Sentries","floor":8,"turns":11},{"damage":28,"enemies":"Exordium Thugs","floor":10,"turns":7},{"damage":4,"enemies":"Lots of Slimes","floor":11,"turns":2},{"damage":12,"enemies":"3 Louse","floor":12,"turns":3},{"damage":10,"enemies":"Gremlin Nob","floor":14,"turns":3},{"damage":44,"enemies":"The Guardian","floor":16,"turns":12},{"damage":29,"enemies":"Chosen","floor":18,"turns":7},{"damage":15,"enemies":"2 Thieves","floor":19,"turns":4},{"damage":49,"enemies":"Sentry and Sphere","floor":20,"turns":6},{"damage":15,"enemies":"Centurion and Healer","floor":21,"turns":6},{"damage":21,"enemies":"Gremlin Leader","floor":25,"turns":5},{"damage":21,"enemies":"Slavers","floor":27,"turns":3}],"seed_played":"-1997916387705429654","potions_obtained":[{"floor":8,"key":"SteroidPotion"},{"floor":10,"key":"Strength Potion"},{"floor":11,"key":"SteroidPotion"},{"floor":20,"key":"BloodPotion"},{"floor":25,"key":"Swift Potion"}],"is_trial":false,"path_per_floor":["M","?","M","M","$","R","?","E","T","M","M","M","R","E","R","B",null,"M","M","M","M","$","R","?","E","T","E"],"character_chosen":"IRONCLAD","items_purchased":["Exhume","Inflame"],"campfire_rested":1,"item_purchase_floors":[5,22],"current_hp_per_floor":[79,79,79,77,77,77,77,41,41,22,27,24,50,46,46,36,92,72,66,26,33,33,33,33,18,18,0],"gold":3,"neow_bonus":"TRANSFORM_CARD","is_prod":false,"is_daily":false,"chose_seed":false,"campfire_upgraded":3,"win_rate":0,"timestamp":1558403157,"path_taken":["M","?","M","?","$","R","?","E","T","M","?","M","R","E","R","BOSS","M","M","M","M","$","R","?","E","T","E"],"build_version":"2019-01-23","purchased_purges":1,"victory":false,"max_hp_per_floor":[80,80,80,80,80,80,80,80,80,83,86,89,89,89,89,92,92,95,98,101,107,107,107,107,107,107,107],"card_choices":[{"not_picked":["Body Slam","Wild Strike"],"picked":"Pommel Strike","floor":1},{"not_picked":["Twin Strike","Headbutt"],"picked":"Burning Pact","floor":3},{"not_picked":["Shrug It Off","Warcry"],"picked":"Shockwave","floor":4},{"not_picked":["Battle Trance","Evolve"],"picked":"Feed","floor":8},{"not_picked":["Uppercut","Iron Wave"],"picked":"Cleave","floor":10},{"not_picked":["Flame Barrier","Body Slam"],"picked":"Dropkick","floor":11},{"not_picked":["Cleave","Clash"],"picked":"Sword Boomerang","floor":12},{"not_picked":["Havoc","Wild Strike"],"picked":"Headbutt","floor":14},{"not_picked":["Reaper","Dark Embrace"],"picked":"Limit Break","floor":16},{"not_picked":["Thunderclap","Uppercut"],"picked":"Flex","floor":18},{"not_picked":["Body Slam+1","Corruption"],"picked":"Inflame","floor":19},{"not_picked":["Sword Boomerang+1","Sentinel"],"picked":"Shrug It Off+1","floor":20},{"not_picked":["Barricade","Twin Strike"],"picked":"Feel No Pain","floor":21},{"not_picked":["Perfected Strike+1","Reckless Charge"],"picked":"Clothesline","floor":25}],"player_experience":118569,"relics_obtained":[{"floor":8,"key":"Pantograph"},{"floor":14,"key":"Letter Opener"},{"floor":25,"key":"Mummified Hand"},{"floor":26,"key":"MawBank"}],"event_choices":[{"damage_healed":0,"gold_gain":0,"player_choice":"Upgraded","damage_taken":0,"max_hp_gain":0,"max_hp_loss":0,"event_name":"Upgrade Shrine","floor":2,"gold_loss":0,"cards_upgraded":["Bash"]},{"cards_removed":["Strike_R"],"damage_healed":0,"gold_gain":0,"player_choice":"Offered Basic","damage_taken":0,"max_hp_gain":0,"max_hp_loss":0,"event_name":"Bonfire Elementals","floor":7,"gold_loss":0},{"cards_removed":["Strike_R"],"damage_healed":0,"gold_gain":0,"player_choice":"Purged","damage_taken":0,"max_hp_gain":0,"max_hp_loss":0,"event_name":"Purifier","floor":24,"gold_loss":0}],"is_beta":false,"boss_relics":[{"not_picked":["Tiny House","Empty Cage"],"picked":"Ectoplasm"}],"items_purged_floors":[22],"is_endless":false,"potions_floor_spawned":[8,10,11,12,20,25],"killed_by":"Slavers","ascension_level":2}