{"gold_per_floor":[118,118,118,135,210,210,245,30,30,48,103,123,143,155,155,259,259,269,284,284,199,199,199,219,37,61,74,74,91,102,114,114,213,213,228,228,228],"floor_reached":37,"playtime":3568,"items_purged":[],"score":396,"play_id":"c486c243-6995-4eb9-a495-8bc5dafe2b5a","local_time":"20190804151620","is_ascension_mode":false,"campfire_choices":[{"data":"Cold Snap","floor":6,"key":"SMITH"},{"data":"Cold Snap","floor":15,"key":"SMITH"},{"data":"Creative AI","floor":23,"key":"SMITH"},{"floor":32,"key":"REST"}],"neow_cost":"NONE","seed_source_timestamp":695469278585100,"circlet_count":0,"master_deck":["Strike_B+1","Strike_B+1","Strike_B+1","Strike_B+1","Defend_B+1","Zap","Dualcast","Cold Snap+1","Conserve Battery","Coolheaded","Leap","Compile Driver","Streamline","Gash","Cold Snap+1","Gash","Creative AI+1","Barrage+1","Sweeping Beam","Cold Snap","Barrage","Heatsinks","Flash of Steel","Gash","Glacier","Rainbow","Gash","Amplify","Static Discharge+1","Fission+1","Melter+1","Self Repair"],"relics":["Cracked Core","Pen Nib","Ornamental Fan","Meat on the Bone","Toolbox","Unceasing Top","FossilizedHelix","Odd Mushroom","Sozu","MutagenicStrength","Darkstone Periapt","Oddly Smooth Stone","Astrolabe"],"potions_floor_usage":[],"damage_taken":[{"damage":0,"enemies":"Cultist","floor":1,"turns":3},{"damage":10,"enemies":"Small Slimes","floor":4,"turns":3},{"damage":26,"enemies":"Gremlin Nob","floor":7,"turns":5},{"damage":0,"enemies":"2 Louse","floor":10,"turns":3},{"damage":15,"enemies":"Gremlin Nob","floor":11,"turns":4},{"damage":0,"enemies":"Blue Slaver","floor":12,"turns":3},{"damage":13,"enemies":"The Mushroom Lair","floor":13,"turns":5},{"damage":0,"enemies":"Red Slaver","floor":14,"turns":2},{"damage":25,"enemies":"Hexaghost","floor":16,"turns":10},{"damage":12,"enemies":"Shell Parasite","floor":18,"turns":6},{"damage":0,"enemies":"Spheric Guardian","floor":19,"turns":3},{"damage":9,"enemies":"3 Cultists","floor":24,"turns":5},{"damage":7,"enemies":"Snake Plant","floor":27,"turns":4},{"damage":28,"enemies":"Centurion and Healer","floor":29,"turns":4},{"damage":0,"enemies":"Snecko","floor":30,"turns":5},{"damage":5,"enemies":"Chosen and Byrds","floor":31,"turns":4},{"damage":46,"enemies":"Collector","floor":33,"turns":11},{"damage":32,"enemies":"3 Darklings","floor":35,"turns":4},{"damage":52,"enemies":"Awakened One","floor":37,"turns":3}],"seed_played":"7457908920562030888","potions_obtained":[{"floor":1,"key":"Poison Potion"},{"floor":11,"key":"Swift Potion"},{"floor":13,"key":"EssenceOfSteel"}],"is_trial":false,"path_per_floor":["M","T","?","M","?","R","E","$","T","M","?","M","?","M","R","B",null,"M","M","?","?","?","R","M","$","T","M","?","M","M","M","R","B",null,"M","?","B"],"character_chosen":"DEFECT","items_purchased":["Toolbox","Leap","Barrage","Heatsinks","Flash of Steel"],"campfire_rested":1,"item_purchase_floors":[8,8,25,25,25],"current_hp_per_floor":[75,75,75,65,54,54,28,28,28,40,37,49,48,48,48,35,75,63,63,63,63,63,63,54,54,54,47,47,31,43,38,60,26,75,43,43,0],"gold":228,"neow_bonus":"RANDOM_COMMON_RELIC","is_prod":false,"is_daily":false,"chose_seed":false,"campfire_upgraded":3,"win_rate":0.0,"timestamp":1564946180,"path_taken":["M","?","?","M","?","R","E","?","T","?","?","M","?","M","R","BOSS","M","M","?","?","?","R","M","$","T","M","?","M","M","M","R","BOSS","M","?","BOSS"],"build_version":"2019-07-17","purchased_purges":0,"victory":false,"max_hp_per_floor":[75,75,75,75,75,75,75,75,75,75,75,75,75,75,75,75,75,75,75,75,75,75,75,75,75,75,75,75,75,75,75,75,75,75,75,75,75],"card_choices":[{"not_picked":["Scrape","Leap"],"picked":"Cold Snap","floor":1},{"not_picked":["Sweeping Beam","Double Energy"],"picked":"Conserve Battery","floor":4},{"not_picked":["Genetic Algorithm","Ball Lightning"],"picked":"Coolheaded","floor":7},{"not_picked":["Genetic Algorithm","Rebound"],"picked":"Compile Driver","floor":10},{"not_picked":["Go for the Eyes","Ball Lightning"],"picked":"Streamline","floor":11},{"not_picked":["Reinforced Body","Loop"],"picked":"Gash","floor":12},{"not_picked":["Self Repair","Hologram"],"picked":"Cold Snap","floor":13},{"not_picked":["Conserve Battery","Self Repair"],"picked":"Gash","floor":14},{"not_picked":["All For One","Buffer"],"picked":"Creative AI","floor":16},{"not_picked":["Self Repair","Conserve Battery"],"picked":"Barrage+1","floor":18},{"not_picked":["Streamline","Compile Driver"],"picked":"Sweeping Beam","floor":19},{"not_picked":["Rebound+1","Static Discharge"],"picked":"Cold Snap","floor":24},{"not_picked":["Conserve Battery","Cold Snap"],"picked":"Gash","floor":27},{"not_picked":["Cold Snap","Stack"],"picked":"Glacier","floor":29},{"not_picked":["Hologram+1","Stack"],"picked":"Rainbow","floor":30},{"not_picked":["Ball Lightning+1","Compile Driver"],"picked":"Gash","floor":31},{"not_picked":["Reboot","Multi-Cast"],"picked":"Amplify","floor":33},{"not_picked":["Storm+1","Lockon"],"picked":"Self Repair","floor":35}],"player_experience":21339,"relics_obtained":[{"floor":2,"key":"Ornamental Fan"},{"floor":7,"key":"Meat on the Bone"},{"floor":9,"key":"Unceasing Top"},{"floor":11,"key":"FossilizedHelix"},{"floor":13,"key":"Odd Mushroom"},{"floor":26,"key":"Oddly Smooth Stone"}],"event_choices":[{"damage_healed":0,"gold_gain":0,"player_choice":"Leave","damage_taken":0,"max_hp_gain":0,"max_hp_loss":0,"event_name":"The Cleric","floor":3,"gold_loss":0},{"damage_healed":0,"gold_gain":75,"player_choice":"Gather Gold","damage_taken":11,"max_hp_gain":0,"max_hp_loss":0,"event_name":"World of Goop","floor":5,"gold_loss":0},{"damage_healed":0,"gold_gain":0,"player_choice":"Searched \u00271\u0027 times","damage_taken":0,"max_hp_gain":0,"max_hp_loss":0,"event_name":"Dead Adventurer","floor":11,"gold_loss":0},{"damage_healed":0,"gold_gain":0,"player_choice":"Fought Mushrooms","damage_taken":0,"max_hp_gain":0,"max_hp_loss":0,"event_name":"Mushrooms","floor":13,"gold_loss":0},{"damage_healed":0,"gold_gain":0,"player_choice":"Inject Mutagens","damage_taken":0,"relics_obtained":["MutagenicStrength"],"max_hp_gain":0,"max_hp_loss":0,"event_name":"Drug Dealer","floor":20,"gold_loss":0},{"damage_healed":0,"gold_gain":0,"player_choice":"Obtained Relic","damage_taken":0,"relics_obtained":["Darkstone Periapt"],"max_hp_gain":0,"max_hp_loss":0,"event_name":"Addict","floor":21,"gold_loss":85},{"damage_healed":0,"gold_gain":0,"player_choice":"Simplicity","damage_taken":0,"max_hp_gain":0,"max_hp_loss":0,"event_name":"Back to Basics","floor":22,"gold_loss":0,"cards_upgraded":["Strike_B","Strike_B","Strike_B","Strike_B","Defend_B","Defend_B","Defend_B","Defend_B"]},{"damage_healed":0,"gold_gain":0,"player_choice":"Ignored","damage_taken":0,"max_hp_gain":0,"max_hp_loss":0,"event_name":"Ghosts","floor":28,"gold_loss":0},{"damage_healed":0,"gold_gain":0,"player_choice":"Took Portal","damage_taken":0,"max_hp_gain":0,"max_hp_loss":0,"event_name":"SecretPortal","floor":36,"gold_loss":0}],"is_beta":false,"boss_relics":[{"not_picked":["Inserter","White Beast Statue"],"picked":"Sozu"},{"not_picked":["Orrery","Cursed Key"],"picked":"Astrolabe"}],"items_purged_floors":[],"is_endless":false,"potions_floor_spawned":[1,11,13,16,19,30,31,33,35],"killed_by":"Awakened One","ascension_level":0}