{"gold_per_floor":[118,129,142,317,24,24,24,24,51,51,70,70],"floor_reached":12,"playtime":387,"items_purged":[],"score":85,"play_id":"fa27426b-8dc3-4062-aa7b-d224521e0259","local_time":"20190601184220","is_ascension_mode":true,"campfire_choices":[{"data":"Feed","floor":6,"key":"SMITH"},{"data":"Flame Barrier","floor":8,"key":"SMITH"},{"data":"Bash","floor":10,"key":"SMITH"}],"neow_cost":"NONE","seed_source_timestamp":696681510672535,"circlet_count":0,"master_deck":["Strike_R","Strike_R","Strike_R","Strike_R","Strike_R","Defend_R","Defend_R","Defend_R","Defend_R","Bash+1","Feed+1","Heavy Blade","True Grit","Flame Barrier+1","Doubt","Decay","Disarm"],"relics":["Burning Blood","Champion Belt","Centennial Puzzle"],"potions_floor_usage":[12],"damage_taken":[{"damage":14,"enemies":"Small Slimes","floor":1,"turns":4},{"damage":16,"enemies":"2 Louse","floor":2,"turns":2},{"damage":6,"enemies":"Cultist","floor":3,"turns":3},{"damage":25,"enemies":"Large Slime","floor":11,"turns":9},{"damage":51,"enemies":"Exordium Thugs","floor":12,"turns":8}],"seed_played":"9203496746101729190","potions_obtained":[{"floor":3,"key":"Energy Potion"}],"is_trial":false,"path_per_floor":["M","M","M","?","$","R","?","R","T","R","M","M"],"character_chosen":"IRONCLAD","items_purchased":["Champion Belt"],"campfire_rested":0,"item_purchase_floors":[5],"current_hp_per_floor":[75,65,68,68,68,68,68,68,68,68,49,0],"gold":70,"neow_bonus":"ONE_RANDOM_RARE_CARD","is_prod":false,"is_daily":false,"chose_seed":false,"campfire_upgraded":3,"win_rate":0,"timestamp":1559432540,"path_taken":["M","M","M","?","$","R","?","R","T","R","?","M"],"build_version":"2019-01-23","purchased_purges":0,"victory":false,"max_hp_per_floor":[83,83,86,86,86,86,86,86,86,86,86,86],"card_choices":[{"not_picked":["Clothesline","Armaments"],"picked":"Heavy Blade","floor":1},{"not_picked":["Second Wind","Havoc"],"picked":"True Grit","floor":2},{"not_picked":["Warcry","Bloodletting"],"picked":"Flame Barrier","floor":3},{"not_picked":["True Grit","Clothesline"],"picked":"Disarm","floor":11}],"player_experience":248808,"relics_obtained":[{"floor":9,"key":"Centennial Puzzle"}],"event_choices":[{"damage_healed":0,"gold_gain":175,"player_choice":"AGREE","damage_taken":0,"max_hp_gain":0,"max_hp_loss":0,"event_name":"Liars Game","floor":4,"gold_loss":0,"cards_obtained":["Doubt"]},{"damage_healed":0,"gold_gain":0,"player_choice":"Cursed","damage_taken":0,"max_hp_gain":0,"max_hp_loss":0,"event_name":"Wheel of Change","floor":7,"gold_loss":0,"cards_obtained":["Decay"]}],"is_beta":false,"boss_relics":[],"items_purged_floors":[],"is_endless":false,"potions_floor_spawned":[3],"killed_by":"Exordium Thugs","ascension_level":5}