{"gold_per_floor":[110,110,110,9,25,25,68,68,92,123,63,104,34,34,34,164,164,183,183,183,183,198,232,232,232,232,232,271,294,330,330,330,450,450,463,463,463,796,843,843,943,351,376,402,430,16,26,26,26,26],"floor_reached":51,"playtime":3684,"items_purged":["Strike_R","Dark Embrace","Normality"],"score":934,"play_id":"da186327-d721-4c83-b0f4-3edf455a67f0","local_time":"20190801125606","is_ascension_mode":true,"campfire_choices":[{"data":"Twin Strike","floor":6.0,"key":"SMITH"},{"data":"Thunderclap","floor":8.0,"key":"SMITH"},{"data":"Feel No Pain","floor":15.0,"key":"SMITH"},{"data":"Pummel","floor":24.0,"key":"SMITH"},{"data":"Bite","floor":27.0,"key":"SMITH"},{"data":"Bite","floor":32.0,"key":"SMITH"},{"data":"Demon Form","floor":40.0,"key":"SMITH"},{"data":"Dropkick","floor":49,"key":"SMITH"}],"neow_cost":"CURSE","seed_source_timestamp":1868200052317900,"circlet_count":0,"master_deck":["Bash+1","Feel No Pain+1","Twin Strike+1","Thunderclap+1","Pummel+1","Shrug It Off+1","Limit Break+1","Headbutt","Bite+1","Bite+1","Bite","Bite","Bite","Warcry+1","Power Through+1","Metallicize+1","Shrug It Off+1","Demon Form+1","Inflame+1","Shrug It Off+1","Warcry+1","Dropkick+1","Writhe","Shrug It Off+1","Shrug It Off+1","Limit Break+1"],"special_seed":0,"relics":["Burning Blood","Champion Belt","Orichalcum","Oddly Smooth Stone","Potion Belt","Toxic Egg 2","Juzu Bracelet","Regal Pillow","Empty Cage","Enchiridion","Sundial","Paper Frog","Bottled Flame","Happy Flower","Cursed Key","Spirit Poop","Bird Faced Urn","Pocketwatch","Lantern","Bottled Tornado","Dream Catcher","Red Skull","Ornamental Fan","Vajra","Pen Nib"],"potions_floor_usage":[50,50,50],"damage_taken":[{"damage":7.0,"enemies":"Cultist","floor":1.0,"turns":5.0},{"damage":0.0,"enemies":"2 Louse","floor":5.0,"turns":4.0},{"damage":25.0,"enemies":"Lagavulin","floor":7.0,"turns":8.0},{"damage":10.0,"enemies":"3 Sentries","floor":10.0,"turns":4.0},{"damage":10.0,"enemies":"Lagavulin","floor":12.0,"turns":6.0},{"damage":18.0,"enemies":"Slime Boss","floor":16.0,"turns":9.0},{"damage":2.0,"enemies":"Chosen","floor":18.0,"turns":4.0},{"damage":9.0,"enemies":"3 Byrds","floor":22.0,"turns":4.0},{"damage":2.0,"enemies":"Gremlin Leader","floor":23.0,"turns":4.0},{"damage":25.0,"enemies":"Book of Stabbing","floor":28.0,"turns":4.0},{"damage":12.0,"enemies":"Centurion and Healer","floor":29.0,"turns":6.0},{"damage":29.0,"enemies":"Slavers","floor":30.0,"turns":6.0},{"damage":42.0,"enemies":"Collector","floor":33.0,"turns":10.0},{"damage":0.0,"enemies":"Orb Walker","floor":35.0,"turns":4.0},{"damage":14.0,"enemies":"2 Orb Walkers","floor":39.0,"turns":5.0},{"damage":4.0,"enemies":"Mind Bloom Boss Battle","floor":41.0,"turns":5.0},{"damage":14.0,"enemies":"Nemesis","floor":45.0,"turns":5.0},{"damage":12,"enemies":"3 Shapes","floor":47,"turns":4},{"damage":7,"enemies":"Donu and Deca","floor":50,"turns":5}],"seed_played":"-1460438217543144041","potions_obtained":[{"floor":7.0,"key":"Strength Potion"},{"floor":16.0,"key":"Dexterity Potion"},{"floor":23.0,"key":"Dexterity Potion"},{"floor":28.0,"key":"BloodPotion"},{"floor":29.0,"key":"Energy Potion"},{"floor":30.0,"key":"Poison Potion"},{"floor":41.0,"key":"EssenceOfSteel"},{"floor":45.0,"key":"Fruit Juice"}],"is_trial":false,"path_per_floor":["M","?","?","$","M","R","E","R","T","E","?","E","$","T","R","B",null,"M","?","?","?","M","E","R","?","T","R","E","M","E","?","R","B",null,"M","?","?","?","?","R","?","$","T","T","E","$","M","?","R","B",null],"character_chosen":"IRONCLAD","items_purchased":["Twin Strike","Spot Weakness+1","Lantern","Bottled Tornado","Warcry+1","Dropkick","Vajra","Pen Nib"],"campfire_rested":0,"item_purchase_floors":[4,13,42,42,42,42,46,46],"current_hp_per_floor":[79,59,59,59,65,65,46,46,46,42,42,38,38,38,38,26,80,80,56,40,40,47,56,56,56,56,56,45,54,42,42,42,40,56,56,56,56,56,53,53,56,56,56,56,61,61,61,61,61,61],"gold":26,"neow_bonus":"ONE_RARE_RELIC","is_prod":false,"is_daily":false,"chose_seed":false,"campfire_upgraded":8,"win_rate":1,"timestamp":1564685766,"path_taken":["M","?","?","$","?","R","E","R","T","E","?","E","?","?","R","BOSS","M","?","?","?","M","E","R","?","T","R","E","M","E","?","R","BOSS","M","?","?","?","?","R","?","$","T","?","E","$","M","?","R","BOSS"],"build_version":"2019-07-18","purchased_purges":3,"victory":true,"max_hp_per_floor":[80,80,80,80,80,80,80,80,80,80,80,80,80,80,80,80,80,80,56,56,56,56,56,56,56,56,56,56,56,56,56,56,56,56,56,56,56,56,56,56,56,56,56,56,61,61,61,61,61,61],"card_choices":[{"not_picked":["Dropkick","Fire Breathing"],"picked":"Feel No Pain","floor":1.0},{"not_picked":["Perfected Strike","Anger"],"picked":"Thunderclap","floor":5.0},{"not_picked":["Iron Wave","Armaments"],"picked":"Pummel","floor":7.0},{"not_picked":["Perfected Strike","Warcry","Thunderclap"],"picked":"SKIP","floor":10.0},{"not_picked":["Perfected Strike","Warcry","Thunderclap"],"picked":"SKIP","floor":10.0},{"not_picked":["Iron Wave","Rampage"],"picked":"Shrug It Off+1","floor":12.0},{"not_picked":["Barricade","Demon Form"],"picked":"Limit Break+1","floor":16.0},{"not_picked":["Anger+1","Cleave"],"picked":"Headbutt","floor":18.0},{"not_picked":["Cleave","Anger"],"picked":"Warcry+1","floor":22.0},{"not_picked":["Body Slam","Heavy Blade+1"],"picked":"Power Through+1","floor":23.0},{"not_picked":["Headbutt","Cleave"],"picked":"Dark Embrace","floor":28.0},{"not_picked":["Dropkick+1","Body Slam+1"],"picked":"Metallicize+1","floor":29.0},{"not_picked":["Body Slam","Brutality"],"picked":"Shrug It Off+1","floor":30.0},{"not_picked":["Juggernaut","Berserk"],"picked":"Demon Form","floor":33.0},{"not_picked":["Hemokinesis+1","Searing Blow"],"picked":"Inflame+1","floor":35.0},{"not_picked":["Ghostly Armor+1","Body Slam"],"picked":"Shrug It Off+1","floor":41.0},{"not_picked":["Twin Strike","Clash+1"],"picked":"Shrug It Off+1","floor":45.0},{"not_picked":["Pommel Strike+1","Body Slam+1"],"picked":"Shrug It Off+1","floor":47}],"player_experience":34906,"relics_obtained":[{"floor":7.0,"key":"Orichalcum"},{"floor":9.0,"key":"Oddly Smooth Stone"},{"floor":10.0,"key":"Potion Belt"},{"floor":12.0,"key":"Juzu Bracelet"},{"floor":14.0,"key":"Regal Pillow"},{"floor":20.0,"key":"Enchiridion"},{"floor":23.0,"key":"Sundial"},{"floor":26.0,"key":"Paper Frog"},{"floor":28.0,"key":"Bottled Flame"},{"floor":30.0,"key":"Happy Flower"},{"floor":39.0,"key":"Bird Faced Urn"},{"floor":41.0,"key":"Pocketwatch"},{"floor":43.0,"key":"Dream Catcher"},{"floor":44.0,"key":"Red Skull"},{"floor":45.0,"key":"Ornamental Fan"}],"event_choices":[{"damage_healed":0.0,"max_hp_gain":0.0,"max_hp_loss":0.0,"gold_gain":0.0,"event_name":"Golden Idol","player_choice":"Take Damage","floor":2.0,"gold_loss":0.0,"damage_taken":20.0,"relics_obtained":["Golden Idol"]},{"damage_healed":0.0,"max_hp_gain":0.0,"max_hp_loss":0.0,"gold_gain":0.0,"event_name":"Accursed Blacksmith","player_choice":"Forge","floor":3.0,"gold_loss":0.0,"damage_taken":0.0,"cards_upgraded":["Bash"]},{"damage_healed":0.0,"max_hp_gain":0.0,"max_hp_loss":0.0,"gold_gain":0.0,"event_name":"WeMeetAgain","player_choice":"Paid Gold","floor":11.0,"gold_loss":60.0,"damage_taken":0.0,"relics_obtained":["Toxic Egg 2"]},{"damage_healed":0.0,"max_hp_gain":0.0,"max_hp_loss":24.0,"gold_gain":0.0,"event_name":"Vampires","player_choice":"Became a vampire","floor":19.0,"gold_loss":0.0,"damage_taken":0.0,"cards_obtained":["Bite","Bite","Bite","Bite","Bite"]},{"damage_healed":0.0,"max_hp_gain":0.0,"max_hp_loss":0.0,"gold_gain":0.0,"event_name":"Cursed Tome","player_choice":"Obtained Book","floor":20.0,"gold_loss":0.0,"damage_taken":16.0},{"damage_healed":0.0,"max_hp_gain":0.0,"max_hp_loss":0.0,"gold_gain":0.0,"event_name":"Ghosts","player_choice":"Ignored","floor":21.0,"gold_loss":0.0,"damage_taken":0.0},{"cards_removed":["Defend_R"],"damage_healed":0.0,"max_hp_gain":0.0,"max_hp_loss":0.0,"gold_gain":0.0,"event_name":"Purifier","player_choice":"Purged","floor":25.0,"gold_loss":0.0,"damage_taken":0.0},{"cards_removed":["Defend_R"],"damage_healed":0.0,"max_hp_gain":0.0,"max_hp_loss":0.0,"gold_gain":0.0,"event_name":"Back to Basics","player_choice":"Elegance","floor":31.0,"gold_loss":0.0,"damage_taken":0.0},{"cards_removed":["Spot Weakness"],"damage_healed":0.0,"max_hp_gain":0.0,"max_hp_loss":0.0,"gold_gain":0.0,"event_name":"Falling","player_choice":"Removed Skill","floor":36.0,"gold_loss":0.0,"damage_taken":0.0},{"cards_removed":["Clumsy"],"damage_healed":0.0,"max_hp_gain":0.0,"max_hp_loss":0.0,"gold_gain":0.0,"event_name":"Bonfire Elementals","player_choice":"Offered Curse","floor":37.0,"gold_loss":0.0,"damage_taken":0.0,"relics_obtained":["Spirit Poop"]},{"damage_healed":0.0,"max_hp_gain":0.0,"max_hp_loss":0.0,"gold_gain":333.0,"event_name":"The Moai Head","player_choice":"Gave Idol","floor":38.0,"relics_lost":["Golden Idol"],"gold_loss":0.0,"damage_taken":0.0},{"damage_healed":0.0,"max_hp_gain":0.0,"max_hp_loss":0.0,"gold_gain":0.0,"event_name":"Mysterious Sphere","player_choice":"Fight","floor":39.0,"gold_loss":0.0,"damage_taken":0.0},{"damage_healed":0.0,"max_hp_gain":0.0,"max_hp_loss":0.0,"gold_gain":0.0,"event_name":"MindBloom","player_choice":"Fight","floor":41.0,"gold_loss":0.0,"damage_taken":0.0},{"damage_healed":0,"gold_gain":0,"player_choice":"Copied","damage_taken":0,"max_hp_gain":0,"max_hp_loss":0,"event_name":"Duplicator","floor":48,"gold_loss":0,"cards_obtained":["Limit Break"]}],"is_beta":true,"boss_relics":[{"not_picked":["Snecko Eye","Runic Pyramid"],"picked":"Empty Cage"},{"not_picked":["Runic Dome","Black Star"],"picked":"Cursed Key"}],"items_purged_floors":[4,42,46],"is_endless":false,"potions_floor_spawned":[7,16,23,28,29,30,41,45],"ascension_level":2}