{"gold_per_floor":[110,285,285,305,29,65,65,108,108,122,122,122,141,154,154,273,273,292,312,25,45,58,58,82,96,96,131,147,147,181,281,281,401,401,421,131,149,149,249,288,208,208,208,233,253,253,253,272,272,272],"floor_reached":50,"playtime":6297,"items_purged":["Doubt"],"score":674,"play_id":"5ac3b6d7-ba17-4078-9e6f-d1f68460c04d","local_time":"20190729225416","is_ascension_mode":false,"campfire_choices":[{"data":"All Out Attack","floor":7.0,"key":"SMITH"},{"data":"Calculated Gamble","floor":15.0,"key":"SMITH"},{"floor":23.0,"key":"REST"},{"floor":29.0,"key":"REST"},{"floor":32.0,"key":"REST"},{"floor":42.0,"key":"REST"},{"floor":47.0,"key":"REST"},{"data":"Adrenaline","floor":49,"key":"SMITH"}],"neow_cost":"NONE","seed_source_timestamp":0,"circlet_count":0,"master_deck":["Strike_G","Strike_G","Strike_G","Strike_G","Defend_G+1","Defend_G","Defend_G","Defend_G","Defend_G","Survivor","Neutralize","Footwork","Injury","Acrobatics","Footwork","Panache","All Out Attack+1","Calculated Gamble+1","Backflip","Prepared","Escape Plan","Unload","Flying Knee","Underhanded Strike","Apotheosis+1","Prepared","Slice","Distraction","Adrenaline+1","Underhanded Strike+1","Acrobatics","Tools of the Trade","Deflect","Choke","Adrenaline+1","Caltrops+1","Enlightenment","Well Laid Plans","Tactician","Predator+1","Infinite Blades","Skewer+1","Caltrops+1"],"special_seed":0,"relics":["Ring of the Snake","NeowsBlessing","Golden Idol","Dodecahedron","Oddly Smooth Stone","Bag of Preparation","NlothsMask","Sozu","Juzu Bracelet","War Paint","WristBlade","Anchor","Pocketwatch","Mercury Hourglass"],"potions_floor_usage":[],"damage_taken":[{"damage":0.0,"enemies":"Small Slimes","floor":1.0,"turns":1.0},{"damage":0.0,"enemies":"2 Louse","floor":4.0,"turns":1.0},{"damage":0.0,"enemies":"Gremlin Nob","floor":6.0,"turns":1.0},{"damage":0.0,"enemies":"3 Sentries","floor":8.0,"turns":5.0},{"damage":0.0,"enemies":"Jaw Worm","floor":10.0,"turns":3.0},{"damage":0.0,"enemies":"Looter","floor":13.0,"turns":3.0},{"damage":0.0,"enemies":"Large Slime","floor":14.0,"turns":7.0},{"damage":13.0,"enemies":"Slime Boss","floor":16.0,"turns":9.0},{"damage":6.0,"enemies":"Shell Parasite","floor":18.0,"turns":10.0},{"damage":11.0,"enemies":"2 Thieves","floor":19.0,"turns":4.0},{"damage":22.0,"enemies":"Shelled Parasite and Fungi","floor":21.0,"turns":4.0},{"damage":0.0,"enemies":"Snake Plant","floor":22.0,"turns":4.0},{"damage":23.0,"enemies":"Sentry and Sphere","floor":24.0,"turns":6.0},{"damage":16.0,"enemies":"Centurion and Healer","floor":25.0,"turns":5.0},{"damage":6.0,"enemies":"Gremlin Leader","floor":27.0,"turns":5.0},{"damage":11.0,"enemies":"Snecko","floor":28.0,"turns":7.0},{"damage":1.0,"enemies":"Slavers","floor":30.0,"turns":4.0},{"damage":0.0,"enemies":"Automaton","floor":33.0,"turns":8.0},{"damage":0.0,"enemies":"3 Darklings","floor":35.0,"turns":1.0},{"damage":0.0,"enemies":"3 Shapes","floor":37.0,"turns":2.0},{"damage":14.0,"enemies":"Reptomancer","floor":40.0,"turns":4.0},{"damage":18.0,"enemies":"3 Darklings","floor":44.0,"turns":3.0},{"damage":0.0,"enemies":"Transient","floor":45.0,"turns":5.0},{"damage":0.0,"enemies":"Maw","floor":48.0,"turns":5.0},{"damage":78,"enemies":"Awakened One","floor":50,"turns":10}],"seed_played":"-1086511255542692354","potions_obtained":[{"floor":1.0,"key":"Weak Potion"},{"floor":8.0,"key":"Ancient Potion"},{"floor":13.0,"key":"Swift Potion"},{"floor":16.0,"key":"EssenceOfSteel"}],"is_trial":false,"path_per_floor":["M","?","?","M","$","E","R","E","T","M","?","?","M","M","R","B",null,"M","M","$","M","M","R","M","M","T","E","M","R","E","?","R","B",null,"M","$","M","?","?","E","$","R","T","M","M","?","R","M","R","B"],"character_chosen":"THE_SILENT","items_purchased":["Footwork","Panache","Apotheosis","Prepared","Slice","Enlightenment","Anchor","Well Laid Plans","Infinite Blades"],"campfire_rested":5,"item_purchase_floors":[5,5,20,20,20,36,36,36,41],"current_hp_per_floor":[70,70,70,70,70,70,70,70,70,70,75,75,75,75,75,62,75,69,58,58,36,36,58,35,19,19,13,2,24,23,23,45,45,75,75,75,75,75,75,61,61,75,75,57,57,57,75,75,75,0],"gold":272,"neow_bonus":"THREE_ENEMY_KILL","is_prod":false,"is_daily":false,"chose_seed":false,"campfire_upgraded":3,"win_rate":0.0,"timestamp":1564455256,"path_taken":["M","?","?","M","?","E","R","E","T","M","?","?","M","M","R","BOSS","M","M","$","M","M","R","M","M","T","E","M","R","E","?","R","BOSS","M","$","M","?","?","E","?","R","T","M","M","?","R","M","R","BOSS"],"build_version":"2019-07-17","purchased_purges":1,"victory":false,"max_hp_per_floor":[70,70,70,70,70,70,70,70,70,70,75,75,75,75,75,75,75,75,75,75,75,75,75,75,75,75,75,75,75,75,75,75,75,75,75,75,75,75,75,75,75,75,75,75,75,75,75,75,75,75],"card_choices":[{"not_picked":["Tactician","Infinite Blades"],"picked":"Footwork","floor":1.0},{"not_picked":["Eviscerate","PiercingWail"],"picked":"Acrobatics","floor":4.0},{"not_picked":["Bane","Deadly Poison"],"picked":"All Out Attack","floor":6.0},{"not_picked":["Choke","Flying Knee"],"picked":"Calculated Gamble","floor":8.0},{"not_picked":["Flying Knee","Bouncing Flask"],"picked":"Backflip","floor":10.0},{"not_picked":["Deflect","Footwork"],"picked":"Prepared","floor":13.0},{"not_picked":["Infinite Blades","Dagger Throw"],"picked":"Escape Plan","floor":14.0},{"not_picked":["Wraith Form v2","Bullet Time"],"picked":"Unload","floor":16.0},{"not_picked":["Deadly Poison","Outmaneuver"],"picked":"Flying Knee","floor":18.0},{"not_picked":["Expertise","Sucker Punch"],"picked":"Underhanded Strike","floor":19.0},{"not_picked":["Bane+1","Poisoned Stab"],"picked":"Distraction","floor":21.0},{"not_picked":["Underhanded Strike","Quick Slash+1"],"picked":"Adrenaline","floor":22.0},{"not_picked":["Bane","Crippling Poison"],"picked":"Underhanded Strike+1","floor":24.0},{"not_picked":["Dagger Throw","Quick Slash+1"],"picked":"Acrobatics","floor":25.0},{"not_picked":["Dagger Throw+1","Skewer"],"picked":"Tools of the Trade","floor":27.0},{"not_picked":["Terror","Outmaneuver+1"],"picked":"Deflect","floor":28.0},{"not_picked":["Deflect","Dagger Spray+1"],"picked":"Choke","floor":30.0},{"not_picked":["Phantasmal Killer","Venomology"],"picked":"Adrenaline","floor":33.0},{"not_picked":["Dagger Spray+1","Poisoned Stab"],"picked":"Caltrops+1","floor":35.0},{"not_picked":["Acrobatics+1","Quick Slash+1"],"picked":"Tactician","floor":37.0},{"not_picked":["Prepared+1","Calculated Gamble"],"picked":"Predator+1","floor":40.0},{"not_picked":["Slice","Deflect+1","Outmaneuver"],"picked":"SKIP","floor":44.0},{"not_picked":["Masterful Stab","Catalyst+1"],"picked":"Skewer+1","floor":45.0},{"not_picked":["Acrobatics+1","Predator"],"picked":"Caltrops+1","floor":48.0}],"player_experience":79574,"relics_obtained":[{"floor":6.0,"key":"Dodecahedron"},{"floor":8.0,"key":"Oddly Smooth Stone"},{"floor":9.0,"key":"Bag of Preparation"},{"floor":27.0,"key":"Juzu Bracelet"},{"floor":30.0,"key":"War Paint"},{"floor":40.0,"key":"Pocketwatch"},{"floor":43.0,"key":"Mercury Hourglass"}],"event_choices":[{"damage_healed":0.0,"max_hp_gain":0.0,"max_hp_loss":0.0,"gold_gain":175.0,"event_name":"Liars Game","player_choice":"AGREE","floor":2.0,"gold_loss":0.0,"damage_taken":0.0,"cards_obtained":["Doubt"]},{"damage_healed":0.0,"max_hp_gain":0.0,"max_hp_loss":0.0,"gold_gain":0.0,"event_name":"Golden Idol","player_choice":"Take Wound","floor":3.0,"gold_loss":0.0,"damage_taken":0.0,"relics_obtained":["Golden Idol"],"cards_obtained":["Injury"]},{"damage_healed":0.0,"max_hp_gain":5.0,"max_hp_loss":0.0,"gold_gain":0.0,"event_name":"Big Fish","player_choice":"Donut","floor":11.0,"gold_loss":0.0,"damage_taken":0.0},{"damage_healed":0.0,"max_hp_gain":0.0,"max_hp_loss":0.0,"gold_gain":0.0,"event_name":"FaceTrader","player_choice":"Trade","floor":12.0,"gold_loss":0.0,"damage_taken":0.0,"relics_obtained":["NlothsMask"]},{"damage_healed":0.0,"max_hp_gain":0.0,"max_hp_loss":0.0,"gold_gain":100.0,"event_name":"Golden Shrine","player_choice":"Pray","floor":31.0,"gold_loss":0.0,"damage_taken":0.0},{"cards_removed":["Strike_G"],"damage_healed":0.0,"max_hp_gain":0.0,"max_hp_loss":0.0,"gold_gain":0.0,"event_name":"Falling","player_choice":"Removed Attack","floor":38.0,"gold_loss":0.0,"damage_taken":0.0},{"damage_healed":0.0,"max_hp_gain":0.0,"max_hp_loss":0.0,"gold_gain":100.0,"event_name":"Golden Shrine","player_choice":"Pray","floor":39.0,"gold_loss":0.0,"damage_taken":0.0},{"damage_healed":0.0,"max_hp_gain":0.0,"max_hp_loss":0.0,"gold_gain":0.0,"event_name":"Accursed Blacksmith","player_choice":"Forge","floor":46.0,"gold_loss":0.0,"damage_taken":0.0,"cards_upgraded":["Adrenaline"]}],"is_beta":false,"boss_relics":[{"not_picked":["Ring of the Serpent","Philosopher\u0027s Stone"],"picked":"Sozu"},{"not_picked":["Runic Pyramid","Tiny House"],"picked":"WristBlade"}],"items_purged_floors":[5],"is_endless":false,"potions_floor_spawned":[1,8,13,16,19,24,25,27,33,35,37,44],"killed_by":"Awakened One","ascension_level":0}