{"gold_per_floor":[114,39,53,70,121,121,154,170,219,238,238,263,263,338,338,412,412,422,439,225,225,3,3,36,36,61,95,95,95,95,109,109,109],"floor_reached":33,"playtime":1422,"items_purged":["Doubt","Strike_R","Writhe"],"score":548,"play_id":"e3609350-cc17-4da5-98fd-6f63b735fce5","local_time":"20190720103549","is_ascension_mode":true,"campfire_choices":[{"data":"Impervious","floor":6,"key":"SMITH"},{"floor":11,"key":"REST"},{"data":"Immolate","floor":13,"key":"SMITH"},{"floor":15,"key":"REST"},{"floor":23,"key":"REST"},{"floor":25,"key":"REST"},{"floor":29,"key":"REST"},{"floor":32,"key":"REST"}],"neow_cost":"CURSE","seed_source_timestamp":836162969681325,"circlet_count":0,"master_deck":["AscendersBane","Strike_R","Strike_R","Strike_R","Strike_R","Defend_R","Defend_R","Defend_R","Defend_R","Bash","Impervious+1","Body Slam","Wild Strike","Sword Boomerang","Iron Wave","Immolate+1","Barricade","Second Wind","True Grit","Shrug It Off","Dark Shackles","Corruption","Iron Wave","Seeing Red","RitualDagger"],"relics":["Burning Blood","Ornamental Fan","Potion Belt","Odd Mushroom","Fusion Hammer","Oddly Smooth Stone","Centennial Puzzle","Pen Nib","Girya"],"potions_floor_usage":[16,16,18,24,27,27,33],"damage_taken":[{"damage":18,"enemies":"Cultist","floor":1,"turns":6},{"damage":30,"enemies":"Jaw Worm","floor":3,"turns":8},{"damage":0,"enemies":"Small Slimes","floor":4,"turns":3},{"damage":8,"enemies":"Gremlin Nob","floor":7,"turns":3},{"damage":11,"enemies":"3 Louse","floor":8,"turns":4},{"damage":18,"enemies":"Exordium Wildlife","floor":10,"turns":4},{"damage":20,"enemies":"The Mushroom Lair","floor":12,"turns":4},{"damage":26,"enemies":"Slime Boss","floor":16,"turns":7},{"damage":26,"enemies":"3 Byrds","floor":18,"turns":7},{"damage":23,"enemies":"Spheric Guardian","floor":19,"turns":5},{"damage":27,"enemies":"Gremlin Leader","floor":24,"turns":7},{"damage":32,"enemies":"Slavers","floor":27,"turns":7},{"damage":24,"enemies":"Snecko","floor":31,"turns":7},{"damage":44,"enemies":"Collector","floor":33,"turns":9}],"seed_played":"-1114028239126674885","potions_obtained":[{"floor":1,"key":"Dexterity Potion"},{"floor":3,"key":"SteroidPotion"},{"floor":10,"key":"EssenceOfSteel"},{"floor":12,"key":"AttackPotion"},{"floor":16,"key":"AttackPotion"},{"floor":18,"key":"SkillPotion"},{"floor":19,"key":"Poison Potion"},{"floor":31,"key":"Ancient Potion"}],"is_trial":false,"path_per_floor":["M","$","M","M","?","R","E","M","T","M","R","?","R","?","R","B",null,"M","M","$","?","$","R","E","R","T","E","?","R","?","M","R","B"],"character_chosen":"IRONCLAD","items_purchased":["Shrug It Off","Dark Shackles","Corruption","AttackPotion"],"campfire_rested":6,"item_purchase_floors":[20,20,22,22],"current_hp_per_floor":[56,56,32,38,38,38,36,31,31,19,41,27,27,16,38,18,61,41,24,24,24,24,46,25,47,47,21,12,34,28,10,32,0],"gold":109,"neow_bonus":"THREE_RARE_CARDS","is_prod":false,"is_daily":false,"chose_seed":false,"campfire_upgraded":2,"win_rate":0,"timestamp":1563636949,"path_taken":["M","$","M","M","?","R","E","M","T","M","R","?","R","?","R","BOSS","M","M","$","?","$","R","E","R","T","E","?","R","?","M","R","BOSS"],"build_version":"2019-07-17","purchased_purges":3,"victory":false,"max_hp_per_floor":[75,75,75,75,75,75,75,75,75,75,75,75,75,75,75,75,75,75,75,75,75,75,75,75,75,75,75,75,75,75,75,75,75],"card_choices":[{"not_picked":["Dark Embrace","Exhume"],"picked":"Impervious","floor":0},{"not_picked":["Perfected Strike","Clash","Thunderclap"],"picked":"SKIP","floor":1},{"not_picked":["Clothesline","Blood for Blood"],"picked":"Body Slam","floor":3},{"not_picked":["Havoc","Fire Breathing"],"picked":"Wild Strike","floor":4},{"not_picked":["Sentinel","Entrench"],"picked":"Sword Boomerang","floor":7},{"not_picked":["Carnage","Pummel"],"picked":"Iron Wave","floor":8},{"not_picked":["Spot Weakness","Combust"],"picked":"Immolate","floor":10},{"not_picked":["Immolate","Limit Break"],"picked":"Barricade","floor":16},{"not_picked":["Heavy Blade","Clothesline+1"],"picked":"Second Wind","floor":18},{"not_picked":["Carnage","Warcry"],"picked":"True Grit","floor":19},{"not_picked":["Evolve","Sentinel"],"picked":"Iron Wave","floor":24},{"not_picked":["Cleave+1","Wild Strike"],"picked":"Seeing Red","floor":27},{"not_picked":["Perfected Strike","Warcry","Clash"],"picked":"SKIP","floor":31}],"player_experience":505152,"relics_obtained":[{"floor":7,"key":"Ornamental Fan"},{"floor":9,"key":"Potion Belt"},{"floor":12,"key":"Odd Mushroom"},{"floor":24,"key":"Centennial Puzzle"},{"floor":26,"key":"Pen Nib"},{"floor":27,"key":"Girya"}],"event_choices":[{"damage_healed":0,"gold_gain":51,"player_choice":"Gained Gold","damage_taken":0,"max_hp_gain":0,"max_hp_loss":0,"event_name":"Golden Wing","floor":5,"gold_loss":0},{"damage_healed":0,"gold_gain":0,"player_choice":"Fought Mushrooms","damage_taken":0,"max_hp_gain":0,"max_hp_loss":0,"event_name":"Mushrooms","floor":12,"gold_loss":0},{"damage_healed":0,"gold_gain":75,"player_choice":"Gather Gold","damage_taken":11,"max_hp_gain":0,"max_hp_loss":0,"event_name":"World of Goop","floor":14,"gold_loss":0},{"damage_healed":0,"gold_gain":0,"player_choice":"Opened","damage_taken":0,"relics_obtained":["Oddly Smooth Stone"],"max_hp_gain":0,"max_hp_loss":0,"event_name":"The Mausoleum","floor":21,"gold_loss":0,"cards_obtained":["Writhe"]},{"damage_healed":0,"gold_gain":0,"player_choice":"Stopped","damage_taken":9,"max_hp_gain":0,"max_hp_loss":0,"event_name":"Cursed Tome","floor":28,"gold_loss":0},{"damage_healed":0,"gold_gain":0,"player_choice":"Joined the Cult","damage_taken":6,"max_hp_gain":0,"max_hp_loss":0,"event_name":"Nest","floor":30,"gold_loss":0,"cards_obtained":["RitualDagger"]}],"is_beta":false,"boss_relics":[{"not_picked":["Mark of Pain","White Beast Statue"],"picked":"Fusion Hammer"}],"items_purged_floors":[2,20,22],"is_endless":false,"potions_floor_spawned":[1,3,10,12,16,18,19,31],"killed_by":"Collector","ascension_level":19}