{"gold_per_floor":[112,128,128,228,243,301,301,314,341,352,352,363,363,363,363,453,453,473,486,486,486,486,486],"floor_reached":23,"playtime":824,"items_purged":[],"score":334,"play_id":"d7ffdaf1-4ff5-4a38-9ab6-b2cc97917d5d","local_time":"20190701200945","is_ascension_mode":true,"campfire_choices":[{"data":"Disarm","floor":7,"key":"SMITH"},{"data":"Spot Weakness","floor":11,"key":"SMITH"},{"data":"Armaments","floor":13,"key":"SMITH"},{"floor":15,"key":"REST"}],"neow_cost":"NONE","seed_source_timestamp":281894640929344,"circlet_count":0,"master_deck":["AscendersBane","Strike_R","Strike_R","Strike_R","Defend_R","Defend_R","Defend_R","Defend_R","Bash","Armaments+1","Wild Strike","Disarm+1","Headbutt","Seeing Red","Spot Weakness+1","Battle Trance","Reaper","Headbutt","Pommel Strike","Feed","Flex"],"relics":["Burning Blood","NeowsBlessing","Pen Nib","Tiny Chest","Omamori","Bloody Idol","Velvet Choker"],"potions_floor_usage":[6,12,18],"damage_taken":[{"damage":0,"enemies":"Small Slimes","floor":1,"turns":1},{"damage":0,"enemies":"Cultist","floor":2,"turns":1},{"damage":0,"enemies":"2 Louse","floor":5,"turns":1},{"damage":41,"enemies":"3 Sentries","floor":6,"turns":14},{"damage":7,"enemies":"Looter","floor":8,"turns":4},{"damage":11,"enemies":"Large Slime","floor":10,"turns":5},{"damage":11,"enemies":"2 Fungi Beasts","floor":12,"turns":4},{"damage":19,"enemies":"Hexaghost","floor":16,"turns":9},{"damage":12,"enemies":"Spheric Guardian","floor":18,"turns":5},{"damage":36,"enemies":"2 Thieves","floor":19,"turns":5},{"damage":86,"enemies":"Book of Stabbing","floor":23,"turns":6}],"seed_played":"-935378985517885232","potions_obtained":[{"floor":2,"key":"PowerPotion"},{"floor":6,"key":"Block Potion"},{"floor":8,"key":"GamblersBrew"}],"is_trial":false,"path_per_floor":["M","M","?","?","M","E","R","M","T","M","R","M","R","?","R","B",null,"M","M","?","?","?","E"],"character_chosen":"IRONCLAD","items_purchased":[],"campfire_rested":1,"item_purchase_floors":[],"current_hp_per_floor":[74,75,64,64,70,35,35,34,34,29,29,24,24,24,46,33,65,59,37,37,37,52,0],"gold":486,"neow_bonus":"THREE_ENEMY_KILL","is_prod":false,"is_daily":false,"chose_seed":false,"campfire_upgraded":3,"win_rate":0,"timestamp":1562029785,"path_taken":["M","M","?","?","?","E","R","M","T","M","R","M","R","?","R","BOSS","M","M","?","?","?","E"],"build_version":"2019-07-01","purchased_purges":0,"victory":false,"max_hp_per_floor":[75,75,75,75,75,75,75,75,75,75,75,75,75,75,75,75,75,75,75,75,75,75,75],"card_choices":[{"not_picked":["Pommel Strike","Thunderclap"],"picked":"Armaments","floor":1},{"not_picked":["Sentinel","Bloodletting"],"picked":"Wild Strike","floor":2},{"not_picked":["Combust","Perfected Strike"],"picked":"Disarm","floor":5},{"not_picked":["Wild Strike","Warcry"],"picked":"Headbutt","floor":6},{"not_picked":["Clothesline","Infernal Blade"],"picked":"Seeing Red","floor":8},{"not_picked":["Rage","Feel No Pain"],"picked":"Spot Weakness","floor":10},{"not_picked":["Sword Boomerang","True Grit"],"picked":"Battle Trance","floor":12},{"not_picked":["Limit Break","Dark Embrace"],"picked":"Reaper","floor":16},{"not_picked":["Wild Strike","Uppercut"],"picked":"Headbutt","floor":18},{"not_picked":["Twin Strike","Headbutt"],"picked":"Pommel Strike","floor":19}],"player_experience":431097,"relics_obtained":[{"floor":6,"key":"Tiny Chest"},{"floor":9,"key":"Omamori"}],"event_choices":[{"damage_healed":0,"gold_gain":0,"player_choice":"Success","damage_taken":11,"relics_obtained":["Pen Nib"],"max_hp_gain":0,"max_hp_loss":0,"event_name":"Scrap Ooze","floor":3,"gold_loss":0},{"damage_healed":0,"gold_gain":100,"player_choice":"Gold","damage_taken":0,"max_hp_gain":0,"max_hp_loss":0,"event_name":"Wheel of Change","floor":4,"gold_loss":0},{"damage_healed":0,"gold_gain":0,"player_choice":"Take Wound","damage_taken":0,"relics_obtained":["Golden Idol"],"max_hp_gain":0,"max_hp_loss":0,"event_name":"Golden Idol","floor":14,"gold_loss":0,"cards_obtained":["Injury"]},{"damage_healed":0,"gold_gain":0,"cards_transformed":["Strike_R","Strike_R"],"player_choice":"Became Test Subject","damage_taken":0,"max_hp_gain":0,"max_hp_loss":0,"event_name":"Drug Dealer","floor":20,"gold_loss":0,"cards_obtained":["Feed","Flex"]},{"damage_healed":0,"gold_gain":0,"player_choice":"Gave Idol","damage_taken":0,"relics_obtained":["Bloody Idol"],"max_hp_gain":0,"max_hp_loss":0,"event_name":"Forgotten Altar","floor":21,"relics_lost":["Golden Idol"],"gold_loss":0},{"damage_healed":15,"gold_gain":0,"player_choice":"Heal","damage_taken":0,"max_hp_gain":0,"max_hp_loss":0,"event_name":"The Library","floor":22,"gold_loss":0}],"is_beta":false,"boss_relics":[{"not_picked":["Empty Cage","White Beast Statue"],"picked":"Velvet Choker"}],"items_purged_floors":[],"is_endless":false,"potions_floor_spawned":[2,6,8,10],"killed_by":"Book of Stabbing","ascension_level":15}