{"gold_per_floor":[362,362,18,31,47,82,82,111,111,111,187,216,235,245,245,319,319,333,333,346,346,346],"floor_reached":22,"playtime":996,"items_purged":["Strike_R"],"score":388,"play_id":"3daa7183-2272-46ed-b2c5-3f9bb04f1154","local_time":"20190714202521","is_ascension_mode":true,"campfire_choices":[{"data":"Whirlwind","floor":7,"key":"SMITH"},{"data":"Uppercut","floor":10,"key":"SMITH"},{"floor":15,"key":"DIG"}],"neow_cost":"TEN_PERCENT_HP_LOSS","seed_source_timestamp":353530230917734,"circlet_count":0,"master_deck":["AscendersBane","Strike_R+1","Strike_R+1","Strike_R+1","Defend_R+1","Defend_R+1","Defend_R+1","Defend_R+1","Bash","Uppercut+1","Offering","Feel No Pain","Whirlwind+1","Combust","Headbutt","Dropkick","True Grit","Juggernaut","Ghostly Armor","Armaments"],"special_seed":0,"relics":["Burning Blood","Chemical X","Art of War","Mummified Hand","Centennial Puzzle","Shovel","Meat on the Bone","Runic Pyramid"],"potions_floor_usage":[16,16],"damage_taken":[{"damage":4,"enemies":"Jaw Worm","floor":1,"turns":5},{"damage":6,"enemies":"2 Louse","floor":4,"turns":3},{"damage":7,"enemies":"Cultist","floor":5,"turns":3},{"damage":26,"enemies":"3 Sentries","floor":6,"turns":3},{"damage":13,"enemies":"Gremlin Nob","floor":8,"turns":3},{"damage":18,"enemies":"Lagavulin","floor":12,"turns":3},{"damage":9,"enemies":"Blue Slaver","floor":13,"turns":2},{"damage":12,"enemies":"3 Louse","floor":14,"turns":3},{"damage":25,"enemies":"The Guardian","floor":16,"turns":8},{"damage":10,"enemies":"3 Byrds","floor":18,"turns":2},{"damage":15,"enemies":"Spheric Guardian","floor":20,"turns":6},{"damage":28,"enemies":"Shelled Parasite and Fungi","floor":22,"turns":3}],"seed_played":"341621623421582256","potions_obtained":[{"floor":6,"key":"FearPotion"},{"floor":8,"key":"PowerPotion"},{"floor":14,"key":"Regen Potion"},{"floor":20,"key":"GamblersBrew"}],"is_trial":false,"path_per_floor":["M","?","$","M","M","E","R","E","T","R","?","E","M","M","R","B",null,"M","?","M","?","M"],"character_chosen":"IRONCLAD","items_purchased":["Chemical X","Feel No Pain"],"campfire_rested":0,"item_purchase_floors":[3,3],"current_hp_per_floor":[68,68,68,68,67,47,47,40,40,40,40,28,25,19,19,27,58,54,54,45,26,0],"gold":346,"neow_bonus":"TWO_FIFTY_GOLD","is_prod":false,"is_daily":false,"chose_seed":false,"campfire_upgraded":2,"win_rate":0,"timestamp":1563153921,"path_taken":["M","?","$","M","M","E","R","E","T","R","?","E","M","M","R","BOSS","M","?","M","?","M"],"build_version":"2019-07-05","purchased_purges":1,"victory":false,"max_hp_per_floor":[68,68,68,68,68,68,68,68,68,68,68,68,68,68,68,68,68,68,68,68,73,73],"card_choices":[{"not_picked":["Perfected Strike","Evolve"],"picked":"Uppercut","floor":1},{"not_picked":["Clash","True Grit"],"picked":"Whirlwind","floor":4},{"not_picked":["Body Slam","Second Wind"],"picked":"Combust","floor":5},{"not_picked":["Intimidate","Flex"],"picked":"Headbutt","floor":6},{"not_picked":["Anger","Feel No Pain","Fiend Fire"],"picked":"SKIP","floor":8},{"not_picked":["Heavy Blade","Twin Strike","Anger"],"picked":"SKIP","floor":12},{"not_picked":["Headbutt","Cleave"],"picked":"Dropkick","floor":13},{"not_picked":["Armaments","Flex"],"picked":"True Grit","floor":14},{"not_picked":["Feed","Fiend Fire"],"picked":"Juggernaut","floor":16},{"not_picked":["Sword Boomerang","Fire Breathing"],"picked":"Ghostly Armor","floor":18},{"not_picked":["Body Slam","Pommel Strike"],"picked":"Armaments","floor":20}],"player_experience":491416,"relics_obtained":[{"floor":6,"key":"Art of War"},{"floor":8,"key":"Mummified Hand"},{"floor":9,"key":"Centennial Puzzle"},{"floor":12,"key":"Shovel"},{"floor":15,"key":"Meat on the Bone"}],"event_choices":[{"damage_healed":0,"gold_gain":0,"cards_transformed":["Strike_R"],"player_choice":"Change","damage_taken":0,"max_hp_gain":0,"max_hp_loss":0,"event_name":"Living Wall","floor":2,"gold_loss":0,"cards_obtained":["Offering"]},{"damage_healed":0,"gold_gain":76,"player_choice":"Gained Gold","damage_taken":0,"max_hp_gain":0,"max_hp_loss":0,"event_name":"Golden Wing","floor":11,"gold_loss":0},{"damage_healed":0,"gold_gain":0,"player_choice":"Simplicity","damage_taken":0,"max_hp_gain":0,"max_hp_loss":0,"event_name":"Back to Basics","floor":19,"gold_loss":0,"cards_upgraded":["Strike_R","Strike_R","Strike_R","Defend_R","Defend_R","Defend_R","Defend_R"]},{"damage_healed":0,"gold_gain":0,"player_choice":"Shed Blood","damage_taken":24,"max_hp_gain":5,"max_hp_loss":0,"event_name":"Forgotten Altar","floor":21,"gold_loss":0}],"is_beta":false,"boss_relics":[{"not_picked":["Black Blood","Runic Dome"],"picked":"Runic Pyramid"}],"items_purged_floors":[3],"is_endless":false,"potions_floor_spawned":[6,8,13,14,20],"killed_by":"Shelled Parasite and Fungi","ascension_level":18}