{"gold_per_floor":[109,122,122,122,133,158,158,173,173,73,86,98,114,128,128,228,278,290,305,318,318,333,333],"floor_reached":23,"playtime":3866,"items_purged":[],"score":199,"play_id":"361f28fc-3359-4452-8de3-e9f7adff4f6a","local_time":"20190706144205","is_ascension_mode":false,"campfire_choices":[{"floor":7,"key":"REST"},{"data":"Body Slam","floor":15,"key":"SMITH"}],"neow_cost":"","seed_source_timestamp":1274691972082256,"circlet_count":0,"master_deck":["Strike_R","Strike_R","Strike_R","Strike_R","Defend_R","Defend_R","Defend_R","Defend_R","Bash","Armaments+1","Hemokinesis","Disarm+1","Flame Barrier","Iron Wave","Headbutt","Twin Strike","Body Slam+1","Warcry","Iron Wave","Rupture","Barricade","Shrug It Off","Rage+1","Intimidate","Iron Wave"],"relics":["Burning Blood","Bronze Scales","PreservedInsect","Tiny House"],"potions_floor_usage":[6,16,20,22,22,22,23,23],"damage_taken":[{"damage":10,"enemies":"2 Louse","floor":1,"turns":3},{"damage":8,"enemies":"Jaw Worm","floor":2,"turns":4},{"damage":7,"enemies":"Cultist","floor":5,"turns":4},{"damage":38,"enemies":"Lagavulin","floor":6,"turns":6},{"damage":3,"enemies":"Red Slaver","floor":8,"turns":5},{"damage":9,"enemies":"Blue Slaver","floor":11,"turns":4},{"damage":0,"enemies":"Looter","floor":12,"turns":4},{"damage":1,"enemies":"Large Slime","floor":13,"turns":5},{"damage":5,"enemies":"Exordium Wildlife","floor":14,"turns":4},{"damage":26,"enemies":"The Guardian","floor":16,"turns":12},{"damage":20,"enemies":"Shell Parasite","floor":18,"turns":7},{"damage":14,"enemies":"Chosen","floor":19,"turns":5},{"damage":33,"enemies":"Snake Plant","floor":20,"turns":5},{"damage":34,"enemies":"Sentry and Sphere","floor":22,"turns":8},{"damage":29,"enemies":"Slavers","floor":23,"turns":4}],"seed_played":"727864935863919539","potions_obtained":[{"floor":2,"key":"Dexterity Potion"},{"floor":5,"key":"EssenceOfSteel"},{"floor":8,"key":"BloodPotion"},{"floor":12,"key":"Weak Potion"},{"floor":14,"key":"Ancient Potion"},{"floor":17,"key":"EssenceOfSteel"},{"floor":19,"key":"EssenceOfSteel"},{"floor":20,"key":"EntropicBrew"},{"floor":22,"key":"Swift Potion"}],"is_trial":false,"path_per_floor":["M","M","?","?","M","E","R","M","T","$","M","M","M","M","R","B",null,"M","M","M","?","M","E"],"character_chosen":"IRONCLAD","items_purchased":["Headbutt","Twin Strike"],"campfire_rested":1,"item_purchase_floors":[10,10],"current_hp_per_floor":[76,74,74,74,73,41,65,68,68,68,65,71,76,77,77,57,85,71,63,36,36,29,0],"gold":333,"neow_bonus":"","is_prod":false,"is_daily":false,"chose_seed":false,"campfire_upgraded":1,"win_rate":0.0,"timestamp":1562438525,"path_taken":["M","M","?","?","M","E","R","M","T","$","M","M","?","M","R","BOSS","M","M","M","?","M","E"],"build_version":"2019-07-05","purchased_purges":0,"victory":false,"max_hp_per_floor":[80,80,80,80,80,80,80,80,80,80,80,80,80,80,80,80,85,85,85,85,85,85,85],"card_choices":[{"not_picked":["Iron Wave","Inflame"],"picked":"Armaments","floor":1},{"not_picked":["Reckless Charge","True Grit"],"picked":"Hemokinesis","floor":2},{"not_picked":["Dual Wield","Perfected Strike"],"picked":"Disarm","floor":5},{"not_picked":["Iron Wave","Pommel Strike"],"picked":"Flame Barrier","floor":6},{"not_picked":["Armaments","Clash"],"picked":"Iron Wave","floor":8},{"not_picked":["Pummel","Whirlwind"],"picked":"Body Slam","floor":11},{"not_picked":["Thunderclap","Armaments"],"picked":"Warcry","floor":12},{"not_picked":["Thunderclap","Carnage"],"picked":"Iron Wave","floor":13},{"not_picked":["Uppercut","Flex"],"picked":"Rupture","floor":14},{"not_picked":["Offering","Fiend Fire"],"picked":"Barricade","floor":16},{"not_picked":["Twin Strike","Body Slam"],"picked":"Shrug It Off","floor":17},{"not_picked":["Armaments+1","Perfected Strike","Disarm"],"picked":"SKIP","floor":18},{"not_picked":["Iron Wave","Corruption+1"],"picked":"Rage+1","floor":19},{"not_picked":["Shrug It Off+1","Cleave"],"picked":"Intimidate","floor":20},{"not_picked":["Sever Soul","Pummel","Dark Embrace"],"picked":"SKIP","floor":22}],"player_experience":0,"relics_obtained":[{"floor":6,"key":"Bronze Scales"},{"floor":9,"key":"PreservedInsect"}],"event_choices":[{"damage_healed":0,"gold_gain":0,"player_choice":"Ignored","damage_taken":0,"max_hp_gain":0,"max_hp_loss":0,"event_name":"Golden Idol","floor":3,"gold_loss":0},{"damage_healed":0,"gold_gain":0,"player_choice":"Grow","damage_taken":0,"max_hp_gain":0,"max_hp_loss":0,"event_name":"Living Wall","floor":4,"gold_loss":0,"cards_upgraded":["Armaments"]},{"cards_removed":["Strike_R"],"damage_healed":0,"gold_gain":0,"player_choice":"Took Card","damage_taken":0,"max_hp_gain":0,"max_hp_loss":0,"event_name":"NoteForYourself","floor":21,"gold_loss":0,"cards_obtained":["Iron Wave"]}],"is_beta":false,"boss_relics":[{"not_picked":["Calling Bell","Eternal Feather"],"picked":"Tiny House"}],"items_purged_floors":[],"is_endless":false,"potions_floor_spawned":[2,5,8,12,14,19,20,22],"killed_by":"Slavers","ascension_level":0}