{"gold_per_floor":[112,129,145,160,179,206,220,220,277,277,5,29,14,14],"floor_reached":14,"playtime":651,"items_purged":[],"score":108,"play_id":"7977dd38-9532-4026-aa91-5f7c523456fe","local_time":"20190524011000","is_ascension_mode":true,"campfire_choices":[{"floor":8,"key":"REST"},{"data":"Heavy Blade","floor":10,"key":"SMITH"}],"neow_cost":"NONE","seed_source_timestamp":676173222205378,"circlet_count":0,"master_deck":["Strike_R","Strike_R","Strike_R","Strike_R","Strike_R","Defend_R","Defend_R","Defend_R","Defend_R","Bash+1","Shrug It Off","Armaments","Flex","Heavy Blade+1","Feel No Pain","Flex","Thunderclap"],"relics":["Burning Blood","Dream Catcher","Tiny Chest","Membership Card","Omamori","Smiling Mask"],"potions_floor_usage":[6,7,13],"damage_taken":[{"damage":6,"enemies":"Cultist","floor":1,"turns":3},{"damage":20,"enemies":"Small Slimes","floor":2,"turns":3},{"damage":8,"enemies":"2 Louse","floor":3,"turns":4},{"damage":14,"enemies":"2 Fungi Beasts","floor":4,"turns":4},{"damage":6,"enemies":"Blue Slaver","floor":5,"turns":4},{"damage":48,"enemies":"Gremlin Nob","floor":6,"turns":5},{"damage":13,"enemies":"Large Slime","floor":7,"turns":7},{"damage":9,"enemies":"Exordium Thugs","floor":13,"turns":4},{"damage":34,"enemies":"Lagavulin","floor":14,"turns":7}],"seed_played":"6654978203555077696","potions_obtained":[{"floor":4,"key":"SkillPotion"},{"floor":6,"key":"Dexterity Potion"},{"floor":7,"key":"Weak Potion"}],"is_trial":false,"path_per_floor":["M","M","M","M","M","E","M","R","T","R","$","T","M","E"],"character_chosen":"IRONCLAD","items_purchased":["Membership Card","Omamori"],"campfire_rested":1,"item_purchase_floors":[11,11],"current_hp_per_floor":[80,66,64,56,56,14,7,31,31,31,31,31,28,0],"gold":14,"neow_bonus":"UPGRADE_CARD","is_prod":false,"is_daily":false,"chose_seed":false,"campfire_upgraded":1,"win_rate":0,"timestamp":1558678200,"path_taken":["M","M","M","M","M","E","M","R","T","R","$","?","?","E"],"build_version":"2019-01-23","purchased_purges":0,"victory":false,"max_hp_per_floor":[80,80,80,80,80,80,80,80,80,80,80,80,80,80],"card_choices":[{"not_picked":["Armaments","Havoc"],"picked":"Shrug It Off","floor":1},{"not_picked":["Metallicize","Warcry"],"picked":"Armaments","floor":2},{"not_picked":["Wild Strike","Power Through"],"picked":"Flex","floor":3},{"not_picked":["Dual Wield","Evolve"],"picked":"Heavy Blade","floor":4},{"not_picked":["Iron Wave","Rupture"],"picked":"Feel No Pain","floor":5},{"not_picked":["Anger","Body Slam","Feel No Pain"],"picked":"SKIP","floor":6},{"not_picked":["Body Slam","Power Through"],"picked":"Flex","floor":7},{"not_picked":["Reckless Charge","Havoc"],"picked":"Thunderclap","floor":8},{"not_picked":["Heavy Blade","Barricade","Wild Strike"],"picked":"SKIP","floor":13}],"player_experience":163356,"relics_obtained":[{"floor":6,"key":"Dream Catcher"},{"floor":9,"key":"Tiny Chest"},{"floor":12,"key":"Smiling Mask"}],"event_choices":[],"is_beta":false,"boss_relics":[],"items_purged_floors":[],"is_endless":false,"potions_floor_spawned":[4,6,7],"killed_by":"Lagavulin","ascension_level":3}