{"gold_per_floor":[111,127,177,191,201,201,220,220,290,309,309,334,4,29,29,106,106,120,120,132,146,146],"floor_reached":22,"playtime":712,"items_purged":[],"score":347,"play_id":"1ff9d339-41b4-4808-acc1-4ca8d46c4dc1","local_time":"20190725191146","is_ascension_mode":true,"campfire_choices":[{"floor":6,"key":"REST"},{"data":"Gash","floor":8,"key":"SMITH"},{"floor":11,"key":"REST"},{"floor":15,"key":"REST"}],"neow_cost":"NONE","seed_source_timestamp":254492078530300,"circlet_count":0,"master_deck":["AscendersBane","Strike_B","Strike_B","Strike_B","Strike_B","Defend_B","Defend_B","Defend_B","Defend_B","Zap","Dualcast","Reinforced Body","Capacitor","Gash+1","Defragment","Static Discharge","Cold Snap"],"relics":["Busted Crown","Pear","Pocketwatch","Cables","Bag of Preparation","Nuclear Battery","Regal Pillow"],"potions_floor_usage":[16,21,22],"damage_taken":[{"damage":8,"enemies":"Jaw Worm","floor":1,"turns":4},{"damage":0,"enemies":"Cultist","floor":2,"turns":4},{"damage":7,"enemies":"2 Louse","floor":4,"turns":3},{"damage":13,"enemies":"Red Slaver","floor":5,"turns":4},{"damage":8,"enemies":"Blue Slaver","floor":7,"turns":4},{"damage":23,"enemies":"Exordium Thugs","floor":10,"turns":7},{"damage":46,"enemies":"Gremlin Nob","floor":12,"turns":6},{"damage":2,"enemies":"Lagavulin","floor":14,"turns":7},{"damage":23,"enemies":"Hexaghost","floor":16,"turns":7},{"damage":12,"enemies":"3 Byrds","floor":18,"turns":4},{"damage":7,"enemies":"Spheric Guardian","floor":20,"turns":5},{"damage":23,"enemies":"Centurion and Healer","floor":21,"turns":7},{"damage":21,"enemies":"Snake Plant","floor":22,"turns":2}],"seed_played":"6118076615677142784","potions_obtained":[{"floor":1,"key":"Strength Potion"},{"floor":2,"key":"LiquidBronze"},{"floor":21,"key":"EssenceOfSteel"}],"is_trial":false,"path_per_floor":["M","M","?","M","M","R","M","R","T","M","R","E","$","E","R","B",null,"M","T","M","M","M"],"character_chosen":"DEFECT","items_purchased":["Defragment","Cables"],"campfire_rested":3,"item_purchase_floors":[13,13],"current_hp_per_floor":[56,56,49,42,29,50,42,42,52,29,53,7,7,5,29,6,62,50,50,43,20,0],"gold":146,"neow_bonus":"BOSS_RELIC","is_prod":false,"is_daily":false,"chose_seed":false,"campfire_upgraded":1,"win_rate":0,"timestamp":1564074706,"path_taken":["M","M","?","M","M","R","M","R","T","M","R","E","$","E","R","BOSS","M","?","M","?","M"],"build_version":"2019-07-17","purchased_purges":0,"victory":false,"max_hp_per_floor":[71,71,71,71,71,71,71,71,81,81,81,81,81,81,81,81,81,81,81,81,81,81],"card_choices":[{"not_picked":["Lockon"],"picked":"SKIP","floor":1},{"not_picked":[],"picked":"Reinforced Body","floor":2},{"not_picked":[],"picked":"Capacitor","floor":4},{"not_picked":[],"picked":"Gash","floor":5},{"not_picked":["Blizzard"],"picked":"SKIP","floor":7},{"not_picked":["Go for the Eyes"],"picked":"SKIP","floor":10},{"not_picked":["Compile Driver"],"picked":"SKIP","floor":12},{"not_picked":[],"picked":"Static Discharge","floor":14},{"not_picked":[],"picked":"Cold Snap","floor":18},{"not_picked":["Heatsinks"],"picked":"SKIP","floor":20},{"not_picked":["Coolheaded"],"picked":"SKIP","floor":21}],"player_experience":369629,"relics_obtained":[{"floor":9,"key":"Pear"},{"floor":12,"key":"Pocketwatch"},{"floor":14,"key":"Bag of Preparation"},{"floor":19,"key":"Regal Pillow"}],"event_choices":[{"damage_healed":0,"gold_gain":50,"player_choice":"Touch","damage_taken":7,"max_hp_gain":0,"max_hp_loss":0,"event_name":"FaceTrader","floor":3,"gold_loss":0}],"is_beta":false,"boss_relics":[{"not_picked":["Calling Bell","Runic Pyramid"],"picked":"Nuclear Battery"}],"items_purged_floors":[],"is_endless":false,"potions_floor_spawned":[1,2,5,10,21],"killed_by":"Snake Plant","ascension_level":15}