{"gold_per_floor":[118,136,61,61,75,75,100,100,100,115,125,157,157,173,173,250,250,266,284,284,284,209,209,219,233,258,269,288,307,307,322,322,322],"floor_reached":33,"playtime":1452,"items_purged":[],"score":460,"play_id":"c5d39557-f76c-4990-9649-78d15493ffdd","local_time":"20190722221950","is_ascension_mode":true,"campfire_choices":[{"data":"Defragment","floor":6.0,"key":"SMITH"},{"data":"Zap","floor":8.0,"key":"SMITH"},{"floor":15,"key":"REST"},{"floor":23,"key":"REST"},{"floor":32,"key":"REST"}],"neow_cost":"NONE","seed_source_timestamp":5816505444800,"circlet_count":0,"master_deck":["AscendersBane","Strike_B","Strike_B","Strike_B","Defend_B","Defend_B","Defend_B","Zap+1","Dualcast","Gash","Defragment+1","Core Surge","Go for the Eyes","Cold Snap","Self Repair","White Noise","Glacier","Electrodynamics","Conserve Battery","Chill+1","BootSequence","Cold Snap"],"special_seed":0,"relics":["FrozenCore","NeowsBlessing","Blue Candle","Question Card","Pen Nib","Nilry\u0027s Codex","Anchor"],"potions_floor_usage":[12,14,14,25,31],"damage_taken":[{"damage":0.0,"enemies":"Cultist","floor":1.0,"turns":1.0},{"damage":0.0,"enemies":"Jaw Worm","floor":2.0,"turns":1.0},{"damage":0.0,"enemies":"Small Slimes","floor":5.0,"turns":1.0},{"damage":18.0,"enemies":"Gremlin Nob","floor":7.0,"turns":3.0},{"damage":14.0,"enemies":"Red Slaver","floor":10.0,"turns":4.0},{"damage":4,"enemies":"Exordium Wildlife","floor":11,"turns":4},{"damage":17,"enemies":"Lagavulin","floor":12,"turns":6},{"damage":0,"enemies":"3 Louse","floor":14,"turns":3},{"damage":30,"enemies":"Hexaghost","floor":16,"turns":15},{"damage":9,"enemies":"3 Byrds","floor":18,"turns":3},{"damage":13,"enemies":"Spheric Guardian","floor":19,"turns":4},{"damage":31,"enemies":"Snake Plant","floor":24,"turns":5},{"damage":0,"enemies":"Chosen and Byrds","floor":25,"turns":6},{"damage":9,"enemies":"Shelled Parasite and Fungi","floor":27,"turns":11},{"damage":7,"enemies":"3 Cultists","floor":28,"turns":5},{"damage":6,"enemies":"Snake Plant","floor":29,"turns":6},{"damage":10,"enemies":"Snecko","floor":31,"turns":6},{"damage":48,"enemies":"Champ","floor":33,"turns":16}],"seed_played":"-4196289845729895062","potions_obtained":[{"floor":2.0,"key":"AttackPotion"},{"floor":5.0,"key":"FocusPotion"},{"floor":10.0,"key":"AttackPotion"},{"floor":11,"key":"Regen Potion"},{"floor":12,"key":"EssenceOfSteel"},{"floor":16,"key":"FearPotion"},{"floor":19,"key":"Ancient Potion"},{"floor":27,"key":"GamblersBrew"},{"floor":29,"key":"Weak Potion"}],"is_trial":false,"path_per_floor":["M","M","?","?","M","R","E","R","T","M","M","E","$","M","R","B",null,"M","M","?","?","?","R","M","M","T","M","M","M","$","M","R","B"],"character_chosen":"DEFECT","items_purchased":[],"campfire_rested":3,"item_purchase_floors":[],"current_hp_per_floor":[64,64,64,64,64,64,46,46,46,32,28,33,33,40,61,38,63,54,48,27,27,27,48,24,31,31,29,29,23,23,20,41,0],"gold":322,"neow_bonus":"THREE_ENEMY_KILL","is_prod":false,"is_daily":false,"chose_seed":false,"campfire_upgraded":2,"win_rate":0,"timestamp":1563826790,"path_taken":["M","?","?","?","M","R","E","R","T","M","M","E","$","M","R","BOSS","M","M","?","?","?","R","?","M","T","M","M","M","$","M","R","BOSS"],"build_version":"2019-07-17","purchased_purges":0,"victory":false,"max_hp_per_floor":[71,71,71,71,71,71,71,71,71,71,71,71,71,71,71,71,71,71,71,71,71,71,71,71,71,71,71,71,71,71,71,71,71],"card_choices":[{"not_picked":["Turbo","Hello World"],"picked":"Gash","floor":1.0},{"not_picked":["Coolheaded","Steam"],"picked":"Defragment","floor":2.0},{"not_picked":["Doom and Gloom","Recycle","Barrage"],"picked":"SKIP","floor":5.0},{"not_picked":["Leap","Compile Driver"],"picked":"Go for the Eyes","floor":7.0},{"not_picked":["Ball Lightning","Steam","Doom and Gloom"],"picked":"Cold Snap","floor":10.0},{"not_picked":["Hyperbeam","Compile Driver","Conserve Battery"],"picked":"Self Repair","floor":11},{"not_picked":["Go for the Eyes","Conserve Battery","Streamline"],"picked":"White Noise","floor":12},{"not_picked":["Capacitor","Conserve Battery","Skim"],"picked":"Glacier","floor":14},{"not_picked":["Reboot","Multi-Cast","Creative AI"],"picked":"Electrodynamics","floor":16},{"not_picked":["Barrage","Conserve Battery","Leap","Redo"],"picked":"SKIP","floor":18},{"not_picked":["Steam","Streamline","Leap"],"picked":"Conserve Battery","floor":19},{"not_picked":["Stack","Amplify","Recycle"],"picked":"Chill+1","floor":24},{"not_picked":["Recycle","Auto Shields","Doom and Gloom"],"picked":"BootSequence","floor":25},{"not_picked":["Turbo","Genetic Algorithm","Beam Cell+1"],"picked":"Cold Snap","floor":27},{"not_picked":["Static Discharge","Ball Lightning","Redo","Leap"],"picked":"SKIP","floor":28},{"not_picked":["Double Energy","Tempest","Beam Cell","Redo"],"picked":"SKIP","floor":29},{"not_picked":["Leap","Ball Lightning","Coolheaded","Sweeping Beam"],"picked":"SKIP","floor":31}],"player_experience":366364,"relics_obtained":[{"floor":7.0,"key":"Blue Candle"},{"floor":9.0,"key":"Question Card"},{"floor":12,"key":"Pen Nib"},{"floor":20,"key":"Nilry\u0027s Codex"},{"floor":26,"key":"Anchor"}],"event_choices":[{"cards_removed":["Strike_B"],"damage_healed":0.0,"max_hp_gain":0.0,"max_hp_loss":0.0,"gold_gain":0.0,"event_name":"The Cleric","player_choice":"Card Removal","floor":3.0,"gold_loss":75.0,"damage_taken":0.0},{"damage_healed":0.0,"max_hp_gain":0.0,"max_hp_loss":0.0,"gold_gain":0.0,"event_name":"Match and Keep!","player_choice":"1 cards matched","floor":4.0,"gold_loss":0.0,"damage_taken":0.0,"cards_obtained":["Core Surge"]},{"damage_healed":0,"gold_gain":0,"player_choice":"Obtained Book","damage_taken":21,"max_hp_gain":0,"max_hp_loss":0,"event_name":"Cursed Tome","floor":20,"gold_loss":0},{"damage_healed":0,"gold_gain":0,"player_choice":"Ignored","damage_taken":0,"max_hp_gain":0,"max_hp_loss":0,"event_name":"Ghosts","floor":21,"gold_loss":0},{"cards_removed":["Defend_B"],"damage_healed":0,"gold_gain":0,"player_choice":"Gave Gold","damage_taken":0,"max_hp_gain":0,"max_hp_loss":0,"event_name":"Beggar","floor":22,"gold_loss":75}],"is_beta":false,"boss_relics":[{"not_picked":["Empty Cage","Orrery"],"picked":"FrozenCore"}],"items_purged_floors":[],"is_endless":false,"potions_floor_spawned":[2,5,10,11,12,16,19,27,29],"killed_by":"Champ","ascension_level":15}