{"gold_per_floor":[15,15,15,26,26,51,51,80,104,29,104,117,128,140,140,236,236,249,249,249,267,17,17,44,44,44,44,44,75,75,102,102,102],"floor_reached":33,"playtime":1354,"items_purged":["Strike_B","Strike_B"],"score":351,"play_id":"f8365354-60ef-44cb-8cf0-13e521c5675f","local_time":"20180902214157","is_ascension_mode":true,"campfire_choices":[{"data":"Zap","floor":7,"key":"SMITH"},{"data":"Loop","floor":15,"key":"SMITH"},{"data":"Thunder Strike","floor":23,"key":"SMITH"},{"floor":25,"key":"REST"},{"data":"Electrodynamics","floor":27,"key":"SMITH"},{"data":"Self Repair","floor":30,"key":"SMITH"},{"data":"Dualcast","floor":32,"key":"SMITH"}],"neow_cost":"NO_GOLD","seed_source_timestamp":1575467261820264,"circlet_count":0,"master_deck":["Defend_B+1","Defend_B","Defend_B","Zap+1","Dualcast+1","White Noise","Dramatic Entrance","Ball Lightning","Ball Lightning","Redo+1","Loop+1","Electrodynamics+1","Heatsinks","Thunder Strike+1","Fission","Self Repair+1","BootSequence+1"],"relics":["Cracked Core","Pen Nib","Blood Vial","Ginger","Potion Belt","Black Star","MutagenicStrength","Kunai","Letter Opener","War Paint","Thread and Needle","Molten Egg 2","Pantograph"],"potions_floor_usage":[8,24,29,29],"damage_taken":[{"damage":0,"enemies":"Small Slimes","floor":1,"turns":3},{"damage":0,"enemies":"Cultist","floor":4,"turns":3},{"damage":26,"enemies":"Lagavulin","floor":6,"turns":5},{"damage":0,"enemies":"Gremlin Nob","floor":8,"turns":2},{"damage":1,"enemies":"Jaw Worm","floor":12,"turns":2},{"damage":0,"enemies":"2 Fungi Beasts","floor":13,"turns":2},{"damage":2,"enemies":"Blue Slaver","floor":14,"turns":2},{"damage":18,"enemies":"Slime Boss","floor":16,"turns":7},{"damage":7,"enemies":"Spheric Guardian","floor":18,"turns":3},{"damage":20,"enemies":"2 Thieves","floor":21,"turns":3},{"damage":36,"enemies":"Book of Stabbing","floor":24,"turns":4},{"damage":20,"enemies":"Slavers","floor":29,"turns":2},{"damage":18,"enemies":"Gremlin Leader","floor":31,"turns":3},{"damage":63,"enemies":"Champ","floor":33,"turns":6}],"seed_played":"-5751621566216951428","potions_obtained":[{"floor":4,"key":"Strength Potion"},{"floor":6,"key":"Swift Potion"},{"floor":13,"key":"Ancient Potion"},{"floor":24,"key":"Dexterity Potion"}],"is_trial":false,"path_per_floor":["M","?","?","M","?","E","R","E","T","$","?","M","M","M","R","B",null,"M","?","?","M","$","R","E","R","T","R","$","E","R","E","R"],"character_chosen":"DEFECT","items_purchased":["Thunder Strike"],"campfire_rested":1,"item_purchase_floors":[22],"current_hp_per_floor":[75,75,63,63,56,30,30,32,32,32,21,22,24,24,24,8,75,68,68,68,50,50,50,16,38,38,38,38,20,20,14,14,0],"gold":102,"neow_bonus":"REMOVE_TWO","is_prod":false,"is_daily":false,"chose_seed":false,"campfire_upgraded":6,"win_rate":0,"timestamp":1535946117,"path_taken":["M","?","?","?","?","E","R","E","T","?","?","?","?","M","R","BOSS","M","?","?","M","$","R","E","R","T","R","?","E","R","E","R","BOSS"],"build_version":"2018-08-30","purchased_purges":2,"victory":false,"max_hp_per_floor":[75,75,75,75,75,75,75,75,75,75,75,75,75,75,75,75,75,75,75,75,75,75,75,75,75,75,75,75,75,75,75,75,75],"card_choices":[{"not_picked":["Coolheaded","Turbo"],"picked":"White Noise","floor":1},{"not_picked":["Sweeping Beam","Go for the Eyes"],"picked":"Ball Lightning","floor":4},{"not_picked":["Conserve Battery","Tempest"],"picked":"Ball Lightning","floor":6},{"not_picked":["Sweeping Beam","Force Field","Chaos"],"picked":"SKIP","floor":8},{"not_picked":["Sweeping Beam","Compile Driver","Rip and Tear"],"picked":"SKIP","floor":12},{"not_picked":["Stack","Coolheaded"],"picked":"Redo","floor":13},{"not_picked":["Steam Power","Sweeping Beam"],"picked":"Loop","floor":14},{"not_picked":["Seek","Fission"],"picked":"Electrodynamics","floor":16},{"not_picked":["Aggregate","Beam Cell"],"picked":"Heatsinks","floor":18},{"not_picked":["Hologram","Beam Cell","Loop"],"picked":"SKIP","floor":21},{"not_picked":["Gash+1","Barrage"],"picked":"Fission","floor":24},{"not_picked":["Beam Cell+1","Turbo+1"],"picked":"Self Repair","floor":29},{"not_picked":["Genetic Algorithm+1","Turbo"],"picked":"BootSequence+1","floor":31}],"player_experience":68674,"relics_obtained":[{"floor":6,"key":"Blood Vial"},{"floor":8,"key":"Ginger"},{"floor":9,"key":"Potion Belt"},{"floor":24,"key":"Kunai"},{"floor":24,"key":"Letter Opener"},{"floor":26,"key":"War Paint"},{"floor":29,"key":"Thread and Needle"},{"floor":31,"key":"Molten Egg 2"},{"floor":31,"key":"Pantograph"}],"event_choices":[{"event_name":"Match and Keep!","player_choice":"1 cards matched","floor":2,"damage_taken":0},{"event_name":"Scrap Ooze","player_choice":"success","floor":3,"damage_taken":12},{"event_name":"Golden Wing","player_choice":"Card Removal","floor":5,"damage_taken":0},{"event_name":"World of Goop","player_choice":"Gather Gold","floor":11,"damage_taken":0},{"event_name":"Vampires","player_choice":"Ignored","floor":19,"damage_taken":0},{"event_name":"Drug Dealer","player_choice":"Inject Mutagens","floor":20,"damage_taken":0}],"is_beta":true,"boss_relics":[{"not_picked":["Runic Pyramid","Ectoplasm"],"picked":"Black Star"}],"items_purged_floors":[10,22],"is_endless":false,"potions_floor_spawned":[4,6,13,24],"killed_by":"Champ","ascension_level":1}