{"gold_per_floor":[116,129,148,196,196,196,230,250,250,269,301,301,315,315],"floor_reached":14,"playtime":589,"items_purged":[],"score":128,"play_id":"aebd8101-5525-4e8d-9e7e-4453b49a2543","local_time":"20190602133448","is_ascension_mode":true,"campfire_choices":[{"data":"Searing Blow","floor":6.0,"key":"SMITH"}],"neow_cost":"NONE","seed_source_timestamp":0,"circlet_count":0,"master_deck":["Strike_R","Strike_R","Strike_R","Strike_R","Strike_R","Defend_R","Defend_R","Defend_R","Defend_R","Bash","Impervious","Armaments+1","Pommel Strike","Searing Blow+1","Offering+1","Second Wind","Cleave","Shockwave","True Grit"],"special_seed":0,"relics":["Burning Blood","PreservedInsect","Dream Catcher","Peace Pipe","Shuriken"],"potions_floor_usage":[14,14],"damage_taken":[{"damage":1.0,"enemies":"Cultist","floor":1.0,"turns":4.0},{"damage":9.0,"enemies":"2 Louse","floor":2.0,"turns":3.0},{"damage":7.0,"enemies":"Jaw Worm","floor":3.0,"turns":3.0},{"damage":30.0,"enemies":"3 Sentries","floor":7.0,"turns":8.0},{"damage":32.0,"enemies":"Exordium Wildlife","floor":8.0,"turns":4.0},{"damage":0.0,"enemies":"Large Slime","floor":10.0,"turns":4.0},{"damage":16.0,"enemies":"Lagavulin","floor":11.0,"turns":4.0},{"damage":9,"enemies":"Blue Slaver","floor":13,"turns":5},{"damage":12,"enemies":"3 Sentries","floor":14,"turns":2}],"seed_played":"7035027844051513185","potions_obtained":[{"floor":1.0,"key":"SpeedPotion"},{"floor":3.0,"key":"Poison Potion"},{"floor":5.0,"key":"Fire Potion"},{"floor":5.0,"key":"Fruit Juice"},{"floor":5.0,"key":"Poison Potion"},{"floor":11.0,"key":"Swift Potion"},{"floor":13,"key":"Weak Potion"}],"is_trial":false,"path_per_floor":["M","M","M","T","?","R","E","M","T","M","E","?","M","E"],"character_chosen":"IRONCLAD","items_purchased":[],"campfire_rested":0,"item_purchase_floors":[],"current_hp_per_floor":[80,77,76,76,81,81,57,31,31,37,27,10,7,0],"gold":315,"neow_bonus":"ONE_RANDOM_RARE_CARD","is_prod":false,"is_daily":false,"chose_seed":false,"campfire_upgraded":1,"win_rate":0,"timestamp":1559500488,"path_taken":["M","M","M","?","?","R","E","?","T","M","E","?","M","E"],"build_version":"2019-01-23","purchased_purges":0,"victory":false,"max_hp_per_floor":[80,80,80,80,85,85,85,85,85,85,85,85,85,85],"card_choices":[{"not_picked":["Anger","Pummel"],"picked":"Armaments","floor":1.0},{"not_picked":["Clash","Perfected Strike"],"picked":"Pommel Strike","floor":2.0},{"not_picked":["Flex","Wild Strike"],"picked":"Searing Blow","floor":3.0},{"not_picked":["Evolve","Dual Wield"],"picked":"Offering","floor":7.0},{"not_picked":["Havoc","Sword Boomerang"],"picked":"Second Wind","floor":8.0},{"not_picked":["Havoc","Dropkick"],"picked":"Cleave","floor":10.0},{"not_picked":["Sword Boomerang","Disarm"],"picked":"Shockwave","floor":11.0},{"not_picked":["Searing Blow","Headbutt"],"picked":"True Grit","floor":13}],"player_experience":251410,"relics_obtained":[{"floor":4.0,"key":"PreservedInsect"},{"floor":7.0,"key":"Dream Catcher"},{"floor":9.0,"key":"Peace Pipe"},{"floor":11.0,"key":"Shuriken"}],"event_choices":[{"damage_healed":0.0,"max_hp_gain":0.0,"max_hp_loss":0.0,"gold_gain":0.0,"event_name":"Lab","player_choice":"Got Potions","floor":5.0,"gold_loss":0.0,"damage_taken":0.0},{"damage_healed":0.0,"max_hp_gain":0.0,"max_hp_loss":0.0,"gold_gain":0.0,"event_name":"Shining Light","player_choice":"Entered Light","floor":12.0,"gold_loss":0.0,"damage_taken":17.0,"cards_upgraded":["Armaments","Offering"]}],"is_beta":false,"boss_relics":[],"items_purged_floors":[],"is_endless":false,"potions_floor_spawned":[1,3,10,11,13],"killed_by":"3 Sentries","ascension_level":5}