{"gold_per_floor":[117,132,60,60,10,10,27,27,27,27,27,57,5,38,38,138,138,153,153,163,182,36,36,52,52],"floor_reached":25,"playtime":2182,"items_purged":["Strike_R"],"score":219,"play_id":"35734055-6050-45f2-a2b7-532eb53c5c0c","local_time":"20190516184716","is_ascension_mode":true,"campfire_choices":[{"data":"Feel No Pain","floor":6,"key":"SMITH"},{"data":"Flex","floor":8,"key":"SMITH"},{"data":"Shockwave","floor":10,"key":"SMITH"},{"floor":15,"key":"REST"},{"data":"Corruption","floor":23,"key":"SMITH"}],"neow_cost":"NONE","seed_source_timestamp":46865904951375,"circlet_count":0,"master_deck":["Strike_R","Strike_R","Defend_R","Defend_R","Defend_R","Defend_R","Bash","Shockwave+1","Clash","Shrug It Off","Feel No Pain+1","Flex+1","Seeing Red","Warcry","Corruption+1","Dark Embrace","Sword Boomerang","Whirlwind","Battle Trance","Rage"],"relics":["Black Blood","Self Forming Clay","Juzu Bracelet","Mummified Hand","Nunchaku"],"potions_floor_usage":[16,24,25],"damage_taken":[{"damage":4,"enemies":"Cultist","floor":1,"turns":3},{"damage":0,"enemies":"Small Slimes","floor":2,"turns":4},{"damage":1,"enemies":"Jaw Worm","floor":7,"turns":4},{"damage":23,"enemies":"3 Sentries","floor":12,"turns":18},{"damage":30,"enemies":"Gremlin Nob","floor":14,"turns":5},{"damage":19,"enemies":"The Guardian","floor":16,"turns":7},{"damage":8,"enemies":"Shell Parasite","floor":18,"turns":4},{"damage":20,"enemies":"3 Byrds","floor":20,"turns":7},{"damage":25,"enemies":"Snake Plant","floor":21,"turns":4},{"damage":15,"enemies":"Centurion and Healer","floor":24,"turns":6},{"damage":59,"enemies":"Gremlin Leader","floor":25,"turns":6}],"seed_played":"2059762487732755175","potions_obtained":[{"floor":1,"key":"EssenceOfSteel"},{"floor":7,"key":"PowerPotion"},{"floor":16,"key":"Swift Potion"},{"floor":21,"key":"SkillPotion"}],"is_trial":false,"path_per_floor":["M","M","$","?","$","R","M","R","T","R","?","E","$","E","R","B",null,"M","?","M","M","$","R","M","E"],"character_chosen":"IRONCLAD","items_purchased":["Feel No Pain","Strength Potion","Warcry","Rage"],"campfire_rested":1,"item_purchase_floors":[3,5,13,22],"current_hp_per_floor":[80,80,80,85,85,85,85,85,85,85,78,61,61,37,62,49,85,85,85,75,60,60,60,55,0],"gold":52,"neow_bonus":"TRANSFORM_CARD","is_prod":false,"is_daily":false,"chose_seed":false,"campfire_upgraded":4,"win_rate":0,"timestamp":1558050436,"path_taken":["M","?","$","?","$","R","M","R","T","R","?","E","?","E","R","BOSS","M","?","M","M","$","R","M","E"],"build_version":"2019-01-23","purchased_purges":1,"victory":false,"max_hp_per_floor":[80,80,80,85,85,85,85,85,85,85,85,85,85,85,85,85,85,85,85,85,85,85,85,85,85],"card_choices":[{"not_picked":["Perfected Strike","Anger"],"picked":"Clash","floor":1},{"not_picked":["Shockwave","Flame Barrier"],"picked":"Shrug It Off","floor":2},{"not_picked":["Spot Weakness","Perfected Strike"],"picked":"Flex","floor":7},{"not_picked":["Anger","Clash"],"picked":"Seeing Red","floor":12},{"not_picked":["Sword Boomerang","Twin Strike"],"picked":"Corruption","floor":14},{"not_picked":["Feed","Reaper"],"picked":"Dark Embrace","floor":16},{"not_picked":["True Grit","Clothesline+1"],"picked":"Sword Boomerang","floor":18},{"not_picked":["Clash","Iron Wave"],"picked":"Whirlwind","floor":20},{"not_picked":["Heavy Blade","Anger"],"picked":"Battle Trance","floor":21},{"not_picked":["Headbutt","Body Slam","Thunderclap+1"],"picked":"SKIP","floor":24}],"player_experience":74456,"relics_obtained":[{"floor":9,"key":"Self Forming Clay"},{"floor":12,"key":"Juzu Bracelet"},{"floor":14,"key":"Mummified Hand"}],"event_choices":[{"damage_healed":0,"gold_gain":0,"player_choice":"Donut","damage_taken":0,"max_hp_gain":5,"max_hp_loss":0,"event_name":"Big Fish","floor":4,"gold_loss":0},{"cards_removed":["Strike_R"],"damage_healed":0,"gold_gain":0,"player_choice":"Card Removal","damage_taken":7,"max_hp_gain":0,"max_hp_loss":0,"event_name":"Golden Wing","floor":11,"gold_loss":0},{"damage_healed":0,"gold_gain":0,"player_choice":"Gave Potion","damage_taken":0,"relics_obtained":["Nunchaku"],"max_hp_gain":0,"max_hp_loss":0,"event_name":"WeMeetAgain","floor":19,"gold_loss":0}],"is_beta":false,"boss_relics":[{"not_picked":["White Beast Statue","Tiny House"],"picked":"Black Blood"}],"items_purged_floors":[22],"is_endless":false,"potions_floor_spawned":[1,7,16,21],"killed_by":"Gremlin Leader","ascension_level":1}