{"gold_per_floor":[18,28,45,45,19,54,54,54,54,54,34,48,66,97,109,194,206,233,245,182,214,236,283,295],"floor_reached":24,"playtime":1434,"items_purged":[],"score":396,"play_id":"9a296efb-a54c-49b3-8f13-a37de8ae4cff","local_time":"20190629182134","is_ascension_mode":true,"campfire_choices":[{"data":"Fiend Fire","floor":8,"key":"SMITH"},{"data":"Disarm","floor":10,"key":"SMITH"},{"data":"True Grit","floor":15,"key":"SMITH"}],"neow_cost":"NO_GOLD","seed_source_timestamp":101990781812594,"circlet_count":0,"master_deck":["AscendersBane","Strike_R","Strike_R","Strike_R","Defend_R","Defend_R","Defend_R","Defend_R","Bash","Fiend Fire+1","Shrug It Off","Disarm+1","Pommel Strike","Cleave","Feed","True Grit+1","Bludgeon","Demon Form","Cleave","Spot Weakness","Battle Trance","Sword Boomerang"],"relics":["Burning Blood","Vajra","Gremlin Horn","MawBank","White Beast Statue","Oddly Smooth Stone"],"potions_floor_usage":[14,16,18,22,22,23,24],"damage_taken":[{"damage":5,"enemies":"Small Slimes","floor":1,"turns":3},{"damage":4,"enemies":"Jaw Worm","floor":2,"turns":2},{"damage":3,"enemies":"2 Louse","floor":3,"turns":3},{"damage":39,"enemies":"3 Sentries","floor":6,"turns":14},{"damage":12,"enemies":"2 Fungi Beasts","floor":12,"turns":3},{"damage":0,"enemies":"Lots of Slimes","floor":13,"turns":4},{"damage":29,"enemies":"Gremlin Nob","floor":14,"turns":5},{"damage":14,"enemies":"Hexaghost","floor":16,"turns":10},{"damage":22,"enemies":"Spheric Guardian","floor":18,"turns":4},{"damage":2,"enemies":"Chosen","floor":21,"turns":4},{"damage":18,"enemies":"3 Cultists","floor":22,"turns":5},{"damage":50,"enemies":"Gremlin Leader","floor":23,"turns":7},{"damage":13,"enemies":"Snake Plant","floor":24,"turns":5}],"seed_played":"-6167508098311052106","potions_obtained":[{"floor":3,"key":"SpeedPotion"},{"floor":11,"key":"Weak Potion"},{"floor":16,"key":"Energy Potion"},{"floor":18,"key":"Fire Potion"},{"floor":21,"key":"BloodPotion"},{"floor":22,"key":"SteroidPotion"},{"floor":23,"key":"Ancient Potion"}],"is_trial":false,"path_per_floor":["M","M","M","?","$","E","?","R","T","R","?","M","M","E","R","B",null,"M","?","?","M","M","E","M"],"character_chosen":"IRONCLAD","items_purchased":["Pommel Strike"],"campfire_rested":0,"item_purchase_floors":[5],"current_hp_per_floor":[69,71,74,74,74,41,46,46,46,46,46,40,49,26,26,18,67,51,51,51,55,54,10,0],"gold":295,"neow_bonus":"THREE_RARE_CARDS","is_prod":false,"is_daily":false,"chose_seed":false,"campfire_upgraded":3,"win_rate":0,"timestamp":1561850494,"path_taken":["M","M","M","?","?","E","?","R","T","R","?","M","?","E","R","BOSS","M","?","?","M","M","E","M"],"build_version":"2019-01-23","purchased_purges":0,"victory":false,"max_hp_per_floor":[75,75,75,75,75,75,80,80,80,80,80,80,83,83,83,83,83,83,83,83,83,86,86,86],"card_choices":[{"not_picked":["Dark Embrace","Berserk"],"picked":"Fiend Fire","floor":0},{"not_picked":["Perfected Strike","Power Through"],"picked":"Shrug It Off","floor":1},{"not_picked":["Rage","Searing Blow"],"picked":"Disarm","floor":2},{"not_picked":["Shrug It Off","Wild Strike","Clash"],"picked":"SKIP","floor":3},{"not_picked":["Warcry","Havoc"],"picked":"Cleave","floor":6},{"not_picked":["Flex","Cleave"],"picked":"Feed","floor":12},{"not_picked":["Sword Boomerang","Headbutt"],"picked":"True Grit","floor":13},{"not_picked":["Clash","Wild Strike"],"picked":"Bludgeon","floor":14},{"not_picked":["Fiend Fire","Dark Embrace"],"picked":"Demon Form","floor":16},{"not_picked":["Perfected Strike","Uppercut","Dual Wield"],"picked":"SKIP","floor":18},{"not_picked":["Pummel","Havoc"],"picked":"Battle Trance","floor":21},{"not_picked":["Thunderclap","Perfected Strike"],"picked":"Sword Boomerang","floor":22},{"not_picked":["Uppercut","Flex+1","Infernal Blade"],"picked":"SKIP","floor":23}],"player_experience":425042,"relics_obtained":[{"floor":6,"key":"Vajra"},{"floor":9,"key":"Gremlin Horn"},{"floor":14,"key":"MawBank"},{"floor":23,"key":"Oddly Smooth Stone"}],"event_choices":[{"damage_healed":0,"gold_gain":0,"player_choice":"Ignored","damage_taken":0,"max_hp_gain":0,"max_hp_loss":0,"event_name":"Liars Game","floor":4,"gold_loss":0},{"damage_healed":0,"gold_gain":0,"player_choice":"Donut","damage_taken":0,"max_hp_gain":5,"max_hp_loss":0,"event_name":"Big Fish","floor":7,"gold_loss":0},{"damage_healed":0,"gold_gain":0,"player_choice":"Bought 1 Potion","damage_taken":0,"max_hp_gain":0,"max_hp_loss":0,"event_name":"The Woman in Blue","floor":11,"gold_loss":0},{"damage_healed":0,"gold_gain":0,"player_choice":"Ignored","damage_taken":0,"max_hp_gain":0,"max_hp_loss":0,"event_name":"Vampires","floor":19,"gold_loss":0},{"damage_healed":0,"gold_gain":0,"cards_transformed":["Strike_R","Strike_R"],"player_choice":"Transformed Cards","damage_taken":0,"max_hp_gain":0,"max_hp_loss":0,"event_name":"Designer","floor":20,"gold_loss":75,"cards_obtained":["Cleave","Spot Weakness"]}],"is_beta":false,"boss_relics":[{"not_picked":["Lizard Tail","Calling Bell"],"picked":"White Beast Statue"}],"items_purged_floors":[],"is_endless":false,"potions_floor_spawned":[3,13,16,18,21,22,23],"killed_by":"Snake Plant","ascension_level":15}