{"gold_per_floor":[117,129,129,142,153,153,167,167,167,56,89,89,109,128,128,225,225,235,251,251,38,38,71,71,71,71,90,90,38,65,77,77,181,181,198,198,27,0,12,12,38,51,97,97],"floor_reached":44,"playtime":2481,"items_purged":["Strike_R","Decay"],"score":698,"play_id":"e130a12e-b360-4fc4-95cb-d6bc1751bc32","local_time":"20190531183617","is_ascension_mode":true,"campfire_choices":[{"data":"Offering","floor":6,"key":"SMITH"},{"data":"True Grit","floor":8,"key":"SMITH"},{"data":"Inflame","floor":12,"key":"SMITH"},{"data":"Flex","floor":15,"key":"SMITH"},{"data":"Feed","floor":24,"key":"SMITH"},{"data":"Corruption","floor":28,"key":"SMITH"},{"floor":32,"key":"REST"},{"data":"Fiend Fire","floor":40,"key":"SMITH"}],"neow_cost":"NONE","seed_source_timestamp":607824553751910,"circlet_count":0,"master_deck":["Strike_R","Strike_R","Strike_R","Defend_R","Defend_R","Defend_R","Defend_R","Bash","True Grit+1","Iron Wave","Offering+1","Feel No Pain","Pommel Strike","Inflame+1","Thunderclap","Dropkick","Flex+1","Feed+1","Iron Wave+1","Armaments+1","Necronomicurse","Corruption+1","Second Wind+1","Clumsy","Parasite","Dropkick","Havoc+1","Fiend Fire+1","Writhe","Metallicize","Power Through+1","Sentinel+1","Disarm","Injury"],"relics":["Burning Blood","Mercury Hourglass","Anchor","Cursed Key","Necronomicon","Vajra","Nunchaku","Charon\u0027s Ashes","Gremlin Horn","Bird Faced Urn","Bag of Marbles","Philosopher\u0027s Stone","Red Mask","Juzu Bracelet","Dream Catcher"],"potions_floor_usage":[11,11,16,23,27,31,33,41,42,44],"damage_taken":[{"damage":9,"enemies":"2 Louse","floor":1,"turns":3},{"damage":7,"enemies":"Jaw Worm","floor":2,"turns":3},{"damage":6,"enemies":"Small Slimes","floor":4,"turns":3},{"damage":12,"enemies":"Exordium Wildlife","floor":5,"turns":4},{"damage":17,"enemies":"Blue Slaver","floor":7,"turns":3},{"damage":17,"enemies":"Lagavulin","floor":11,"turns":5},{"damage":12,"enemies":"Lots of Slimes","floor":13,"turns":3},{"damage":6,"enemies":"Gremlin Gang","floor":14,"turns":4},{"damage":29,"enemies":"Hexaghost","floor":16,"turns":7},{"damage":6,"enemies":"Spheric Guardian","floor":18,"turns":3},{"damage":8,"enemies":"Chosen","floor":19,"turns":2},{"damage":34,"enemies":"Book of Stabbing","floor":23,"turns":4},{"damage":15,"enemies":"Centurion and Healer","floor":27,"turns":5},{"damage":19,"enemies":"Snake Plant","floor":31,"turns":5},{"damage":37,"enemies":"Collector","floor":33,"turns":6},{"damage":40,"enemies":"3 Darklings","floor":35,"turns":4},{"damage":0,"enemies":"Orb Walker","floor":39,"turns":2},{"damage":24,"enemies":"Reptomancer","floor":41,"turns":5},{"damage":28,"enemies":"Maw","floor":42,"turns":8},{"damage":92,"enemies":"Giant Head","floor":44,"turns":8}],"seed_played":"9131206298746571720","potions_obtained":[{"floor":1,"key":"SpeedPotion"},{"floor":2,"key":"FearPotion"},{"floor":4,"key":"Strength Potion"},{"floor":14,"key":"Fire Potion"},{"floor":19,"key":"BloodPotion"},{"floor":23,"key":"Poison Potion"},{"floor":33,"key":"SteroidPotion"},{"floor":39,"key":"Dexterity Potion"},{"floor":42,"key":"Block Potion"}],"is_trial":false,"path_per_floor":["M","M","?","M","M","R","M","R","T","$","E","R","M","M","R","B",null,"M","M","?","$","?","E","R","T","T","M","R","$","T","M","R","B",null,"M","?","$","?","M","R","E","M","T","E"],"character_chosen":"IRONCLAD","items_purchased":["Inflame","Vajra","Corruption","Weak Potion","Metallicize"],"campfire_rested":1,"item_purchase_floors":[10,21,21,29,37],"current_hp_per_floor":[85,84,84,84,78,78,67,67,67,67,56,56,50,50,50,27,73,73,74,58,58,58,39,39,39,39,38,38,38,38,29,57,32,79,49,73,73,73,85,85,79,69,69,0],"gold":97,"neow_bonus":"TEN_PERCENT_HP_BONUS","is_prod":false,"is_daily":false,"chose_seed":false,"campfire_upgraded":7,"win_rate":0,"timestamp":1559345777,"path_taken":["M","M","?","M","M","R","M","R","T","?","E","R","M","M","R","BOSS","M","M","?","$","?","E","R","?","T","?","R","$","?","?","R","BOSS","M","?","$","?","M","R","E","M","T","E"],"build_version":"2019-01-23","purchased_purges":2,"victory":false,"max_hp_per_floor":[88,88,88,88,88,88,88,88,88,88,88,88,88,88,88,88,88,88,91,91,91,91,91,91,91,91,95,95,95,95,95,95,95,95,95,95,95,95,99,99,103,107,107,107],"card_choices":[{"not_picked":["Uppercut","Second Wind"],"picked":"True Grit","floor":1},{"not_picked":["Combust","Anger"],"picked":"Iron Wave","floor":2},{"not_picked":["Flame Barrier","Fire Breathing"],"picked":"Feel No Pain","floor":4},{"not_picked":["Body Slam","True Grit"],"picked":"Pommel Strike","floor":5},{"not_picked":["Evolve","Dual Wield","Combust"],"picked":"SKIP","floor":7},{"not_picked":["Exhume","Warcry"],"picked":"Thunderclap","floor":11},{"not_picked":["Twin Strike","Combust"],"picked":"Dropkick","floor":13},{"not_picked":["Cleave","Carnage"],"picked":"Flex","floor":14},{"not_picked":["Berserk","Exhume"],"picked":"Feed","floor":16},{"not_picked":["Rampage+1","Shockwave"],"picked":"Iron Wave+1","floor":18},{"not_picked":["Cleave","Battle Trance"],"picked":"Armaments+1","floor":19},{"not_picked":["Anger+1","Flame Barrier"],"picked":"Second Wind+1","floor":23},{"not_picked":["Searing Blow","Second Wind"],"picked":"Dropkick","floor":27},{"not_picked":["Sever Soul+1","Cleave"],"picked":"Havoc+1","floor":31},{"not_picked":["Reaper","Barricade"],"picked":"Fiend Fire","floor":33},{"not_picked":["Carnage+1","Perfected Strike+1","Dropkick"],"picked":"SKIP","floor":35},{"not_picked":["Intimidate+1","Wild Strike+1"],"picked":"Power Through+1","floor":39},{"not_picked":["Perfected Strike+1","True Grit+1"],"picked":"Sentinel+1","floor":41},{"not_picked":["Perfected Strike","Heavy Blade"],"picked":"Disarm","floor":42}],"player_experience":239495,"relics_obtained":[{"floor":9,"key":"Mercury Hourglass"},{"floor":11,"key":"Anchor"},{"floor":20,"key":"Necronomicon"},{"floor":23,"key":"Charon\u0027s Ashes"},{"floor":25,"key":"Gremlin Horn"},{"floor":26,"key":"Bird Faced Urn"},{"floor":30,"key":"Bag of Marbles"},{"floor":41,"key":"Juzu Bracelet"},{"floor":43,"key":"Dream Catcher"}],"event_choices":[{"damage_healed":0,"gold_gain":0,"cards_transformed":["Strike_R"],"player_choice":"Change","damage_taken":0,"max_hp_gain":0,"max_hp_loss":0,"event_name":"Living Wall","floor":3,"gold_loss":0,"cards_obtained":["Offering"]},{"damage_healed":0,"gold_gain":0,"player_choice":"Obtained Book","damage_taken":16,"max_hp_gain":0,"max_hp_loss":0,"event_name":"Cursed Tome","floor":20,"gold_loss":0},{"damage_healed":0,"gold_gain":0,"player_choice":"Opened","damage_taken":0,"relics_obtained":["Nunchaku"],"max_hp_gain":0,"max_hp_loss":0,"event_name":"The Mausoleum","floor":22,"gold_loss":0},{"damage_healed":24,"gold_gain":0,"player_choice":"Writhe","damage_taken":0,"max_hp_gain":0,"max_hp_loss":0,"event_name":"Winding Halls","floor":36,"gold_loss":0,"cards_obtained":["Writhe"]},{"damage_healed":0,"gold_gain":0,"player_choice":"Paid","damage_taken":0,"relics_obtained":["Red Mask"],"max_hp_gain":0,"max_hp_loss":0,"event_name":"Tomb of Lord Red Mask","floor":38,"gold_loss":27}],"is_beta":false,"boss_relics":[{"not_picked":["Pandora\u0027s Box","Black Blood"],"picked":"Cursed Key"},{"not_picked":["Runic Dome","Sozu"],"picked":"Philosopher\u0027s Stone"}],"items_purged_floors":[10,37],"is_endless":false,"potions_floor_spawned":[1,2,4,14,19,23,33,39,42],"killed_by":"Giant Head","ascension_level":5}