{"gold_per_floor":[112,129,140,140,152,152,55,55,103,127,195,223,264,276,288,399,411,439,466,492,0,15,42,42,52,98,98,133,133,8,19,19,119,119,138,192,192],"floor_reached":37,"playtime":2643,"items_purged":["Strike_B","Defend_B","Defend_B"],"score":446,"play_id":"e2f54327-9c8f-47f7-9572-843a0b96ce9e","local_time":"20190613231636","is_ascension_mode":false,"campfire_choices":[{"data":"Zap","floor":6,"key":"SMITH"},{"data":"Dualcast","floor":8,"key":"SMITH"},{"data":"Defragment","floor":15,"key":"SMITH"},{"data":"Barrage","floor":24,"key":"SMITH"},{"floor":27,"key":"REST"},{"data":"Fission","floor":29,"key":"SMITH"},{"data":"Loop","floor":32,"key":"SMITH"}],"neow_cost":"TEN_PERCENT_HP_LOSS","seed_source_timestamp":135921746508100,"circlet_count":0,"master_deck":["Defend_B+1","Defend_B+1","Zap+1","Dualcast+1","Chill","Lockon","Ball Lightning","Go for the Eyes","Beam Cell","Melter","Machine Learning","Defragment+1","Fission+1","Capacitor+1","Doom and Gloom+1","Blizzard+1","Steam+1","Echo Form","Leap+1","Conserve Battery","Barrage+1","Fission","Loop+1","Biased Cognition","Coolheaded"],"relics":["Cracked Core","Ice Cream","MawBank","Tiny Chest","Calipers","Astrolabe","War Paint","Lee\u0027s Waffle","Bag of Preparation","Oddly Smooth Stone","Busted Crown","StoneCalendar"],"potions_floor_usage":[20,33,33,33,33,35,36],"damage_taken":[{"damage":1,"enemies":"Jaw Worm","floor":1,"turns":4},{"damage":0,"enemies":"Cultist","floor":2,"turns":4},{"damage":5,"enemies":"Small Slimes","floor":3,"turns":4},{"damage":5,"enemies":"Looter","floor":5,"turns":2},{"damage":0,"enemies":"Lots of Slimes","floor":10,"turns":4},{"damage":14,"enemies":"Gremlin Nob","floor":11,"turns":4},{"damage":2,"enemies":"Exordium Wildlife","floor":12,"turns":3},{"damage":5,"enemies":"Lagavulin","floor":13,"turns":5},{"damage":23,"enemies":"The Guardian","floor":16,"turns":7},{"damage":22,"enemies":"2 Thieves","floor":18,"turns":3},{"damage":11,"enemies":"3 Byrds","floor":19,"turns":5},{"damage":8,"enemies":"3 Cultists","floor":20,"turns":4},{"damage":17,"enemies":"Snecko","floor":22,"turns":7},{"damage":34,"enemies":"Gremlin Leader","floor":23,"turns":4},{"damage":14,"enemies":"Centurion and Healer","floor":25,"turns":7},{"damage":16,"enemies":"Book of Stabbing","floor":28,"turns":6},{"damage":15,"enemies":"Snake Plant","floor":31,"turns":4},{"damage":1,"enemies":"Automaton","floor":33,"turns":6},{"damage":42,"enemies":"3 Darklings","floor":35,"turns":5},{"damage":23,"enemies":"2 Orb Walkers","floor":36,"turns":5},{"damage":16,"enemies":"3 Shapes","floor":37,"turns":5}],"seed_played":"-749731537501491867","potions_obtained":[{"floor":1,"key":"SkillPotion"},{"floor":3,"key":"EntropicBrew"},{"floor":13,"key":"FearPotion"},{"floor":20,"key":"Poison Potion"},{"floor":31,"key":"FocusPotion"},{"floor":33,"key":"FearPotion"},{"floor":36,"key":"GamblersBrew"}],"is_trial":false,"path_per_floor":["M","M","M","?","M","R","$","R","T","M","E","M","E","?","R","B",null,"M","M","M","$","M","E","R","M","T","R","E","R","$","M","R","B",null,"M","?","M"],"character_chosen":"DEFECT","items_purchased":["Beam Cell","War Paint","Lee\u0027s Waffle","Conserve Battery"],"campfire_rested":1,"item_purchase_floors":[7,21,21,21],"current_hp_per_floor":[67,67,62,68,63,63,63,63,63,63,49,47,42,47,47,24,73,51,40,32,80,63,29,29,15,15,39,23,23,23,8,8,7,80,38,15,0],"gold":192,"neow_bonus":"ONE_RARE_RELIC","is_prod":false,"is_daily":false,"chose_seed":false,"campfire_upgraded":6,"win_rate":0,"timestamp":1560489396,"path_taken":["M","M","M","?","?","R","$","R","T","M","E","M","E","?","R","BOSS","M","M","M","$","M","E","R","M","T","R","E","R","$","M","R","BOSS","M","?","M"],"build_version":"2019-06-12","purchased_purges":3,"victory":false,"max_hp_per_floor":[68,68,68,68,68,68,68,68,68,68,68,68,68,73,73,73,73,73,73,73,80,80,80,80,80,80,80,80,80,80,80,80,80,80,80,80,80],"card_choices":[{"not_picked":["Hologram","Barrage"],"picked":"Chill","floor":1},{"not_picked":["Gash","Stack"],"picked":"Lockon","floor":2},{"not_picked":["Hello World","Cold Snap"],"picked":"Ball Lightning","floor":3},{"not_picked":["Hello World","Gash"],"picked":"Go for the Eyes","floor":5},{"not_picked":["Force Field","Streamline"],"picked":"Melter","floor":10},{"not_picked":["Steam","Rebound"],"picked":"Machine Learning","floor":11},{"not_picked":["Reinforced Body","Beam Cell"],"picked":"Defragment","floor":12},{"not_picked":["Ball Lightning","Rebound","Leap"],"picked":"SKIP","floor":13},{"not_picked":["Thunder Strike","Core Surge"],"picked":"Fission","floor":16},{"not_picked":["Leap","Turbo"],"picked":"Steam+1","floor":18},{"not_picked":["Aggregate","Streamline"],"picked":"Echo Form","floor":19},{"not_picked":["Gash","BootSequence+1"],"picked":"Leap+1","floor":20},{"not_picked":["Reprogram","Doom and Gloom+1","Turbo"],"picked":"SKIP","floor":22},{"not_picked":["Beam Cell+1","Hologram"],"picked":"Barrage","floor":23},{"not_picked":["Beam Cell","Streamline","Hologram"],"picked":"SKIP","floor":25},{"not_picked":["FTL","Heatsinks"],"picked":"Fission","floor":28},{"not_picked":["Blizzard+1","Sweeping Beam"],"picked":"Loop","floor":31},{"not_picked":["Amplify","All For One"],"picked":"Biased Cognition","floor":33},{"not_picked":[],"picked":"Coolheaded","floor":35}],"player_experience":266559,"relics_obtained":[{"floor":9,"key":"MawBank"},{"floor":11,"key":"Tiny Chest"},{"floor":13,"key":"Calipers"},{"floor":23,"key":"Bag of Preparation"},{"floor":28,"key":"Oddly Smooth Stone"},{"floor":36,"key":"StoneCalendar"}],"event_choices":[{"damage_healed":6,"gold_gain":0,"player_choice":"Full Heal","damage_taken":0,"max_hp_gain":0,"max_hp_loss":0,"event_name":"Wheel of Change","floor":4,"gold_loss":0},{"damage_healed":0,"gold_gain":0,"player_choice":"Donut","damage_taken":0,"max_hp_gain":5,"max_hp_loss":0,"event_name":"Big Fish","floor":14,"gold_loss":0},{"damage_healed":0,"gold_gain":0,"player_choice":"Fight","damage_taken":0,"max_hp_gain":0,"max_hp_loss":0,"event_name":"Mysterious Sphere","floor":36,"gold_loss":0}],"is_beta":true,"boss_relics":[{"not_picked":["Pandora\u0027s Box","Lizard Tail"],"picked":"Astrolabe"},{"not_picked":["Philosopher\u0027s Stone","Snecko Eye"],"picked":"Busted Crown"}],"items_purged_floors":[7,21,30],"is_endless":false,"potions_floor_spawned":[1,3,13,20,31,33,36],"killed_by":"3 Shapes","ascension_level":0}