{"gold_per_floor":[110,127,127,146,146,146,181,192,245,275,275,285,296,313,313,313],"floor_reached":16,"playtime":725,"items_purged":[],"score":177,"play_id":"e8933b14-478b-4a76-aaa7-72054a0b439e","local_time":"20190728041254","is_ascension_mode":true,"campfire_choices":[{"data":"Streamline","floor":6,"key":"SMITH"},{"data":"Fusion","floor":11,"key":"SMITH"},{"data":"Leap","floor":15,"key":"SMITH"}],"neow_cost":"NONE","seed_source_timestamp":1494434145502900,"circlet_count":0,"master_deck":["AscendersBane","Strike_B","Strike_B","Strike_B","Strike_B","Defend_B","Defend_B","Defend_B","Defend_B","Zap","Dualcast","Turbo","Streamline+1","Self Repair","Fusion+1","Reboot","Glacier","Leap+1","Reboot","BootSequence"],"relics":["Cracked Core","Darkstone Periapt","Lantern","Potion Belt","Symbiotic Virus"],"potions_floor_usage":[],"damage_taken":[{"damage":7,"enemies":"Jaw Worm","floor":1,"turns":4},{"damage":0,"enemies":"2 Louse","floor":2,"turns":3},{"damage":0,"enemies":"Cultist","floor":4,"turns":3},{"damage":30,"enemies":"3 Sentries","floor":7,"turns":8},{"damage":12,"enemies":"2 Fungi Beasts","floor":8,"turns":4},{"damage":30,"enemies":"Lagavulin","floor":10,"turns":7},{"damage":3,"enemies":"3 Louse","floor":12,"turns":3},{"damage":0,"enemies":"Looter","floor":13,"turns":3},{"damage":10,"enemies":"Lots of Slimes","floor":14,"turns":4},{"damage":36,"enemies":"The Guardian","floor":16,"turns":2}],"seed_played":"7653038167162472337","potions_obtained":[{"floor":4,"key":"GamblersBrew"},{"floor":10,"key":"Dexterity Potion"},{"floor":12,"key":"AttackPotion"}],"is_trial":false,"path_per_floor":["M","M","?","M","?","R","E","M","T","E","R","M","M","M","R","B"],"character_chosen":"DEFECT","items_purchased":[],"campfire_rested":0,"item_purchase_floors":[],"current_hp_per_floor":[68,68,68,68,68,68,45,40,40,17,17,14,14,11,11,0],"gold":313,"neow_bonus":"TEN_PERCENT_HP_BONUS","is_prod":false,"is_daily":false,"chose_seed":false,"campfire_upgraded":3,"win_rate":0,"timestamp":1564308774,"path_taken":["M","M","?","M","?","R","E","M","T","E","R","M","M","?","R","BOSS"],"build_version":"2019-07-18","purchased_purges":0,"victory":false,"max_hp_per_floor":[82,82,82,82,82,82,82,82,82,82,82,82,82,82,82,82],"card_choices":[{"not_picked":["Compile Driver","Steam"],"picked":"Turbo","floor":1},{"not_picked":["Heatsinks","Aggregate"],"picked":"Streamline","floor":2},{"not_picked":["Defragment","Beam Cell"],"picked":"Self Repair","floor":4},{"not_picked":["Capacitor","Recycle"],"picked":"Fusion","floor":7},{"not_picked":["Leap","Steam"],"picked":"Reboot","floor":8},{"not_picked":["Rebound","Turbo"],"picked":"Glacier","floor":10},{"not_picked":["Go for the Eyes","Reinforced Body"],"picked":"Leap","floor":12},{"not_picked":["Beam Cell","Leap"],"picked":"Reboot","floor":13},{"not_picked":["Barrage","Sweeping Beam"],"picked":"BootSequence","floor":14}],"player_experience":410479,"relics_obtained":[{"floor":7,"key":"Lantern"},{"floor":9,"key":"Potion Belt"},{"floor":10,"key":"Symbiotic Virus"}],"event_choices":[{"damage_healed":0,"gold_gain":0,"player_choice":"Ignored","damage_taken":0,"max_hp_gain":0,"max_hp_loss":0,"event_name":"Liars Game","floor":3,"gold_loss":0},{"damage_healed":0,"gold_gain":0,"player_choice":"Gave Potion","damage_taken":0,"relics_obtained":["Darkstone Periapt"],"max_hp_gain":0,"max_hp_loss":0,"event_name":"WeMeetAgain","floor":5,"gold_loss":0}],"is_beta":true,"boss_relics":[],"items_purged_floors":[],"is_endless":false,"potions_floor_spawned":[4,10,12],"killed_by":"The Guardian","ascension_level":11}