{"gold_per_floor":[114,125,136,156,231,231,231,231,231,245,245,29,29,44,44,44],"floor_reached":16,"playtime":696,"items_purged":["Decay"],"score":138,"play_id":"d2137a1c-0b8e-49f3-a499-abe26fa50349","local_time":"20190727012530","is_ascension_mode":true,"campfire_choices":[{"data":"Zap","floor":6,"key":"SMITH"},{"data":"Leap","floor":8,"key":"SMITH"},{"data":"Redo","floor":13,"key":"SMITH"},{"data":"Dualcast","floor":15,"key":"SMITH"}],"neow_cost":"NONE","seed_source_timestamp":1398022557922000,"circlet_count":0,"master_deck":["AscendersBane","Strike_B","Strike_B","Strike_B","Defend_B","Defend_B","Defend_B","Defend_B","Zap+1","Dualcast+1","Hologram","Leap+1","Cold Snap","Redo+1","Storm","Coolheaded"],"relics":["Busted Crown","Bottled Lightning"],"potions_floor_usage":[16],"damage_taken":[{"damage":1,"enemies":"Cultist","floor":1,"turns":4},{"damage":15,"enemies":"Jaw Worm","floor":2,"turns":4},{"damage":5,"enemies":"Small Slimes","floor":3,"turns":3},{"damage":4,"enemies":"Red Slaver","floor":4,"turns":4},{"damage":1,"enemies":"Lots of Slimes","floor":10,"turns":5},{"damage":10,"enemies":"Exordium Wildlife","floor":14,"turns":7},{"damage":25,"enemies":"Hexaghost","floor":16,"turns":14}],"seed_played":"-4750646766271407372","potions_obtained":[{"floor":3,"key":"Poison Potion"},{"floor":10,"key":"Explosive Potion"}],"is_trial":false,"path_per_floor":["M","M","M","M","?","R","?","R","T","M","?","$","R","M","R","B"],"character_chosen":"DEFECT","items_purchased":["Cold Snap","Redo","Storm"],"campfire_rested":0,"item_purchase_floors":[12,12,12],"current_hp_per_floor":[67,52,47,43,32,32,32,32,32,31,31,31,31,21,21,0],"gold":44,"neow_bonus":"BOSS_RELIC","is_prod":false,"is_daily":false,"chose_seed":false,"campfire_upgraded":4,"win_rate":0,"timestamp":1564212330,"path_taken":["M","M","M","M","?","R","?","R","T","?","?","$","R","M","R","BOSS"],"build_version":"2019-07-18","purchased_purges":1,"victory":false,"max_hp_per_floor":[75,75,75,75,75,75,75,75,75,75,75,75,75,75,75,75],"card_choices":[{"not_picked":[],"picked":"Hologram","floor":1},{"not_picked":["Recycle"],"picked":"SKIP","floor":2},{"not_picked":[],"picked":"Leap","floor":3},{"not_picked":["Aggregate"],"picked":"SKIP","floor":4},{"not_picked":["Barrage"],"picked":"SKIP","floor":10},{"not_picked":[],"picked":"Coolheaded","floor":14}],"player_experience":379702,"relics_obtained":[{"floor":9,"key":"Bottled Lightning"}],"event_choices":[{"damage_healed":0,"gold_gain":75,"player_choice":"Gather Gold","damage_taken":11,"max_hp_gain":0,"max_hp_loss":0,"event_name":"World of Goop","floor":5,"gold_loss":0},{"damage_healed":0,"gold_gain":0,"player_choice":"Cursed","damage_taken":0,"max_hp_gain":0,"max_hp_loss":0,"event_name":"Wheel of Change","floor":7,"gold_loss":0,"cards_obtained":["Decay"]},{"cards_removed":["Strike_B"],"damage_healed":0,"gold_gain":0,"player_choice":"Offered Basic","damage_taken":0,"max_hp_gain":0,"max_hp_loss":0,"event_name":"Bonfire Elementals","floor":11,"gold_loss":0}],"is_beta":true,"boss_relics":[],"items_purged_floors":[12],"is_endless":false,"potions_floor_spawned":[3,10],"killed_by":"Hexaghost","ascension_level":10}