{"gold_per_floor":[116,116,116,127,141,141,175,175,175,192,210,210,244,18,18,120,120,130,130,143,43,58,58,58],"floor_reached":24,"playtime":1105,"items_purged":["Strike_R","Strike_R"],"score":288,"play_id":"a96c65ac-e808-4317-9fe5-c8cf40668bf8","local_time":"20190615151606","is_ascension_mode":true,"campfire_choices":[{"data":"Inflame","floor":6,"key":"SMITH"},{"data":"Clothesline","floor":8,"key":"SMITH"},{"data":"Whirlwind","floor":12,"key":"SMITH"},{"data":"Bash","floor":15,"key":"SMITH"},{"floor":23,"key":"REST"}],"neow_cost":"NONE","seed_source_timestamp":21432318391647,"circlet_count":0,"master_deck":["Strike_R","Strike_R","Defend_R","Defend_R","Defend_R","Defend_R","Bash+1","Power Through","Feel No Pain","Inflame+1","Clothesline+1","Ghostly Armor","Whirlwind+1","Corruption","Fiend Fire","Juggernaut","Burning Pact+1","Havoc","Battle Trance+1","Body Slam"],"relics":["Burning Blood","NeowsBlessing","Pantograph","Happy Flower","Prayer Wheel","Black Star"],"potions_floor_usage":[],"damage_taken":[{"damage":0,"enemies":"Jaw Worm","floor":1,"turns":1},{"damage":0,"enemies":"Small Slimes","floor":4,"turns":1},{"damage":0,"enemies":"2 Louse","floor":5,"turns":1},{"damage":28,"enemies":"Gremlin Nob","floor":7,"turns":5},{"damage":3,"enemies":"Blue Slaver","floor":10,"turns":3},{"damage":18,"enemies":"Lots of Slimes","floor":11,"turns":7},{"damage":10,"enemies":"Lagavulin","floor":13,"turns":7},{"damage":20,"enemies":"The Guardian","floor":16,"turns":10},{"damage":42,"enemies":"2 Thieves","floor":18,"turns":5},{"damage":1,"enemies":"3 Byrds","floor":20,"turns":4},{"damage":32,"enemies":"Shelled Parasite and Fungi","floor":22,"turns":5},{"damage":44,"enemies":"Gremlin Leader","floor":24,"turns":5}],"seed_played":"-3615831398595001433","potions_obtained":[{"floor":7,"key":"SpeedPotion"},{"floor":10,"key":"Dexterity Potion"},{"floor":11,"key":"SpeedPotion"}],"is_trial":false,"path_per_floor":["M","?","?","M","M","R","E","R","T","M","M","R","E","$","R","B",null,"M","?","M","$","M","R","E"],"character_chosen":"IRONCLAD","items_purchased":["Corruption","Fiend Fire"],"campfire_rested":1,"item_purchase_floors":[14,14],"current_hp_per_floor":[78,66,59,65,71,71,49,49,49,52,40,40,36,36,36,47,72,36,36,41,41,15,39,0],"gold":58,"neow_bonus":"THREE_ENEMY_KILL","is_prod":false,"is_daily":false,"chose_seed":false,"campfire_upgraded":4,"win_rate":0,"timestamp":1560629766,"path_taken":["M","?","?","M","M","R","E","R","T","M","M","R","E","?","R","BOSS","M","?","M","$","M","R","E"],"build_version":"2019-01-23","purchased_purges":2,"victory":false,"max_hp_per_floor":[80,80,80,80,80,80,80,80,80,80,80,80,80,80,80,80,80,80,80,80,80,80,80,80],"card_choices":[{"not_picked":["Anger","Shrug It Off"],"picked":"Power Through","floor":1},{"not_picked":["Thunderclap","Second Wind"],"picked":"Feel No Pain","floor":4},{"not_picked":["Blood for Blood","Body Slam"],"picked":"Inflame","floor":5},{"not_picked":["Dropkick","Inflame"],"picked":"Clothesline","floor":7},{"not_picked":["Clothesline","Perfected Strike"],"picked":"Ghostly Armor","floor":10},{"not_picked":["Intimidate","Bloodletting"],"picked":"Whirlwind","floor":11},{"not_picked":["Clothesline","Clash","Heavy Blade"],"picked":"SKIP","floor":13},{"not_picked":["Barricade","Double Tap"],"picked":"Juggernaut","floor":16},{"not_picked":["Dual Wield","Iron Wave+1"],"picked":"Burning Pact+1","floor":18},{"not_picked":["Anger","Burning Pact"],"picked":"Havoc","floor":18},{"not_picked":["Iron Wave","Anger"],"picked":"Battle Trance+1","floor":20},{"not_picked":["Clothesline+1","Warcry","Clash"],"picked":"SKIP","floor":20},{"not_picked":["Corruption+1","Heavy Blade"],"picked":"Body Slam","floor":22},{"not_picked":["Fiend Fire","Searing Blow","Clothesline+1"],"picked":"SKIP","floor":22}],"player_experience":330914,"relics_obtained":[{"floor":7,"key":"Happy Flower"},{"floor":13,"key":"Prayer Wheel"}],"event_choices":[{"damage_healed":0,"gold_gain":0,"player_choice":"Success","damage_taken":12,"relics_obtained":["Pantograph"],"max_hp_gain":0,"max_hp_loss":0,"event_name":"Scrap Ooze","floor":2,"gold_loss":0},{"cards_removed":["Strike_R"],"damage_healed":0,"gold_gain":0,"player_choice":"Card Removal","damage_taken":7,"max_hp_gain":0,"max_hp_loss":0,"event_name":"Golden Wing","floor":3,"gold_loss":0},{"damage_healed":0,"gold_gain":0,"player_choice":"Ignored","damage_taken":0,"max_hp_gain":0,"max_hp_loss":0,"event_name":"Ghosts","floor":19,"gold_loss":0}],"is_beta":false,"boss_relics":[{"not_picked":["Sozu","Runic Dome"],"picked":"Black Star"}],"items_purged_floors":[14,21],"is_endless":false,"potions_floor_spawned":[7,10,11,16,18],"killed_by":"Gremlin Leader","ascension_level":8}