{"gold_per_floor":[118,118,138,12,26,54,54,81,104,104,124,143,143,153,153,226,226,244,99,113,28,127,152,152,206,206,217,249,249],"floor_reached":29,"playtime":1794,"items_purged":["Strike_R","Strike_R"],"score":450,"play_id":"77738543-27bc-45fb-9fef-16f40da5654e","local_time":"20190628203043","is_ascension_mode":true,"campfire_choices":[{"data":"Pommel Strike","floor":7,"key":"SMITH"},{"data":"Inflame","floor":10,"key":"SMITH"},{"data":"True Grit","floor":13,"key":"SMITH"},{"floor":15,"key":"REST"},{"floor":24,"key":"REST"}],"neow_cost":"NONE","seed_source_timestamp":22978830397785,"circlet_count":0,"master_deck":["AscendersBane","Strike_R+1","Strike_R","Strike_R","Defend_R","Defend_R","Defend_R","Defend_R","Bash","Pommel Strike+1","Sword Boomerang+1","Dual Wield","Inflame+1","True Grit+1","Shrug It Off","Shrug It Off","Limit Break","Pummel","Sentinel","Second Wind","Feed","Flex","Flex","Limit Break","Spot Weakness+1"],"relics":["Burning Blood","NeowsBlessing","Bronze Scales","Whetstone","Bag of Marbles","Happy Flower","Orrery","Letter Opener","Incense Burner","Frozen Egg 2","Question Card"],"potions_floor_usage":[6,8,16,16,23,27],"damage_taken":[{"damage":0,"enemies":"2 Louse","floor":1,"turns":2},{"damage":0,"enemies":"Cultist","floor":3,"turns":1},{"damage":0,"enemies":"Jaw Worm","floor":5,"turns":1},{"damage":12,"enemies":"Gremlin Nob","floor":6,"turns":3},{"damage":30,"enemies":"Lagavulin","floor":8,"turns":5},{"damage":10,"enemies":"Lots of Slimes","floor":11,"turns":3},{"damage":14,"enemies":"Blue Slaver","floor":12,"turns":3},{"damage":24,"enemies":"Large Slime","floor":14,"turns":6},{"damage":40,"enemies":"The Guardian","floor":16,"turns":13},{"damage":15,"enemies":"Shell Parasite","floor":18,"turns":5},{"damage":13,"enemies":"Chosen","floor":20,"turns":5},{"damage":36,"enemies":"Gremlin Leader","floor":23,"turns":8},{"damage":17,"enemies":"Sentry and Sphere","floor":27,"turns":4},{"damage":38,"enemies":"Slavers","floor":28,"turns":6},{"damage":16,"enemies":"Centurion and Healer","floor":29,"turns":4}],"seed_played":"4807211441989366747","potions_obtained":[{"floor":1,"key":"AttackPotion"},{"floor":8,"key":"Weak Potion"},{"floor":11,"key":"Dexterity Potion"},{"floor":16,"key":"Fire Potion"},{"floor":20,"key":"BloodPotion"},{"floor":28,"key":"Explosive Potion"}],"is_trial":false,"path_per_floor":["M","?","M","$","M","E","R","E","T","R","M","M","R","M","R","B",null,"M","$","M","?","?","E","R","T","T","M","E","M"],"character_chosen":"IRONCLAD","items_purchased":["SteroidPotion","Flex"],"campfire_rested":2,"item_purchase_floors":[4,19],"current_hp_per_floor":[78,78,80,80,80,74,74,50,50,50,46,38,38,20,44,10,63,54,54,50,50,50,28,52,52,52,44,15,0],"gold":249,"neow_bonus":"THREE_ENEMY_KILL","is_prod":false,"is_daily":false,"chose_seed":false,"campfire_upgraded":3,"win_rate":0,"timestamp":1561771843,"path_taken":["M","?","?","?","M","E","R","E","T","R","?","M","R","M","R","BOSS","M","$","M","?","?","E","R","?","T","M","E","?"],"build_version":"2019-01-23","purchased_purges":2,"victory":false,"max_hp_per_floor":[80,80,80,80,80,80,80,80,80,80,80,80,80,80,80,80,80,80,80,83,83,83,83,83,83,83,86,89,89],"card_choices":[{"not_picked":["Dual Wield","Combust"],"picked":"Pommel Strike","floor":1},{"not_picked":["Warcry","Evolve"],"picked":"Pommel Strike","floor":3},{"not_picked":["Headbutt","Dark Embrace"],"picked":"Sword Boomerang","floor":5},{"not_picked":["Dropkick","Blood for Blood"],"picked":"Dual Wield","floor":6},{"not_picked":["Warcry","Havoc"],"picked":"Inflame","floor":8},{"not_picked":["Twin Strike","Iron Wave"],"picked":"True Grit","floor":11},{"not_picked":["Havoc","Entrench"],"picked":"Shrug It Off","floor":12},{"not_picked":["Carnage","Combust"],"picked":"Shrug It Off","floor":14},{"not_picked":["Barricade","Brutality"],"picked":"Limit Break","floor":16},{"not_picked":["Clash","Twin Strike"],"picked":"Pummel","floor":17},{"not_picked":["Iron Wave","Cleave"],"picked":"Sentinel","floor":17},{"not_picked":["Shrug It Off","Metallicize"],"picked":"Second Wind","floor":17},{"not_picked":["Heavy Blade","Body Slam"],"picked":"Feed","floor":18},{"not_picked":["Thunderclap","Armaments"],"picked":"Flex","floor":20},{"not_picked":["Sword Boomerang","Twin Strike"],"picked":"Limit Break","floor":23},{"not_picked":["Reckless Charge+1","Combust+1","Cleave"],"picked":"SKIP","floor":27},{"not_picked":["True Grit","Pommel Strike"],"picked":"Spot Weakness+1","floor":28}],"player_experience":415665,"relics_obtained":[{"floor":6,"key":"Whetstone"},{"floor":8,"key":"Bag of Marbles"},{"floor":9,"key":"Happy Flower"},{"floor":23,"key":"Incense Burner"},{"floor":26,"key":"Frozen Egg 2"},{"floor":28,"key":"Question Card"}],"event_choices":[{"cards_removed":["Pommel Strike"],"damage_healed":0,"gold_gain":0,"player_choice":"Gave Card","damage_taken":0,"relics_obtained":["Bronze Scales"],"max_hp_gain":0,"max_hp_loss":0,"event_name":"WeMeetAgain","floor":2,"gold_loss":0},{"damage_healed":0,"gold_gain":0,"player_choice":"Obtained Relic","damage_taken":0,"relics_obtained":["Letter Opener"],"max_hp_gain":0,"max_hp_loss":0,"event_name":"Addict","floor":21,"gold_loss":85},{"damage_healed":0,"gold_gain":99,"player_choice":"Stole From Cult","damage_taken":0,"max_hp_gain":0,"max_hp_loss":0,"event_name":"Nest","floor":22,"gold_loss":0}],"is_beta":false,"boss_relics":[{"not_picked":["Tiny House","Eternal Feather"],"picked":"Orrery"}],"items_purged_floors":[4,19],"is_endless":false,"potions_floor_spawned":[1,5,8,11,12,16,20,28],"killed_by":"Centurion and Healer","ascension_level":13}