{"gold_per_floor":[118,118,130,130,80,110,127,146,146,146,164,184,184,197,197,275,275,293,308,65,77,77,77],"floor_reached":23,"playtime":745,"items_purged":[],"score":374,"play_id":"541a3cfb-e484-4684-9987-6df447be8fdf","local_time":"20190720183703","is_ascension_mode":true,"campfire_choices":[{"data":"Genetic Algorithm","floor":10,"key":"SMITH"},{"floor":15,"key":"REST"}],"neow_cost":"NONE","seed_source_timestamp":569434856868900,"circlet_count":0,"master_deck":["AscendersBane","Strike_B","Defend_B","Defend_B","Defend_B","Zap","Dualcast","Self Repair","Ball Lightning","Genetic Algorithm+1","Gash","Chill","All For One","Cold Snap+1","Meteor Strike+1","Reboot+1","Seek"],"special_seed":0,"relics":["Cracked Core","NeowsBlessing","Shuriken","Prayer Wheel","Astrolabe","Cables"],"potions_floor_usage":[7,16,16,19,23],"damage_taken":[{"damage":0.0,"enemies":"Cultist","floor":1.0,"turns":1.0},{"damage":0.0,"enemies":"2 Louse","floor":3.0,"turns":1.0},{"damage":0.0,"enemies":"Lagavulin","floor":6.0,"turns":1.0},{"damage":7,"enemies":"Small Slimes","floor":7,"turns":3},{"damage":10,"enemies":"3 Louse","floor":8,"turns":3},{"damage":8,"enemies":"Red Slaver","floor":11,"turns":5},{"damage":16,"enemies":"Large Slime","floor":12,"turns":6},{"damage":6,"enemies":"2 Fungi Beasts","floor":14,"turns":3},{"damage":76,"enemies":"The Guardian","floor":16,"turns":12},{"damage":16,"enemies":"3 Byrds","floor":18,"turns":6},{"damage":10,"enemies":"Chosen","floor":19,"turns":5},{"damage":42,"enemies":"Snake Plant","floor":21,"turns":6},{"damage":15,"enemies":"Gremlin Leader","floor":23,"turns":5}],"seed_played":"-563493409230034040","potions_obtained":[{"floor":6.0,"key":"Energy Potion"},{"floor":11,"key":"FairyPotion"},{"floor":14,"key":"EntropicBrew"},{"floor":16,"key":"FearPotion"},{"floor":18,"key":"SkillPotion"},{"floor":21,"key":"Dexterity Potion"}],"is_trial":false,"path_per_floor":["M","$","M","$","?","E","M","M","T","R","M","M","?","M","R","B",null,"M","M","$","M","?","E"],"character_chosen":"DEFECT","items_purchased":["Cables"],"campfire_rested":1,"item_purchase_floors":[20],"current_hp_per_floor":[64,64,64,64,64,64,64,61,61,61,53,44,49,50,72,14,61,52,49,49,14,14,0],"gold":77,"neow_bonus":"THREE_ENEMY_KILL","is_prod":false,"is_daily":false,"chose_seed":false,"campfire_upgraded":1,"win_rate":0,"timestamp":1563640623,"path_taken":["M","$","M","$","?","E","M","M","T","R","M","M","?","M","R","BOSS","M","M","$","M","?","E"],"build_version":"2019-07-17","purchased_purges":0,"victory":false,"max_hp_per_floor":[71,71,71,71,71,71,71,71,71,71,71,71,76,76,76,76,76,76,76,76,76,76,76],"card_choices":[{"not_picked":["Steam","Beam Cell"],"picked":"Self Repair","floor":1.0},{"not_picked":["Reprogram","Conserve Battery","Sweeping Beam"],"picked":"SKIP","floor":3.0},{"not_picked":["Capacitor","Leap"],"picked":"Ball Lightning","floor":6.0},{"not_picked":["Auto Shields","Go for the Eyes"],"picked":"Genetic Algorithm","floor":7},{"not_picked":["Reinforced Body","Fission"],"picked":"Gash","floor":8},{"not_picked":["Tempest","Chaos","Reprogram"],"picked":"SKIP","floor":11},{"not_picked":["Turbo","Barrage","Streamline"],"picked":"SKIP","floor":11},{"not_picked":["Rebound","Lockon"],"picked":"Chill","floor":12},{"not_picked":["Recycle","Steam Power","Coolheaded"],"picked":"SKIP","floor":12},{"not_picked":["Reprogram","Blizzard","Redo"],"picked":"SKIP","floor":14},{"not_picked":["Steam","Barrage","Go for the Eyes"],"picked":"SKIP","floor":14},{"not_picked":["Fission","Reboot"],"picked":"All For One","floor":16},{"not_picked":["Sunder","Fusion","Barrage"],"picked":"SKIP","floor":18},{"not_picked":["Streamline","Genetic Algorithm","Go for the Eyes"],"picked":"SKIP","floor":18},{"not_picked":["Barrage","Hello World","Self Repair"],"picked":"SKIP","floor":19},{"not_picked":["Stack","Hologram","Turbo"],"picked":"SKIP","floor":19},{"not_picked":["Beam Cell","Ball Lightning"],"picked":"Seek","floor":21},{"not_picked":["Coolheaded","Redo","Sunder"],"picked":"SKIP","floor":21}],"player_experience":359424,"relics_obtained":[{"floor":6.0,"key":"Shuriken"},{"floor":9,"key":"Prayer Wheel"}],"event_choices":[{"cards_removed":["Strike_B"],"damage_healed":0.0,"max_hp_gain":0.0,"max_hp_loss":0.0,"gold_gain":0.0,"event_name":"The Cleric","player_choice":"Card Removal","floor":5.0,"gold_loss":50.0,"damage_taken":0.0},{"damage_healed":0,"gold_gain":0,"player_choice":"Donut","damage_taken":0,"max_hp_gain":5,"max_hp_loss":0,"event_name":"Big Fish","floor":13,"gold_loss":0},{"damage_healed":0,"gold_gain":0,"player_choice":"Ignored","damage_taken":0,"max_hp_gain":0,"max_hp_loss":0,"event_name":"Vampires","floor":22,"gold_loss":0}],"is_beta":false,"boss_relics":[{"not_picked":["White Beast Statue","Philosopher\u0027s Stone"],"picked":"Astrolabe"}],"items_purged_floors":[],"is_endless":false,"potions_floor_spawned":[6,11,14,16,18,21],"killed_by":"Gremlin Leader","ascension_level":14}