{"gold_per_floor":[109,120,130,55,65,92,92,92,92,92,105,105,131,142,142,244,244,263,163,183,211,236,236,261,261,311,330,330,341,440,455,455,559,559,569,142,242,92,314,314,331,331,331,331,342,354,389,409,409,409],"floor_reached":51,"playtime":3907,"items_purged":["Strike_B","Strike_B","Strike_B","Defend_B"],"score":707,"play_id":"f3b33454-d00b-477e-b9b0-f5f5a45ccb42","local_time":"20190103101033","is_ascension_mode":false,"campfire_choices":[{"data":"Loop","floor":7,"key":"SMITH"},{"data":"Zap","floor":10,"key":"SMITH"},{"data":"Fusion","floor":15,"key":"SMITH"},{"data":"Multi-Cast","floor":23,"key":"SMITH"},{"data":"Compile Driver","floor":25,"key":"SMITH"},{"floor":28,"key":"REST"},{"data":"Biased Cognition","floor":32,"key":"SMITH"},{"data":"Rainbow","floor":40,"key":"SMITH"},{"data":"Leap","floor":42,"key":"SMITH"},{"floor":49,"key":"REST"}],"neow_cost":"NONE","seed_source_timestamp":1099512057136362,"circlet_count":0,"master_deck":["Strike_B+1","Defend_B","Defend_B+1","Defend_B","Zap+1","Dualcast+1","Capacitor","Rainbow+1","Leap+1","Compile Driver","Loop+1","Conserve Battery+1","Fusion+1","Multi-Cast+1","Leap","Compile Driver+1","Hologram+1","Biased Cognition+1","Meteor Strike","Leap+1","Loop+1","Compile Driver","Chaos+1","Hologram+1"],"relics":["Cracked Core","Ancient Tea Set","Ornamental Fan","Cables","War Paint","Sozu","Red Mask","Mercury Hourglass","Bag of Preparation","Inserter","Mummified Hand","Art of War","Bottled Lightning"],"potions_floor_usage":[24,24],"damage_taken":[{"damage":0,"enemies":"Cultist","floor":1,"turns":3},{"damage":2,"enemies":"2 Louse","floor":2,"turns":2},{"damage":3,"enemies":"Jaw Worm","floor":3,"turns":5},{"damage":0,"enemies":"Exordium Wildlife","floor":5,"turns":4},{"damage":14,"enemies":"Lagavulin","floor":6,"turns":9},{"damage":17,"enemies":"Lots of Slimes","floor":11,"turns":3},{"damage":9,"enemies":"3 Sentries","floor":13,"turns":6},{"damage":0,"enemies":"Exordium Thugs","floor":14,"turns":5},{"damage":5,"enemies":"Hexaghost","floor":16,"turns":9},{"damage":3,"enemies":"Spheric Guardian","floor":18,"turns":4},{"damage":3,"enemies":"Shell Parasite","floor":20,"turns":5},{"damage":41,"enemies":"Masked Bandits","floor":21,"turns":5},{"damage":12,"enemies":"Slavers","floor":24,"turns":7},{"damage":6,"enemies":"Snecko","floor":27,"turns":4},{"damage":0,"enemies":"Cultist and Chosen","floor":29,"turns":3},{"damage":14,"enemies":"Snake Plant","floor":31,"turns":4},{"damage":6,"enemies":"Collector","floor":33,"turns":5},{"damage":0,"enemies":"Orb Walker","floor":35,"turns":4},{"damage":0,"enemies":"3 Darklings","floor":41,"turns":3},{"damage":18,"enemies":"Maw","floor":45,"turns":4},{"damage":0,"enemies":"Spire Growth","floor":46,"turns":3},{"damage":43,"enemies":"Reptomancer","floor":47,"turns":5},{"damage":0,"enemies":"3 Darklings","floor":48,"turns":5},{"damage":3,"enemies":"Time Eater","floor":50,"turns":6}],"seed_played":"4935175685286912803","potions_obtained":[{"floor":2,"key":"SteroidPotion"},{"floor":5,"key":"AttackPotion"},{"floor":11,"key":"Strength Potion"}],"is_trial":false,"path_per_floor":["M","M","M","$","M","E","R","?","T","R","M","?","E","M","R","B",null,"M","$","M","?","T","R","E","R","T","M","R","M","?","M","R","B",null,"M","$","?","$","?","R","M","R","T","?","M","M","E","M","R","B",null],"character_chosen":"DEFECT","items_purchased":["Compile Driver","Mummified Hand"],"campfire_rested":2,"item_purchase_floors":[36,36],"current_hp_per_floor":[75,73,70,70,70,56,56,61,61,61,44,28,19,19,19,14,80,77,77,74,33,33,33,21,21,21,15,39,39,39,25,25,19,80,80,80,80,80,80,80,80,80,80,80,62,62,19,19,43,40],"gold":409,"neow_bonus":"RANDOM_COMMON_RELIC","is_prod":false,"is_daily":false,"chose_seed":false,"campfire_upgraded":8,"win_rate":0,"timestamp":1546535433,"path_taken":["M","M","M","$","M","E","R","?","T","R","M","?","E","M","R","BOSS","M","$","M","?","?","R","E","R","T","?","R","M","?","M","R","BOSS","M","$","?","?","?","R","M","R","T","?","M","M","E","M","R","BOSS"],"build_version":"2019-01-02","purchased_purges":4,"victory":true,"max_hp_per_floor":[75,75,75,75,75,75,75,80,80,80,80,80,80,80,80,80,80,80,80,80,80,80,80,80,80,80,80,80,80,80,80,80,80,80,80,80,80,80,80,80,80,80,80,80,80,80,80,80,80,80],"card_choices":[{"not_picked":["Go for the Eyes","Conserve Battery"],"picked":"Capacitor","floor":1},{"not_picked":["Cold Snap","Go for the Eyes"],"picked":"Rainbow","floor":2},{"not_picked":["Reprogram","Gash"],"picked":"Leap","floor":3},{"not_picked":["Stack","Hello World"],"picked":"Compile Driver","floor":5},{"not_picked":["Scrape","Amplify"],"picked":"Loop","floor":6},{"not_picked":["Coolheaded","Rip and Tear"],"picked":"Conserve Battery","floor":11},{"not_picked":["Steam","Streamline","Gash"],"picked":"SKIP","floor":13},{"not_picked":["Chaos","Leap"],"picked":"Fusion","floor":14},{"not_picked":["Creative AI","Rainbow"],"picked":"Multi-Cast","floor":16},{"not_picked":["Scrape","Hologram","Conserve Battery"],"picked":"SKIP","floor":18},{"not_picked":["Coolheaded","Lockon"],"picked":"Leap","floor":20},{"not_picked":["Go for the Eyes+1","Redo"],"picked":"Compile Driver","floor":21},{"not_picked":["Skim","Go for the Eyes"],"picked":"Hologram+1","floor":24},{"not_picked":["Sweeping Beam","Rip and Tear","Cold Snap"],"picked":"SKIP","floor":27},{"not_picked":["Stack","Cold Snap","Reprogram"],"picked":"SKIP","floor":29},{"not_picked":["Hologram","Gash"],"picked":"Biased Cognition","floor":31},{"not_picked":["Biased Cognition","Electrodynamics"],"picked":"Meteor Strike","floor":33},{"not_picked":["Turbo","Barrage"],"picked":"Leap+1","floor":35},{"not_picked":["Auto Shields","Undo+1"],"picked":"Loop+1","floor":41},{"not_picked":["Recycle+1","Genetic Algorithm+1","Hologram"],"picked":"SKIP","floor":45},{"not_picked":["Rip and Tear+1","Coolheaded+1"],"picked":"Compile Driver","floor":46},{"not_picked":["BootSequence+1","Hyperbeam"],"picked":"Chaos+1","floor":47},{"not_picked":["Leap","Cold Snap"],"picked":"Hologram+1","floor":48}],"player_experience":224362,"relics_obtained":[{"floor":6,"key":"Ornamental Fan"},{"floor":9,"key":"Cables"},{"floor":13,"key":"War Paint"},{"floor":21,"key":"Red Mask"},{"floor":24,"key":"Mercury Hourglass"},{"floor":26,"key":"Bag of Preparation"},{"floor":43,"key":"Art of War"},{"floor":47,"key":"Bottled Lightning"}],"event_choices":[{"damage_healed":0,"gold_gain":0,"player_choice":"Donut","damage_taken":0,"max_hp_gain":5,"max_hp_loss":0,"event_name":"Big Fish","floor":8,"gold_loss":0},{"damage_healed":0,"gold_gain":0,"player_choice":"Entered Light","damage_taken":16,"max_hp_gain":0,"max_hp_loss":0,"event_name":"Shining Light","floor":12,"gold_loss":0,"cards_upgraded":["Dualcast","Strike_B"]},{"damage_healed":0,"gold_gain":0,"player_choice":"Fought Bandits","damage_taken":0,"max_hp_gain":0,"max_hp_loss":0,"event_name":"Masked Bandits","floor":21,"gold_loss":0},{"damage_healed":0,"gold_gain":99,"player_choice":"Stole From Cult","damage_taken":0,"max_hp_gain":0,"max_hp_loss":0,"event_name":"Nest","floor":30,"gold_loss":0},{"damage_healed":0,"gold_gain":100,"player_choice":"Pray","damage_taken":0,"max_hp_gain":0,"max_hp_loss":0,"event_name":"Golden Shrine","floor":37,"gold_loss":0},{"damage_healed":0,"gold_gain":222,"player_choice":"Wore Mask","damage_taken":0,"max_hp_gain":0,"max_hp_loss":0,"event_name":"Tomb of Lord Red Mask","floor":39,"gold_loss":0},{"cards_removed":["Compile Driver"],"damage_healed":0,"gold_gain":0,"player_choice":"Removed Attack","damage_taken":0,"max_hp_gain":0,"max_hp_loss":0,"event_name":"Falling","floor":44,"gold_loss":0}],"is_beta":true,"boss_relics":[{"not_picked":["Fusion Hammer","Coffee Dripper"],"picked":"Sozu"},{"not_picked":["Snecko Eye","Velvet Choker"],"picked":"Inserter"}],"items_purged_floors":[4,19,36,38],"is_endless":false,"potions_floor_spawned":[2,5,11,14,18,31,35,41],"ascension_level":0}