{"gold_per_floor":[218,237,68,88,102,102,102,102,102,114,133,133,153,153,153,232,232,251,251,265,315,315,315,327,327,327,339,355,67,67,83,83,157,157,168,1,15,15,0,0,12,12,12,12,25,25,54,54],"floor_reached":48,"playtime":1360,"items_purged":[],"score":908,"play_id":"f69c567c-2279-4afa-889e-c1df60d1db19","local_time":"20190803191611","is_ascension_mode":true,"campfire_choices":[{"data":"Zap","floor":6.0,"key":"SMITH"},{"data":"Dualcast","floor":8.0,"key":"SMITH"},{"data":"Gash","floor":12.0,"key":"SMITH"},{"data":"Leap","floor":15.0,"key":"SMITH"},{"floor":23.0,"key":"REST"},{"floor":30.0,"key":"REST"},{"floor":32.0,"key":"REST"},{"floor":40.0,"key":"REST"},{"data":"Biased Cognition","floor":42.0,"key":"SMITH"},{"data":"Biased Cognition","floor":44.0,"key":"SMITH"}],"neow_cost":"NONE","seed_source_timestamp":1029799494446100,"circlet_count":0,"master_deck":["AscendersBane","Strike_B","Strike_B","Strike_B","Defend_B","Defend_B","Defend_B","Zap+1","Dualcast+1","Gash+1","Leap+1","Beam Cell","All For One","Go for the Eyes","Biased Cognition+1","Leap+1","Electrodynamics","Static Discharge+1","Biased Cognition+1","Auto Shields+1","Turbo+1","Aggregate","Redo+1","Chill","Redo+1"],"special_seed":0,"relics":["Cracked Core","Anchor","Nuclear Battery","Nloth\u0027s Gift","Letter Opener","Symbiotic Virus","Kunai","Eternal Feather","Juzu Bracelet","Red Mask","Bottled Tornado","Ornamental Fan"],"potions_floor_usage":[47],"damage_taken":[{"damage":1.0,"enemies":"Cultist","floor":1.0,"turns":3.0},{"damage":5.0,"enemies":"2 Louse","floor":2.0,"turns":3.0},{"damage":2.0,"enemies":"Jaw Worm","floor":4.0,"turns":4.0},{"damage":0.0,"enemies":"Blue Slaver","floor":5.0,"turns":4.0},{"damage":0.0,"enemies":"Gremlin Gang","floor":10.0,"turns":5.0},{"damage":1.0,"enemies":"2 Fungi Beasts","floor":11.0,"turns":3.0},{"damage":0.0,"enemies":"Exordium Wildlife","floor":13.0,"turns":4.0},{"damage":31.0,"enemies":"The Guardian","floor":16.0,"turns":8.0},{"damage":12.0,"enemies":"Shell Parasite","floor":18.0,"turns":4.0},{"damage":10.0,"enemies":"Spheric Guardian","floor":20.0,"turns":4.0},{"damage":27.0,"enemies":"Snake Plant","floor":24.0,"turns":6.0},{"damage":1.0,"enemies":"3 Cultists","floor":27.0,"turns":3.0},{"damage":0.0,"enemies":"Centurion and Healer","floor":28.0,"turns":3.0},{"damage":26.0,"enemies":"Shelled Parasite and Fungi","floor":31.0,"turns":5.0},{"damage":47.0,"enemies":"Collector","floor":33.0,"turns":8.0},{"damage":17.0,"enemies":"3 Darklings","floor":35.0,"turns":4.0},{"damage":0.0,"enemies":"Orb Walker","floor":37.0,"turns":2.0},{"damage":9.0,"enemies":"3 Darklings","floor":41.0,"turns":3.0},{"damage":26.0,"enemies":"Writhing Mass","floor":45.0,"turns":4.0},{"damage":50,"enemies":"Nemesis","floor":47,"turns":7},{"damage":23,"enemies":"Maw","floor":48,"turns":2}],"seed_played":"-7124185047912762416","potions_obtained":[{"floor":2.0,"key":"SteroidPotion"},{"floor":5.0,"key":"Regen Potion"},{"floor":10.0,"key":"PowerPotion"},{"floor":11.0,"key":"SkillPotion"},{"floor":16.0,"key":"PowerPotion"},{"floor":20.0,"key":"Dexterity Potion"},{"floor":27.0,"key":"SpeedPotion"},{"floor":33.0,"key":"Regen Potion"}],"is_trial":false,"path_per_floor":["M","M","$","M","M","R","?","R","T","M","M","R","M","?","R","B",null,"M","?","M","?","?","R","M","T","T","M","M","$","R","M","R","B",null,"M","$","M","?","?","R","M","R","T","R","M","?","E","M"],"character_chosen":"DEFECT","items_purchased":["Anchor","Kunai","Juzu Bracelet"],"campfire_rested":4,"item_purchase_floors":[3,29,36],"current_hp_per_floor":[63,58,58,56,56,56,49,49,49,63,62,62,62,62,62,31,61,49,49,39,39,39,60,33,33,33,32,32,32,53,27,48,1,54,37,37,37,37,37,70,61,71,71,71,45,45,10,0],"gold":54,"neow_bonus":"HUNDRED_GOLD","is_prod":false,"is_daily":false,"chose_seed":false,"campfire_upgraded":6,"win_rate":0,"timestamp":1564852571,"path_taken":["M","M","$","M","?","R","?","R","T","M","M","R","M","?","R","BOSS","M","?","?","?","?","R","?","?","T","M","M","$","R","M","R","BOSS","M","$","M","?","?","R","M","R","T","R","M","?","E","M"],"build_version":"2019-07-17","purchased_purges":0,"victory":false,"max_hp_per_floor":[71,71,71,71,71,71,71,71,71,71,71,71,71,71,71,71,71,71,71,71,71,71,71,71,71,71,71,71,71,71,71,71,71,71,71,71,71,71,71,71,71,71,71,71,71,71,71,71],"card_choices":[{"not_picked":["Redo","Hologram"],"picked":"Gash","floor":1.0},{"not_picked":["Compile Driver","Streamline"],"picked":"Leap","floor":2.0},{"not_picked":["Redo","Steam Power","Stack"],"picked":"SKIP","floor":4.0},{"not_picked":["Sweeping Beam","Streamline"],"picked":"Beam Cell","floor":5.0},{"not_picked":["Sweeping Beam","Hologram"],"picked":"All For One","floor":10.0},{"not_picked":["Coolheaded","Chaos"],"picked":"Go for the Eyes","floor":11.0},{"not_picked":["Sweeping Beam","Ball Lightning","Turbo"],"picked":"SKIP","floor":13.0},{"not_picked":["Seek","Reboot"],"picked":"Biased Cognition","floor":16.0},{"not_picked":["Cold Snap","Barrage"],"picked":"Leap+1","floor":18.0},{"not_picked":["Tempest","Barrage"],"picked":"Electrodynamics","floor":20.0},{"not_picked":["Rebound","Barrage","Electrodynamics"],"picked":"SKIP","floor":24.0},{"not_picked":["Darkness","Doom and Gloom"],"picked":"Static Discharge+1","floor":27.0},{"not_picked":["FTL+1","Scrape","Sweeping Beam"],"picked":"SKIP","floor":28.0},{"not_picked":["Rebound","Melter","Beam Cell"],"picked":"SKIP","floor":31.0},{"not_picked":["All For One","Reboot"],"picked":"Biased Cognition","floor":33.0},{"not_picked":["Reinforced Body","Barrage"],"picked":"Auto Shields+1","floor":35.0},{"not_picked":["Stack+1","Chaos"],"picked":"Turbo+1","floor":37.0},{"not_picked":["Coolheaded","Hello World+1"],"picked":"Redo+1","floor":41.0},{"not_picked":["Ball Lightning","Beam Cell"],"picked":"Chill","floor":45.0},{"not_picked":["Barrage","Storm+1"],"picked":"Redo+1","floor":47}],"player_experience":403231,"relics_obtained":[{"floor":9.0,"key":"Dodecahedron"},{"floor":25.0,"key":"Letter Opener"},{"floor":26.0,"key":"Symbiotic Virus"},{"floor":43.0,"key":"Bottled Tornado"},{"floor":47,"key":"Ornamental Fan"}],"event_choices":[{"cards_removed":["Strike_B"],"damage_healed":0.0,"max_hp_gain":0.0,"max_hp_loss":0.0,"gold_gain":0.0,"event_name":"Golden Wing","player_choice":"Card Removal","floor":7.0,"gold_loss":0.0,"damage_taken":7.0},{"damage_healed":0.0,"max_hp_gain":0.0,"max_hp_loss":0.0,"gold_gain":0.0,"event_name":"Liars Game","player_choice":"Ignored","floor":14.0,"gold_loss":0.0,"damage_taken":0.0},{"damage_healed":0.0,"max_hp_gain":0.0,"max_hp_loss":0.0,"gold_gain":0.0,"event_name":"N\u0027loth","player_choice":"Traded Relic","floor":19.0,"relics_lost":["Dodecahedron"],"gold_loss":0.0,"damage_taken":0.0,"relics_obtained":["Nloth\u0027s Gift"]},{"damage_healed":0.0,"max_hp_gain":0.0,"max_hp_loss":0.0,"gold_gain":50.0,"event_name":"Nest","player_choice":"Stole From Cult","floor":21.0,"gold_loss":0.0,"damage_taken":0.0},{"damage_healed":0.0,"max_hp_gain":0.0,"max_hp_loss":0.0,"gold_gain":0.0,"event_name":"Vampires","player_choice":"Ignored","floor":22.0,"gold_loss":0.0,"damage_taken":0.0},{"damage_healed":0.0,"max_hp_gain":0.0,"max_hp_loss":0.0,"gold_gain":0.0,"cards_transformed":["Defend_B"],"event_name":"Transmorgrifier","player_choice":"Transformed","floor":38.0,"gold_loss":0.0,"damage_taken":0.0,"cards_obtained":["Aggregate"]},{"damage_healed":0.0,"max_hp_gain":0.0,"max_hp_loss":0.0,"gold_gain":0.0,"event_name":"Tomb of Lord Red Mask","player_choice":"Paid","floor":39.0,"gold_loss":15.0,"damage_taken":0.0,"relics_obtained":["Red Mask"]},{"damage_healed":0,"gold_gain":0,"player_choice":"Ignored","damage_taken":0,"max_hp_gain":0,"max_hp_loss":0,"event_name":"Mysterious Sphere","floor":46,"gold_loss":0}],"is_beta":false,"boss_relics":[{"not_picked":["White Beast Statue","Runic Pyramid"],"picked":"Nuclear Battery"},{"not_picked":["Pandora\u0027s Box","Philosopher\u0027s Stone"],"picked":"Eternal Feather"}],"items_purged_floors":[],"is_endless":false,"potions_floor_spawned":[2,5,10,11,16,20,27,28,33,37],"killed_by":"Maw","ascension_level":20}