{"gold_per_floor":[364,439,454,472,233,233,7,24,24,34,34,34,47,64,64,64],"floor_reached":16,"playtime":881,"items_purged":["Strike_B","Strike_B"],"score":146,"play_id":"8ae82c13-3650-48f0-ae1f-555e655e9690","local_time":"20190728220214","is_ascension_mode":true,"campfire_choices":[{"data":"Defragment","floor":6,"key":"SMITH"},{"data":"Loop","floor":15,"key":"SMITH"}],"neow_cost":"TEN_PERCENT_HP_LOSS","seed_source_timestamp":1558439193134600,"circlet_count":0,"master_deck":["AscendersBane","Strike_B","Strike_B","Defend_B","Defend_B","Defend_B","Defend_B","Zap","Dualcast","Defragment+1","Compile Driver","Static Discharge","Cold Snap","Leap","Panacea","Loop+1","Coolheaded","Go for the Eyes","Echo Form","FTL","Storm"],"relics":["Cracked Core","Incense Burner"],"potions_floor_usage":[13],"damage_taken":[{"damage":7,"enemies":"Jaw Worm","floor":1,"turns":3},{"damage":4,"enemies":"Small Slimes","floor":3,"turns":3},{"damage":2,"enemies":"2 Louse","floor":4,"turns":4},{"damage":6,"enemies":"Large Slime","floor":8,"turns":9},{"damage":11,"enemies":"Looter","floor":10,"turns":4},{"damage":15,"enemies":"Gremlin Gang","floor":13,"turns":6},{"damage":3,"enemies":"Large Slime","floor":14,"turns":6},{"damage":20,"enemies":"Slime Boss","floor":16,"turns":3}],"seed_played":"-5032610964536329725","potions_obtained":[{"floor":1,"key":"SpeedPotion"}],"is_trial":false,"path_per_floor":["M","?","M","M","$","R","$","M","T","M","?","$","M","M","R","B"],"character_chosen":"DEFECT","items_purchased":["Cold Snap","Leap","Panacea","Loop","Coolheaded"],"campfire_rested":0,"item_purchase_floors":[5,5,5,7,7],"current_hp_per_floor":[61,50,46,44,44,44,44,38,38,27,27,27,12,9,9,0],"gold":64,"neow_bonus":"TWO_FIFTY_GOLD","is_prod":false,"is_daily":false,"chose_seed":false,"campfire_upgraded":2,"win_rate":0,"timestamp":1564372934,"path_taken":["M","?","M","M","$","R","$","M","T","M","?","?","M","M","R","BOSS"],"build_version":"2019-07-18","purchased_purges":2,"victory":false,"max_hp_per_floor":[68,68,68,68,68,68,68,68,68,68,68,68,68,68,68,68],"card_choices":[{"not_picked":["Compile Driver","Sweeping Beam"],"picked":"Defragment","floor":1},{"not_picked":["Steam","Reprogram"],"picked":"Compile Driver","floor":3},{"not_picked":["Rip and Tear","Recycle"],"picked":"Static Discharge","floor":4},{"not_picked":["Gash","Darkness"],"picked":"Go for the Eyes","floor":8},{"not_picked":["Streamline","Go for the Eyes"],"picked":"Echo Form","floor":10},{"not_picked":["Beam Cell","Barrage"],"picked":"FTL","floor":13},{"not_picked":["Beam Cell","Streamline"],"picked":"Storm","floor":14}],"player_experience":418958,"relics_obtained":[{"floor":9,"key":"Incense Burner"}],"event_choices":[{"damage_healed":0,"gold_gain":75,"player_choice":"Gather Gold","damage_taken":11,"max_hp_gain":0,"max_hp_loss":0,"event_name":"World of Goop","floor":2,"gold_loss":0},{"damage_healed":0,"gold_gain":0,"player_choice":"Ignored","damage_taken":0,"max_hp_gain":0,"max_hp_loss":0,"event_name":"Liars Game","floor":11,"gold_loss":0}],"is_beta":true,"boss_relics":[],"items_purged_floors":[5,7],"is_endless":false,"potions_floor_spawned":[1],"killed_by":"Slime Boss","ascension_level":11}