{"gold_per_floor":[116,116,116,132,150,150,177,188,188,188,206,216,230,259,259,259],"floor_reached":16,"playtime":1263,"items_purged":[],"score":114,"play_id":"0a6711b7-a48f-4ee2-bc63-f1381411fe03","local_time":"20190804093809","is_ascension_mode":false,"campfire_choices":[{"data":"Armaments","floor":6,"key":"SMITH"},{"data":"Limit Break","floor":15,"key":"SMITH"}],"neow_cost":"NONE","seed_source_timestamp":0,"circlet_count":0,"master_deck":["Strike_R","Strike_R","Strike_R","Strike_R","Defend_R","Defend_R","Defend_R","Defend_R","Bash","Carnage","Limit Break+1","Headbutt","Armaments+1","Inflame","Bloodletting","Twin Strike+1","Rage","Heavy Blade+1","Second Wind"],"special_seed":0,"relics":["Burning Blood","Omamori","Calipers","Molten Egg 2","Smiling Mask"],"potions_floor_usage":[12,13,14],"damage_taken":[{"damage":0.0,"enemies":"2 Louse","floor":1.0,"turns":3.0},{"damage":2,"enemies":"Small Slimes","floor":4,"turns":3},{"damage":3,"enemies":"Jaw Worm","floor":5,"turns":3},{"damage":27,"enemies":"3 Sentries","floor":7,"turns":9},{"damage":16,"enemies":"Large Slime","floor":8,"turns":7},{"damage":6,"enemies":"Red Slaver","floor":11,"turns":4},{"damage":6,"enemies":"Blue Slaver","floor":12,"turns":3},{"damage":3,"enemies":"Lots of Slimes","floor":13,"turns":5},{"damage":26,"enemies":"Gremlin Nob","floor":14,"turns":4},{"damage":56,"enemies":"The Guardian","floor":16,"turns":6}],"seed_played":"6619728703412118284","potions_obtained":[{"floor":0.0,"key":"Dexterity Potion"},{"floor":0.0,"key":"Strength Potion"},{"floor":0.0,"key":"Weak Potion"},{"floor":12,"key":"Swift Potion"}],"is_trial":false,"path_per_floor":["M","?","?","M","M","R","E","M","T","?","M","M","M","E","R","B"],"character_chosen":"IRONCLAD","items_purchased":[],"campfire_rested":0,"item_purchase_floors":[],"current_hp_per_floor":[80,77,77,80,80,80,59,49,49,69,69,69,72,52,52,0],"gold":259,"neow_bonus":"THREE_SMALL_POTIONS","is_prod":false,"is_daily":false,"chose_seed":false,"campfire_upgraded":2,"win_rate":0.0,"timestamp":1564925889,"path_taken":["M","?","?","M","M","R","E","M","T","?","M","M","M","E","R","BOSS"],"build_version":"2019-07-17","purchased_purges":0,"victory":false,"max_hp_per_floor":[80,80,80,80,80,80,80,80,80,80,80,80,80,80,80,80],"card_choices":[{"not_picked":["Cleave","Inflame"],"picked":"Carnage","floor":1.0},{"not_picked":["Shrug It Off","Entrench"],"picked":"Headbutt","floor":4},{"not_picked":["Thunderclap","Warcry"],"picked":"Armaments","floor":5},{"not_picked":["Reaper","Limit Break"],"picked":"Inflame","floor":7},{"not_picked":["Intimidate","Cleave"],"picked":"Bloodletting","floor":8},{"not_picked":["Clash+1","Armaments"],"picked":"Twin Strike+1","floor":11},{"not_picked":["Armaments","Body Slam+1"],"picked":"Rage","floor":12},{"not_picked":["Intimidate","Sword Boomerang+1"],"picked":"Heavy Blade+1","floor":13},{"not_picked":["Barricade","Armaments"],"picked":"Second Wind","floor":14}],"player_experience":91884,"relics_obtained":[{"floor":7,"key":"Calipers"},{"floor":9,"key":"Molten Egg 2"},{"floor":14,"key":"Smiling Mask"}],"event_choices":[{"damage_healed":0.0,"max_hp_gain":0.0,"max_hp_loss":0.0,"gold_gain":0.0,"event_name":"Scrap Ooze","player_choice":"Success","floor":2.0,"gold_loss":0.0,"damage_taken":3.0,"relics_obtained":["Omamori"]},{"damage_healed":0,"gold_gain":0,"cards_transformed":["Strike_R"],"player_choice":"Change","damage_taken":0,"max_hp_gain":0,"max_hp_loss":0,"event_name":"Living Wall","floor":3,"gold_loss":0,"cards_obtained":["Limit Break"]},{"damage_healed":20,"gold_gain":0,"player_choice":"Healed and dodged fight","damage_taken":0,"max_hp_gain":0,"max_hp_loss":0,"event_name":"Mushrooms","floor":10,"gold_loss":0,"cards_obtained":["Parasite"]}],"is_beta":false,"boss_relics":[],"items_purged_floors":[],"is_endless":false,"potions_floor_spawned":[4,7,8,12],"killed_by":"The Guardian","ascension_level":0}