{"gold_per_floor":[118,131,131,24,39,39,62,62,89,89,105,105,122,24,24,119,119,108,120,138,156,166,166,178,178,255,255,273,273,36,54,54,149,149,164,3,17,37,37,37,49,59,59,59,59],"floor_reached":45,"playtime":7883,"items_purged":["Brutality","Strike_R"],"score":436,"play_id":"8656a0d8-a719-4997-82f0-f1e1de77aff2","local_time":"20190804150645","is_ascension_mode":false,"campfire_choices":[{"data":"Iron Wave","floor":6.0,"key":"SMITH"},{"data":"Flame Barrier","floor":8.0,"key":"SMITH"},{"data":"Seeing Red","floor":10.0,"key":"SMITH"},{"floor":15.0,"key":"REST"},{"floor":23,"key":"REST"},{"floor":25,"key":"REST"},{"data":"Rage","floor":27,"key":"SMITH"},{"floor":32,"key":"REST"},{"floor":40,"key":"REST"}],"neow_cost":"NONE","seed_source_timestamp":0,"circlet_count":0,"master_deck":["Strike_R","Strike_R","Strike_R","Strike_R","Defend_R","Defend_R","Defend_R","Defend_R","Bash","Iron Wave+1","Cleave","Flame Barrier+1","Inflame","Seeing Red+1","Rage+1","Iron Wave","Metallicize","Anger","Double Tap","Heavy Blade+1","Twin Strike+1","Twin Strike+1","Armaments+1","Sword Boomerang+1","Shrug It Off","Burning Pact","Jack Of All Trades","Pommel Strike","Warcry","Impervious","Iron Wave","Offering","Reckless Charge+1","Fiend Fire","Finesse","Pommel Strike","True Grit","Doubt"],"special_seed":0,"relics":["Black Blood","Odd Mushroom","Centennial Puzzle","Ornamental Fan","Enchiridion","Lizard Tail","Molten Egg 2"],"potions_floor_usage":[33,33,33,37,41,42],"damage_taken":[{"damage":8.0,"enemies":"Jaw Worm","floor":1.0,"turns":5.0},{"damage":7.0,"enemies":"2 Louse","floor":2.0,"turns":4.0},{"damage":0.0,"enemies":"Small Slimes","floor":5.0,"turns":3.0},{"damage":12.0,"enemies":"The Mushroom Lair","floor":7.0,"turns":5.0},{"damage":13.0,"enemies":"3 Louse","floor":11.0,"turns":2.0},{"damage":2.0,"enemies":"Looter","floor":13.0,"turns":3.0},{"damage":42.0,"enemies":"The Guardian","floor":16.0,"turns":17.0},{"damage":15.0,"enemies":"2 Thieves","floor":18.0,"turns":4.0},{"damage":5.0,"enemies":"Spheric Guardian","floor":19.0,"turns":5.0},{"damage":18.0,"enemies":"Centurion and Healer","floor":20.0,"turns":10.0},{"damage":20.0,"enemies":"Snecko","floor":21.0,"turns":9.0},{"damage":23,"enemies":"Sentry and Sphere","floor":22,"turns":6},{"damage":29,"enemies":"Snake Plant","floor":24,"turns":6},{"damage":16,"enemies":"Centurion and Healer","floor":28,"turns":7},{"damage":8,"enemies":"3 Cultists","floor":31,"turns":7},{"damage":63,"enemies":"Automaton","floor":33,"turns":10},{"damage":3,"enemies":"Orb Walker","floor":35,"turns":4},{"damage":16,"enemies":"3 Darklings","floor":37,"turns":10},{"damage":54,"enemies":"Maw","floor":38,"turns":9},{"damage":31,"enemies":"Spire Growth","floor":41,"turns":7},{"damage":62,"enemies":"4 Shapes","floor":42,"turns":17},{"damage":81,"enemies":"2 Orb Walkers","floor":45,"turns":6}],"seed_played":"-9205861392801975344","potions_obtained":[{"floor":2.0,"key":"SteroidPotion"},{"floor":5.0,"key":"Energy Potion"},{"floor":12.0,"key":"Explosive Potion"},{"floor":18.0,"key":"Swift Potion"},{"floor":19.0,"key":"Strength Potion"},{"floor":20.0,"key":"Explosive Potion"},{"floor":28,"key":"PowerPotion"},{"floor":33,"key":"PowerPotion"},{"floor":37,"key":"SkillPotion"},{"floor":41,"key":"Block Potion"}],"is_trial":false,"path_per_floor":["M","M","?","$","M","R","?","R","T","R","M","?","M","$","R","B",null,"M","M","M","M","M","R","M","R","T","R","M","?","$","M","R","B",null,"M","$","M","M","?","R","M","M","T","?","?"],"character_chosen":"IRONCLAD","items_purchased":["Flame Barrier","Inflame","Anger","Jack Of All Trades","Pommel Strike","Offering"],"campfire_rested":5,"item_purchase_floors":[4,4,14,30,30,36],"current_hp_per_floor":[78,77,77,77,80,80,74,74,74,74,67,67,71,71,80,44,80,75,80,72,62,49,73,54,78,78,78,72,56,56,58,80,27,80,80,80,74,30,30,54,33,28,28,80,0],"gold":59,"neow_bonus":"ONE_RANDOM_RARE_CARD","is_prod":false,"is_daily":false,"chose_seed":false,"campfire_upgraded":4,"win_rate":0.0,"timestamp":1564924005,"path_taken":["M","M","?","$","M","R","?","R","T","R","M","?","M","$","R","BOSS","M","?","M","M","M","R","M","R","T","R","M","?","$","M","R","BOSS","M","$","M","M","?","R","M","M","T","?","?"],"build_version":"2019-07-17","purchased_purges":2,"victory":false,"max_hp_per_floor":[80,80,80,80,80,80,80,80,80,80,80,80,80,80,80,80,80,80,80,80,80,80,80,80,80,80,80,80,80,80,80,80,80,80,80,80,80,80,80,80,80,80,80,80,80],"card_choices":[{"not_picked":["Warcry","Clash"],"picked":"Iron Wave","floor":1.0},{"not_picked":["Carnage","True Grit"],"picked":"Cleave","floor":2.0},{"not_picked":["Demon Form","Warcry"],"picked":"Seeing Red","floor":5.0},{"not_picked":["Ghostly Armor","Thunderclap"],"picked":"Rage","floor":7.0},{"not_picked":["Sever Soul","Thunderclap"],"picked":"Iron Wave","floor":11.0},{"not_picked":["Headbutt","True Grit"],"picked":"Metallicize","floor":13.0},{"not_picked":["Brutality","Limit Break"],"picked":"Double Tap","floor":16.0},{"not_picked":["Seeing Red","Clothesline"],"picked":"Heavy Blade+1","floor":18.0},{"not_picked":["Burning Pact","Intimidate+1"],"picked":"Twin Strike+1","floor":19.0},{"not_picked":["Perfected Strike","Clash"],"picked":"Twin Strike+1","floor":20.0},{"not_picked":["Intimidate+1","Inflame"],"picked":"Armaments+1","floor":21},{"not_picked":["Disarm","Berserk"],"picked":"Sword Boomerang+1","floor":22},{"not_picked":["Reckless Charge+1","Shockwave+1"],"picked":"Shrug It Off","floor":24},{"not_picked":["Clash+1","Headbutt"],"picked":"Burning Pact","floor":28},{"not_picked":["Heavy Blade","Headbutt"],"picked":"Warcry","floor":31},{"not_picked":["Offering","Double Tap"],"picked":"Impervious","floor":33},{"not_picked":["Anger+1","Dropkick+1"],"picked":"Iron Wave","floor":35},{"not_picked":["Anger+1","Clash"],"picked":"Reckless Charge+1","floor":37},{"not_picked":["Metallicize+1","Perfected Strike+1"],"picked":"Fiend Fire","floor":38},{"not_picked":["Mayhem","Impatience"],"picked":"Finesse","floor":39},{"not_picked":["Warcry","Anger"],"picked":"Pommel Strike","floor":41},{"not_picked":["Thunderclap+1","Sword Boomerang"],"picked":"True Grit","floor":42}],"player_experience":19783,"relics_obtained":[{"floor":7.0,"key":"Odd Mushroom"},{"floor":9.0,"key":"Centennial Puzzle"},{"floor":26,"key":"Ornamental Fan"},{"floor":29,"key":"Enchiridion"},{"floor":43,"key":"Molten Egg 2"}],"event_choices":[{"damage_healed":0.0,"max_hp_gain":0.0,"max_hp_loss":0.0,"gold_gain":0.0,"event_name":"Shining Light","player_choice":"Ignored","floor":3.0,"gold_loss":0.0,"damage_taken":0.0},{"damage_healed":0.0,"max_hp_gain":0.0,"max_hp_loss":0.0,"gold_gain":0.0,"event_name":"Mushrooms","player_choice":"Fought Mushrooms","floor":7.0,"gold_loss":0.0,"damage_taken":0.0},{"damage_healed":0.0,"max_hp_gain":0.0,"max_hp_loss":0.0,"gold_gain":0.0,"event_name":"Lab","player_choice":"Got Potions","floor":12.0,"gold_loss":0.0,"damage_taken":0.0},{"damage_healed":0,"gold_gain":0,"player_choice":"Obtained Book","damage_taken":16,"max_hp_gain":0,"max_hp_loss":0,"event_name":"Cursed Tome","floor":29,"gold_loss":0},{"damage_healed":0,"gold_gain":0,"player_choice":"Memory 1","damage_taken":0,"max_hp_gain":0,"max_hp_loss":0,"event_name":"SensoryStone","floor":39,"gold_loss":0},{"damage_healed":52,"gold_gain":0,"player_choice":"Heal","damage_taken":0,"max_hp_gain":0,"max_hp_loss":0,"event_name":"MindBloom","floor":44,"gold_loss":0,"cards_obtained":["Doubt"]},{"damage_healed":0,"gold_gain":0,"player_choice":"Fight","damage_taken":0,"max_hp_gain":0,"max_hp_loss":0,"event_name":"Mysterious Sphere","floor":45,"gold_loss":0}],"is_beta":false,"boss_relics":[{"not_picked":["Runic Dome","Eternal Feather"],"picked":"Black Blood"},{"not_picked":["Black Star","Empty Cage"],"picked":"Lizard Tail"}],"items_purged_floors":[14,30],"is_endless":false,"potions_floor_spawned":[2,5,13,18,19,20,28,33,37,41],"killed_by":"2 Orb Walkers","ascension_level":0}