{"gold_per_floor":[113,125,125,141,153,153,187,187,258,268,233,25,51,78,78,153,153,172,183,19,19,31,31,95,95],"floor_reached":25,"playtime":1206,"items_purged":["Strike_R"],"score":486,"play_id":"b7b3dac4-bf1f-4dd9-b884-bb37b867354e","local_time":"20190711205457","is_ascension_mode":true,"campfire_choices":[{"data":"Shrug It Off","floor":6,"key":"SMITH"},{"data":"Heavy Blade","floor":15,"key":"SMITH"},{"floor":23,"key":"REST"}],"neow_cost":"NONE","seed_source_timestamp":95912368462873,"circlet_count":0,"master_deck":["AscendersBane","Strike_R","Strike_R","Strike_R","Strike_R","Defend_R","Defend_R","Defend_R","Defend_R","Bash","Shrug It Off+1","Inflame","Spot Weakness","Sword Boomerang","Shrug It Off","Heavy Blade+1","Corruption+1","Demon Form+1","Offering","Battle Trance","Cleave+1","Impervious","Shame","Offering","Twin Strike","True Grit","Immolate"],"relics":["Burning Blood","NeowsBlessing","Gambling Chip","Happy Flower","Frozen Egg 2","Gremlin Horn","Boot","Black Star","Tiny Chest","Potion Belt"],"potions_floor_usage":[16,22,22,25],"damage_taken":[{"damage":0,"enemies":"Cultist","floor":1,"turns":1},{"damage":0,"enemies":"Jaw Worm","floor":2,"turns":1},{"damage":0,"enemies":"Small Slimes","floor":4,"turns":1},{"damage":13,"enemies":"Looter","floor":5,"turns":4},{"damage":34,"enemies":"3 Sentries","floor":7,"turns":10},{"damage":0,"enemies":"Exordium Thugs","floor":10,"turns":3},{"damage":6,"enemies":"Lagavulin","floor":13,"turns":5},{"damage":40,"enemies":"The Guardian","floor":16,"turns":7},{"damage":19,"enemies":"Spheric Guardian","floor":18,"turns":4},{"damage":25,"enemies":"Shell Parasite","floor":19,"turns":5},{"damage":24,"enemies":"Centurion and Healer","floor":22,"turns":3},{"damage":35,"enemies":"Slavers","floor":24,"turns":4},{"damage":42,"enemies":"Snecko","floor":25,"turns":4}],"seed_played":"-455473985543227304","potions_obtained":[{"floor":2,"key":"SmokeBomb"},{"floor":7,"key":"EssenceOfSteel"},{"floor":18,"key":"AttackPotion"},{"floor":22,"key":"Fruit Juice"}],"is_trial":false,"path_per_floor":["M","M","?","M","M","R","E","?","T","M","?","$","E","T","R","B",null,"M","M","$","?","M","R","E","M"],"character_chosen":"IRONCLAD","items_purchased":["Corruption+1","SpeedPotion","Impervious"],"campfire_rested":1,"item_purchase_floors":[12,12,20],"current_hp_per_floor":[74,75,80,80,73,73,45,27,27,33,53,53,53,53,53,19,65,52,33,33,33,20,45,16,0],"gold":95,"neow_bonus":"THREE_ENEMY_KILL","is_prod":false,"is_daily":false,"chose_seed":false,"campfire_upgraded":2,"win_rate":0,"timestamp":1562896497,"path_taken":["M","M","?","M","M","R","E","?","T","M","?","$","E","?","R","BOSS","M","M","$","?","M","R","E","?"],"build_version":"2019-07-05","purchased_purges":1,"victory":false,"max_hp_per_floor":[75,75,80,80,80,80,80,80,80,80,80,80,80,80,80,80,80,80,80,80,80,85,85,85,85],"card_choices":[{"not_picked":["Clash","Heavy Blade"],"picked":"Shrug It Off","floor":1},{"not_picked":["Pommel Strike","Shrug It Off"],"picked":"Inflame","floor":2},{"not_picked":["Wild Strike","Evolve"],"picked":"Spot Weakness","floor":4},{"not_picked":["Thunderclap","Cleave"],"picked":"Sword Boomerang","floor":5},{"not_picked":["Body Slam","Power Through"],"picked":"Shrug It Off","floor":7},{"not_picked":["Havoc","Warcry"],"picked":"Heavy Blade","floor":10},{"not_picked":["Rampage","Clothesline"],"picked":"Demon Form+1","floor":13},{"not_picked":["Impervious","Dark Embrace+1"],"picked":"Offering","floor":16},{"not_picked":["Spot Weakness","Perfected Strike+1"],"picked":"Battle Trance","floor":18},{"not_picked":["Pommel Strike","Havoc"],"picked":"Cleave+1","floor":19},{"not_picked":["Twin Strike","Anger"],"picked":"True Grit","floor":22},{"not_picked":["Rage","Pummel"],"picked":"Immolate","floor":24}],"player_experience":466648,"relics_obtained":[{"floor":7,"key":"Gambling Chip"},{"floor":9,"key":"Frozen Egg 2"},{"floor":13,"key":"Gremlin Horn"},{"floor":14,"key":"Boot"},{"floor":24,"key":"Tiny Chest"},{"floor":24,"key":"Potion Belt"}],"event_choices":[{"damage_healed":0,"gold_gain":0,"player_choice":"Donut","damage_taken":0,"max_hp_gain":5,"max_hp_loss":0,"event_name":"Big Fish","floor":3,"gold_loss":0},{"damage_healed":0,"gold_gain":0,"player_choice":"Success","damage_taken":18,"relics_obtained":["Happy Flower"],"max_hp_gain":0,"max_hp_loss":0,"event_name":"Scrap Ooze","floor":8,"gold_loss":0},{"damage_healed":20,"gold_gain":0,"player_choice":"Healed","damage_taken":0,"max_hp_gain":0,"max_hp_loss":0,"event_name":"The Cleric","floor":11,"gold_loss":35},{"damage_healed":0,"gold_gain":0,"player_choice":"3 cards matched","damage_taken":0,"max_hp_gain":0,"max_hp_loss":0,"event_name":"Match and Keep!","floor":21,"gold_loss":0,"cards_obtained":["Shame","Offering","Twin Strike"]}],"is_beta":false,"boss_relics":[{"not_picked":["Lizard Tail","Tiny House"],"picked":"Black Star"}],"items_purged_floors":[12],"is_endless":false,"potions_floor_spawned":[2,7,10,18,22],"killed_by":"Snecko","ascension_level":18}