{"gold_per_floor":[116,191,191,141,41,73,86,86,113,141,141,158,178,1,1,1],"floor_reached":16,"playtime":712,"items_purged":["Strike_B"],"score":206,"play_id":"db6f41a5-5b30-4826-9668-d0cdc2a958cd","local_time":"20190728212710","is_ascension_mode":true,"campfire_choices":[{"data":"Beam Cell","floor":11,"key":"SMITH"},{"data":"Fusion","floor":15,"key":"SMITH"}],"neow_cost":"NONE","seed_source_timestamp":1556504497071500,"circlet_count":0,"master_deck":["AscendersBane","Strike_B","Strike_B","Defend_B","Defend_B","Defend_B","Zap","Dualcast","Ball Lightning","Beam Cell+1","Fusion+1","Go for the Eyes","Leap","White Noise","BootSequence","Machine Learning"],"relics":["Cracked Core","NeowsBlessing","Shuriken","Anchor","Bottled Flame"],"potions_floor_usage":[10,16,16,16,16],"damage_taken":[{"damage":0,"enemies":"2 Louse","floor":1,"turns":1},{"damage":0,"enemies":"3 Sentries","floor":6,"turns":1},{"damage":0,"enemies":"Small Slimes","floor":7,"turns":1},{"damage":20,"enemies":"Lagavulin","floor":10,"turns":5},{"damage":0,"enemies":"Cultist","floor":12,"turns":2},{"damage":0,"enemies":"3 Louse","floor":13,"turns":3},{"damage":45,"enemies":"Slime Boss","floor":16,"turns":8}],"seed_played":"7388212590663757021","potions_obtained":[{"floor":1,"key":"Weak Potion"},{"floor":7,"key":"Ancient Potion"},{"floor":10,"key":"EntropicBrew"}],"is_trial":false,"path_per_floor":["M","?","?","?","$","E","M","?","T","E","R","M","M","$","R","B"],"character_chosen":"DEFECT","items_purchased":["Beam Cell","BootSequence","Machine Learning"],"campfire_rested":0,"item_purchase_floors":[5,14,14],"current_hp_per_floor":[68,57,62,62,62,62,62,62,62,42,42,42,42,42,42,0],"gold":1,"neow_bonus":"THREE_ENEMY_KILL","is_prod":false,"is_daily":false,"chose_seed":false,"campfire_upgraded":2,"win_rate":0,"timestamp":1564370830,"path_taken":["M","?","?","?","$","E","M","?","T","E","R","M","M","$","R","BOSS"],"build_version":"2019-07-18","purchased_purges":1,"victory":false,"max_hp_per_floor":[75,75,80,80,80,80,80,80,80,80,80,80,80,80,80,80],"card_choices":[{"not_picked":["Glacier","Compile Driver"],"picked":"Ball Lightning","floor":1},{"not_picked":["Blizzard","Redo","Beam Cell"],"picked":"SKIP","floor":6},{"not_picked":["Turbo","Redo"],"picked":"Fusion","floor":7},{"not_picked":["Heatsinks","Stack"],"picked":"Go for the Eyes","floor":10},{"not_picked":["Reprogram","Go for the Eyes"],"picked":"Leap","floor":12},{"not_picked":["Chaos","Genetic Algorithm"],"picked":"White Noise","floor":13}],"player_experience":417043,"relics_obtained":[{"floor":6,"key":"Shuriken"},{"floor":9,"key":"Anchor"},{"floor":10,"key":"Bottled Flame"}],"event_choices":[{"damage_healed":0,"gold_gain":75,"player_choice":"Gather Gold","damage_taken":11,"max_hp_gain":0,"max_hp_loss":0,"event_name":"World of Goop","floor":2,"gold_loss":0},{"damage_healed":0,"gold_gain":0,"player_choice":"Donut","damage_taken":0,"max_hp_gain":5,"max_hp_loss":0,"event_name":"Big Fish","floor":3,"gold_loss":0},{"cards_removed":["Strike_B"],"damage_healed":0,"gold_gain":0,"player_choice":"Card Removal","damage_taken":0,"max_hp_gain":0,"max_hp_loss":0,"event_name":"The Cleric","floor":4,"gold_loss":50},{"cards_removed":["Defend_B"],"damage_healed":0,"gold_gain":0,"player_choice":"Offered Basic","damage_taken":0,"max_hp_gain":0,"max_hp_loss":0,"event_name":"Bonfire Elementals","floor":8,"gold_loss":0}],"is_beta":true,"boss_relics":[],"items_purged_floors":[5],"is_endless":false,"potions_floor_spawned":[1,7,10],"killed_by":"Slime Boss","ascension_level":11}