{"gold_per_floor":[19,36,36,49,61,61,87,87,157,157,175,193,213,223,223,223],"floor_reached":16,"playtime":760,"items_purged":[],"score":207,"play_id":"cc5a2c59-f92f-4a98-adf8-e3a60e15190d","local_time":"20190721011020","is_ascension_mode":true,"campfire_choices":[{"data":"Iron Wave","floor":6,"key":"SMITH"},{"data":"1","floor":8,"key":"LIFT"},{"data":"2","floor":10,"key":"LIFT"},{"floor":15,"key":"REST"}],"neow_cost":"NO_GOLD","seed_source_timestamp":16902177366095,"circlet_count":0,"master_deck":["AscendersBane","Strike_R","Strike_R","Defend_R","Defend_R","Defend_R","Defend_R","Bash","Intimidate","Uppercut","Power Through","Iron Wave+1","Demon Form","Flame Barrier","Pummel","Pommel Strike","Dual Wield"],"relics":["Burning Blood","Girya","Sundial"],"potions_floor_usage":[7,16,16],"damage_taken":[{"damage":6,"enemies":"2 Louse","floor":1,"turns":4},{"damage":4,"enemies":"Cultist","floor":2,"turns":3},{"damage":15,"enemies":"Small Slimes","floor":4,"turns":5},{"damage":5,"enemies":"Blue Slaver","floor":5,"turns":7},{"damage":22,"enemies":"Gremlin Nob","floor":7,"turns":5},{"damage":8,"enemies":"Looter","floor":11,"turns":3},{"damage":21,"enemies":"2 Fungi Beasts","floor":12,"turns":5},{"damage":10,"enemies":"Lots of Slimes","floor":13,"turns":5},{"damage":16,"enemies":"Red Slaver","floor":14,"turns":4},{"damage":54,"enemies":"The Guardian","floor":16,"turns":11}],"seed_played":"5342169338319806032","potions_obtained":[{"floor":1,"key":"Dexterity Potion"},{"floor":2,"key":"EntropicBrew"},{"floor":5,"key":"SpeedPotion"},{"floor":11,"key":"Weak Potion"},{"floor":13,"key":"Regen Potion"}],"is_trial":false,"path_per_floor":["M","M","?","M","M","R","E","R","T","R","M","M","M","M","R","B"],"character_chosen":"IRONCLAD","items_purchased":[],"campfire_rested":1,"item_purchase_floors":[],"current_hp_per_floor":[68,70,70,61,62,62,46,46,46,46,44,29,25,15,37,0],"gold":223,"neow_bonus":"REMOVE_TWO","is_prod":false,"is_daily":false,"chose_seed":false,"campfire_upgraded":1,"win_rate":0,"timestamp":1563689420,"path_taken":["M","M","?","M","?","R","E","R","T","R","M","M","M","M","R","BOSS"],"build_version":"2019-07-17","purchased_purges":0,"victory":false,"max_hp_per_floor":[75,75,75,75,75,75,75,75,75,75,75,75,75,75,75,75],"card_choices":[{"not_picked":["Combust","Wild Strike"],"picked":"Intimidate","floor":1},{"not_picked":["Reckless Charge","Anger"],"picked":"Uppercut","floor":2},{"not_picked":["Blood for Blood","Ghostly Armor"],"picked":"Power Through","floor":4},{"not_picked":["Twin Strike","Headbutt"],"picked":"Iron Wave","floor":5},{"not_picked":["Flex","Fire Breathing"],"picked":"Demon Form","floor":7},{"not_picked":["Wild Strike","Clothesline"],"picked":"Flame Barrier","floor":11},{"not_picked":["Twin Strike","Intimidate"],"picked":"Pummel","floor":12},{"not_picked":["Fire Breathing","Blood for Blood"],"picked":"Pommel Strike","floor":13},{"not_picked":["Twin Strike","Clothesline"],"picked":"Dual Wield","floor":14}],"player_experience":510025,"relics_obtained":[{"floor":7,"key":"Girya"},{"floor":9,"key":"Sundial"}],"event_choices":[{"cards_removed":["Strike_R"],"damage_healed":0,"gold_gain":0,"player_choice":"Purged","damage_taken":0,"max_hp_gain":0,"max_hp_loss":0,"event_name":"Purifier","floor":3,"gold_loss":0}],"is_beta":false,"boss_relics":[],"items_purged_floors":[],"is_endless":false,"potions_floor_spawned":[1,2,5,11,13],"killed_by":"The Guardian","ascension_level":19}