{"gold_per_floor":[112,130,141,151,151,180,203,203,203,203,222,222,237,249,249,249],"floor_reached":16,"playtime":1953,"items_purged":[],"score":104,"play_id":"755753ad-aaf7-4aaa-943e-e8239fc40951","local_time":"20190707130522","is_ascension_mode":false,"campfire_choices":[{"data":"Heavy Blade","floor":8,"key":"SMITH"},{"data":"Rupture","floor":10,"key":"SMITH"},{"floor":15,"key":"REST"}],"neow_cost":"NONE","seed_source_timestamp":0,"circlet_count":0,"master_deck":["Strike_R","Strike_R","Strike_R","Strike_R","Strike_R","Defend_R","Defend_R","Defend_R","Defend_R","Bash","Heavy Blade+1","Body Slam","Rupture+1","Flex","Flex","Inflame","Bloodletting","Thunderclap","Headbutt","Battle Trance"],"special_seed":0,"relics":["Burning Blood","Ancient Tea Set","Odd Mushroom","Pantograph","GremlinMask"],"potions_floor_usage":[14,16],"damage_taken":[{"damage":0.0,"enemies":"Small Slimes","floor":1.0,"turns":3.0},{"damage":1.0,"enemies":"Cultist","floor":2.0,"turns":4.0},{"damage":4.0,"enemies":"2 Louse","floor":3.0,"turns":4.0},{"damage":15.0,"enemies":"Exordium Thugs","floor":4.0,"turns":7.0},{"damage":30.0,"enemies":"3 Sentries","floor":6.0,"turns":10.0},{"damage":19,"enemies":"The Mushroom Lair","floor":7,"turns":3},{"damage":6,"enemies":"2 Fungi Beasts","floor":11,"turns":3},{"damage":11,"enemies":"Blue Slaver","floor":13,"turns":4},{"damage":13,"enemies":"Lots of Slimes","floor":14,"turns":5},{"damage":74,"enemies":"Hexaghost","floor":16,"turns":8}],"seed_played":"-5591369308705628987","potions_obtained":[{"floor":1.0,"key":"Strength Potion"},{"floor":3.0,"key":"Block Potion"},{"floor":6,"key":"Swift Potion"},{"floor":11,"key":"FearPotion"}],"is_trial":false,"path_per_floor":["M","M","M","M","?","E","?","R","T","R","M","?","M","M","R","B"],"character_chosen":"IRONCLAD","items_purchased":[],"campfire_rested":1,"item_purchase_floors":[],"current_hp_per_floor":[80,80,80,71,71,47,34,34,34,34,34,34,29,22,46,0],"gold":249,"neow_bonus":"THREE_CARDS","is_prod":false,"is_daily":false,"chose_seed":false,"campfire_upgraded":2,"win_rate":0.0,"timestamp":1562519122,"path_taken":["M","M","M","M","?","E","?","R","T","R","M","?","M","M","R","BOSS"],"build_version":"2019-07-05","purchased_purges":0,"victory":false,"max_hp_per_floor":[80,80,80,80,80,80,80,80,80,80,80,80,80,80,80,80],"card_choices":[{"not_picked":["Searing Blow","True Grit"],"picked":"Heavy Blade","floor":0.0},{"not_picked":["Fire Breathing","Dual Wield"],"picked":"Body Slam","floor":1.0},{"not_picked":["Metallicize","Bloodletting"],"picked":"Rupture","floor":2.0},{"not_picked":["Pummel","Fire Breathing"],"picked":"Flex","floor":3.0},{"not_picked":["Pummel","Clothesline"],"picked":"Flex","floor":4.0},{"not_picked":["Entrench","Headbutt"],"picked":"Inflame","floor":6},{"not_picked":["Iron Wave","Fire Breathing"],"picked":"Bloodletting","floor":7},{"not_picked":["Headbutt","Seeing Red"],"picked":"Thunderclap","floor":11},{"not_picked":["Armaments","Sword Boomerang"],"picked":"Headbutt","floor":13},{"not_picked":["Twin Strike","Disarm"],"picked":"Battle Trance","floor":14}],"player_experience":19050,"relics_obtained":[{"floor":6,"key":"Ancient Tea Set"},{"floor":7,"key":"Odd Mushroom"},{"floor":9,"key":"Pantograph"}],"event_choices":[{"damage_healed":0.0,"max_hp_gain":0.0,"max_hp_loss":0.0,"gold_gain":0.0,"event_name":"Liars Game","player_choice":"Ignored","floor":5.0,"gold_loss":0.0,"damage_taken":0.0},{"damage_healed":0,"gold_gain":0,"player_choice":"Fought Mushrooms","damage_taken":0,"max_hp_gain":0,"max_hp_loss":0,"event_name":"Mushrooms","floor":7,"gold_loss":0},{"damage_healed":0,"gold_gain":0,"player_choice":"Trade","damage_taken":0,"relics_obtained":["GremlinMask"],"max_hp_gain":0,"max_hp_loss":0,"event_name":"FaceTrader","floor":12,"gold_loss":0}],"is_beta":false,"boss_relics":[],"items_purged_floors":[],"is_endless":false,"potions_floor_spawned":[1,3,6,11],"killed_by":"Hexaghost","ascension_level":0}