{"gold_per_floor":[110,110,110,110,110,148,172,187,214,214,214,138,138,162,162,258,258,217,60,79,94,94,94,114,114,182,182,205,205,255,255,255,329,329,347,358,2,102,112,112,124,124,124,139,157,107,119,10,10,10],"floor_reached":50,"playtime":1670,"items_purged":[],"score":959,"play_id":"69cd186c-ead7-4951-bba3-c010bb27b648","local_time":"20190803232648","is_ascension_mode":true,"campfire_choices":[{"data":"Zap","floor":10.0,"key":"SMITH"},{"data":"Dualcast","floor":13.0,"key":"SMITH"},{"data":"Defragment","floor":15.0,"key":"SMITH"},{"floor":23.0,"key":"REST"},{"data":"Defragment","floor":25.0,"key":"SMITH"},{"data":"Defragment","floor":27.0,"key":"SMITH"},{"floor":32.0,"key":"REST"},{"floor":40.0,"key":"REST"},{"floor":49.0,"key":"REST"}],"neow_cost":"NONE","seed_source_timestamp":1046201686594700,"circlet_count":0,"master_deck":["AscendersBane","Strike_B","Strike_B","Strike_B","Strike_B","Defend_B","Defend_B","Defend_B","Defend_B","Zap+1","Dualcast+1","Leap+1","Gash","Rebound","Defragment+1","Glacier+1","All For One","Defragment+1","Defragment+1","Leap","Cold Snap+1","Go for the Eyes","Biased Cognition","Double Energy+1","Redo+1","Biased Cognition","Hologram","Capacitor","Redo+1","Defragment+1"],"special_seed":0,"relics":["FrozenCore","NeowsBlessing","Bloody Idol","DataDisk","Bronze Scales","Vajra","Boot","Mercury Hourglass","Nuclear Battery","Membership Card","Pear","Turnip","Bottled Flame","DollysMirror"],"potions_floor_usage":[50],"damage_taken":[{"damage":0.0,"enemies":"2 Louse","floor":1.0,"turns":1.0},{"damage":0.0,"enemies":"Gremlin Nob","floor":6.0,"turns":1.0},{"damage":0.0,"enemies":"Jaw Worm","floor":7.0,"turns":1.0},{"damage":0.0,"enemies":"Small Slimes","floor":8.0,"turns":3.0},{"damage":6.0,"enemies":"Looter","floor":14.0,"turns":2.0},{"damage":21.0,"enemies":"Slime Boss","floor":16.0,"turns":12.0},{"damage":21.0,"enemies":"2 Thieves","floor":18.0,"turns":5.0},{"damage":0.0,"enemies":"Spheric Guardian","floor":20.0,"turns":6.0},{"damage":5.0,"enemies":"Chosen and Byrds","floor":21.0,"turns":7.0},{"damage":21.0,"enemies":"Centurion and Healer","floor":24.0,"turns":8.0},{"damage":4.0,"enemies":"Cultist and Chosen","floor":28.0,"turns":5.0},{"damage":28.0,"enemies":"Automaton","floor":33.0,"turns":14.0},{"damage":21.0,"enemies":"3 Darklings","floor":35.0,"turns":5.0},{"damage":3.0,"enemies":"3 Shapes","floor":36.0,"turns":7.0},{"damage":0.0,"enemies":"Mind Bloom Boss Battle","floor":38.0,"turns":7.0},{"damage":25.0,"enemies":"Maw","floor":39.0,"turns":9.0},{"damage":28.0,"enemies":"Jaw Worm Horde","floor":41.0,"turns":4.0},{"damage":7.0,"enemies":"Sphere and 2 Shapes","floor":44.0,"turns":6.0},{"damage":25.0,"enemies":"3 Darklings","floor":45.0,"turns":5.0},{"damage":34.0,"enemies":"Transient","floor":47.0,"turns":6.0},{"damage":36,"enemies":"Donu and Deca","floor":50,"turns":5}],"seed_played":"-6456886312609632571","potions_obtained":[{"floor":1.0,"key":"Swift Potion"},{"floor":7.0,"key":"GamblersBrew"},{"floor":18.0,"key":"Block Potion"},{"floor":20.0,"key":"Regen Potion"},{"floor":24.0,"key":"Dexterity Potion"},{"floor":33.0,"key":"Explosive Potion"},{"floor":38.0,"key":"Strength Potion"},{"floor":44.0,"key":"Regen Potion"},{"floor":47.0,"key":"EssenceOfSteel"}],"is_trial":false,"path_per_floor":["M","?","$","?","?","E","M","M","T","R","?","$","R","M","R","B",null,"M","$","M","M","$","R","M","R","T","R","M","?","?","?","R","B",null,"M","M","$","?","M","R","M","?","T","M","M","?","M","$","R","B"],"character_chosen":"DEFECT","items_purchased":["Defragment","Boot","Membership Card","Pear","DollysMirror"],"campfire_rested":4,"item_purchase_floors":[12,19,37,37,48],"current_hp_per_floor":[64,64,64,69,64,64,64,64,64,64,64,64,64,58,58,37,61,40,40,40,35,35,55,49,49,49,49,45,45,50,50,69,46,63,47,49,59,64,44,67,44,44,44,42,36,36,7,7,30,0],"gold":10,"neow_bonus":"THREE_ENEMY_KILL","is_prod":false,"is_daily":false,"chose_seed":false,"campfire_upgraded":5,"win_rate":0,"timestamp":1564867608,"path_taken":["M","?","$","?","?","E","?","M","T","R","?","$","R","M","R","BOSS","M","$","M","M","$","R","M","R","T","R","M","?","?","?","R","BOSS","M","?","$","?","M","R","M","?","T","M","M","?","?","?","R","BOSS"],"build_version":"2019-07-17","purchased_purges":0,"victory":false,"max_hp_per_floor":[71,64,64,69,69,69,69,69,69,69,69,69,69,69,69,69,69,69,69,69,69,69,69,69,69,69,69,69,69,69,69,69,69,69,69,69,79,79,79,79,79,79,79,79,79,79,79,79,79,79],"card_choices":[{"not_picked":["Skim","Streamline","Static Discharge"],"picked":"SKIP","floor":1.0},{"not_picked":["Turbo","Heatsinks"],"picked":"Leap","floor":6.0},{"not_picked":["Scrape","Sweeping Beam"],"picked":"Gash","floor":7.0},{"not_picked":["Scrape","Recycle"],"picked":"Rebound","floor":8.0},{"not_picked":["Chill","Hologram"],"picked":"Glacier","floor":14.0},{"not_picked":["Fission","Seek"],"picked":"All For One","floor":16.0},{"not_picked":["BootSequence","Barrage"],"picked":"Defragment","floor":18.0},{"not_picked":["White Noise","Heatsinks"],"picked":"Defragment","floor":20.0},{"not_picked":["Tempest","Double Energy"],"picked":"Leap","floor":21.0},{"not_picked":["Doom and Gloom","Ball Lightning"],"picked":"Cold Snap","floor":24.0},{"not_picked":["Compile Driver","Blizzard"],"picked":"Go for the Eyes","floor":28.0},{"not_picked":["Machine Learning","Core Surge"],"picked":"Biased Cognition","floor":33.0},{"not_picked":["Coolheaded","Consume","Compile Driver+1"],"picked":"SKIP","floor":35.0},{"not_picked":["Rebound","Conserve Battery"],"picked":"Double Energy+1","floor":36.0},{"not_picked":["Sweeping Beam","Stack"],"picked":"Redo+1","floor":38.0},{"not_picked":["Barrage","Go for the Eyes"],"picked":"Biased Cognition","floor":39.0},{"not_picked":["Lockon","Steam"],"picked":"Hologram","floor":41.0},{"not_picked":["Sunder","Tempest"],"picked":"Capacitor","floor":44.0},{"not_picked":["Skim","Redo","Turbo+1"],"picked":"SKIP","floor":45.0},{"not_picked":["Hologram","Streamline"],"picked":"Redo+1","floor":47.0}],"player_experience":415329,"relics_obtained":[{"floor":6.0,"key":"Bronze Scales"},{"floor":9.0,"key":"Vajra"},{"floor":26.0,"key":"Mercury Hourglass"},{"floor":38.0,"key":"Turnip"},{"floor":43.0,"key":"Bottled Flame"}],"event_choices":[{"damage_healed":0.0,"max_hp_gain":0.0,"max_hp_loss":7.0,"gold_gain":0.0,"event_name":"Golden Idol","player_choice":"Lose Max HP","floor":2.0,"gold_loss":0.0,"damage_taken":0.0,"relics_obtained":["Golden Idol"]},{"damage_healed":0.0,"max_hp_gain":5.0,"max_hp_loss":0.0,"gold_gain":0.0,"event_name":"Big Fish","player_choice":"Donut","floor":4.0,"gold_loss":0.0,"damage_taken":0.0},{"damage_healed":0.0,"max_hp_gain":0.0,"max_hp_loss":0.0,"gold_gain":0.0,"event_name":"Scrap Ooze","player_choice":"Success","floor":5.0,"gold_loss":0.0,"damage_taken":5.0,"relics_obtained":["DataDisk"]},{"damage_healed":0.0,"max_hp_gain":0.0,"max_hp_loss":0.0,"gold_gain":0.0,"event_name":"Dead Adventurer","player_choice":"Searched \u00270\u0027 times","floor":11.0,"gold_loss":0.0,"damage_taken":0.0},{"damage_healed":0.0,"max_hp_gain":0.0,"max_hp_loss":0.0,"gold_gain":0.0,"event_name":"Forgotten Altar","player_choice":"Gave Idol","floor":29.0,"relics_lost":["Golden Idol"],"gold_loss":0.0,"damage_taken":0.0,"relics_obtained":["Bloody Idol"]},{"damage_healed":0.0,"max_hp_gain":0.0,"max_hp_loss":0.0,"gold_gain":50.0,"event_name":"Nest","player_choice":"Stole From Cult","floor":30.0,"gold_loss":0.0,"damage_taken":0.0},{"damage_healed":0.0,"max_hp_gain":0.0,"max_hp_loss":0.0,"gold_gain":0.0,"event_name":"Upgrade Shrine","player_choice":"Upgraded","floor":31.0,"gold_loss":0.0,"damage_taken":0.0,"cards_upgraded":["Glacier"]},{"damage_healed":0.0,"max_hp_gain":0.0,"max_hp_loss":0.0,"gold_gain":0.0,"event_name":"MindBloom","player_choice":"Fight","floor":38.0,"gold_loss":0.0,"damage_taken":0.0},{"damage_healed":0.0,"max_hp_gain":0.0,"max_hp_loss":0.0,"gold_gain":0.0,"event_name":"Mysterious Sphere","player_choice":"Ignored","floor":42.0,"gold_loss":0.0,"damage_taken":0.0},{"damage_healed":0.0,"max_hp_gain":0.0,"max_hp_loss":0.0,"gold_gain":0.0,"event_name":"Designer","player_choice":"Upgraded Two","floor":46.0,"gold_loss":50.0,"damage_taken":0.0,"cards_upgraded":["Cold Snap","Leap"]}],"is_beta":false,"boss_relics":[{"not_picked":["Runic Pyramid","Orrery"],"picked":"FrozenCore"},{"not_picked":["Velvet Choker","Cursed Key"],"picked":"Nuclear Battery"}],"items_purged_floors":[],"is_endless":false,"potions_floor_spawned":[1,7,18,20,24,33,38,39,44,47],"killed_by":"Donu and Deca","ascension_level":20}