{"gold_per_floor":[116,133,144,37,37,63,63,83,109,120,27,39,39,39,39,144,144,155,114,126,76,94,94,111,75,101,130,140,157,50,67,67,172,172,185,1184,1199,1199,1199],"floor_reached":39,"playtime":5043,"items_purged":[],"score":435,"play_id":"3666f143-a865-40b9-b526-69e31f91be9c","local_time":"20190804125637","is_ascension_mode":false,"campfire_choices":[{"floor":7,"key":"REST"},{"floor":15,"key":"REST"},{"floor":23,"key":"REST"},{"floor":32,"key":"REST"}],"neow_cost":"PERCENT_DAMAGE","seed_source_timestamp":685612049605100,"circlet_count":0,"master_deck":["Strike_B","Strike_B","Strike_B","Strike_B","Defend_B","Defend_B","Defend_B","Defend_B","Zap","Dualcast","Barrage","Multi-Cast","Sweeping Beam","Heatsinks","White Noise","BootSequence","Seek","Cold Snap","Stack","Storm+1","Electrodynamics","Buffer","Coolheaded","Heatsinks","Cold Snap","Loop","Barrage+1","Blizzard","Reinforced Body","Gash+1","Compile Driver+1","Chill","Heatsinks","Hologram","Electrodynamics","Gash+1","Normality","Normality","Glacier","Dark Shackles"],"relics":["Cracked Core","WingedGreaves","Centennial Puzzle","Orichalcum","Regal Pillow","White Beast Statue","Boot","Red Mask","Sozu"],"potions_floor_usage":[6,18],"damage_taken":[{"damage":1,"enemies":"Cultist","floor":1,"turns":3},{"damage":3,"enemies":"Small Slimes","floor":2,"turns":3},{"damage":5,"enemies":"2 Louse","floor":3,"turns":2},{"damage":33,"enemies":"Gremlin Nob","floor":6,"turns":4},{"damage":0,"enemies":"Large Slime","floor":8,"turns":5},{"damage":1,"enemies":"3 Louse","floor":10,"turns":3},{"damage":5,"enemies":"Red Slaver","floor":12,"turns":3},{"damage":61,"enemies":"Hexaghost","floor":16,"turns":13},{"damage":20,"enemies":"2 Thieves","floor":18,"turns":4},{"damage":12,"enemies":"Spheric Guardian","floor":20,"turns":4},{"damage":17,"enemies":"3 Cultists","floor":22,"turns":4},{"damage":8,"enemies":"Centurion and Healer","floor":24,"turns":4},{"damage":14,"enemies":"Masked Bandits","floor":27,"turns":3},{"damage":0,"enemies":"Chosen and Byrds","floor":28,"turns":4},{"damage":0,"enemies":"Cultist and Chosen","floor":29,"turns":4},{"damage":22,"enemies":"3 Cultists","floor":31,"turns":5},{"damage":26,"enemies":"Collector","floor":33,"turns":9},{"damage":19,"enemies":"3 Shapes","floor":35,"turns":5},{"damage":33,"enemies":"3 Darklings","floor":37,"turns":4},{"damage":29,"enemies":"Spire Growth","floor":39,"turns":4}],"seed_played":"2032770786350213425","potions_obtained":[{"floor":2,"key":"PowerPotion"},{"floor":3,"key":"Dexterity Potion"},{"floor":12,"key":"Weak Potion"},{"floor":16,"key":"FairyPotion"},{"floor":18,"key":"Fruit Juice"},{"floor":20,"key":"Swift Potion"},{"floor":24,"key":"Explosive Potion"},{"floor":28,"key":"Ancient Potion"},{"floor":29,"key":"Explosive Potion"},{"floor":31,"key":"PowerPotion"}],"is_trial":false,"path_per_floor":["M","M","M","$","?","E","R","M","T","M","$","M","$","?","R","B",null,"M","$","M","?","M","R","M","$","T","?","M","M","$","M","R","B",null,"M","?","M","?","M"],"character_chosen":"DEFECT","items_purchased":["Heatsinks","White Noise","Stack","Storm","Heatsinks","Blizzard","Chill","Heatsinks"],"campfire_rested":4,"item_purchase_floors":[4,4,11,11,19,25,30,30],"current_hp_per_floor":[53,50,45,45,45,12,34,34,34,33,33,28,28,28,65,4,75,60,60,48,48,31,70,62,62,62,48,48,48,48,26,65,39,80,61,61,28,28,0],"gold":1199,"neow_bonus":"ONE_RARE_RELIC","is_prod":false,"is_daily":false,"chose_seed":false,"campfire_upgraded":0,"win_rate":0.0,"timestamp":1564937797,"path_taken":["M","M","M","$","?","E","R","?","T","?","$","M","$","?","R","BOSS","M","$","M","?","?","R","M","$","T","?","M","M","$","M","R","BOSS","M","?","M","?","M"],"build_version":"2019-07-17","purchased_purges":0,"victory":false,"max_hp_per_floor":[75,75,75,75,75,75,75,75,75,75,75,75,75,75,75,75,75,80,80,80,80,80,80,80,80,80,80,80,80,80,80,80,80,80,80,80,80,80,80],"card_choices":[{"not_picked":["Steam","Aggregate"],"picked":"Barrage","floor":1},{"not_picked":["Leap","Go for the Eyes"],"picked":"Multi-Cast","floor":2},{"not_picked":["Streamline","Go for the Eyes"],"picked":"Sweeping Beam","floor":3},{"not_picked":["Streamline","Scrape"],"picked":"BootSequence","floor":6},{"not_picked":["Leap","Steam Power"],"picked":"Seek","floor":8},{"not_picked":["Leap","Fusion"],"picked":"Cold Snap","floor":10},{"not_picked":["Cold Snap","Fusion"],"picked":"Electrodynamics","floor":12},{"not_picked":["Fission","Electrodynamics"],"picked":"Buffer","floor":16},{"not_picked":["Auto Shields","Blizzard"],"picked":"Coolheaded","floor":18},{"not_picked":["Sweeping Beam","Beam Cell"],"picked":"Cold Snap","floor":20},{"not_picked":["Barrage","Leap+1"],"picked":"Loop","floor":22},{"not_picked":["Compile Driver+1","Beam Cell"],"picked":"Barrage+1","floor":24},{"not_picked":["Force Field+1","Seek"],"picked":"Reinforced Body","floor":27},{"not_picked":["Heatsinks","Beam Cell"],"picked":"Gash+1","floor":28},{"not_picked":["Steam Power","Streamline"],"picked":"Compile Driver+1","floor":29},{"not_picked":["Chaos","Stack"],"picked":"Hologram","floor":31},{"not_picked":["Multi-Cast","Creative AI"],"picked":"Electrodynamics","floor":33},{"not_picked":["Barrage+1","White Noise"],"picked":"Gash+1","floor":35},{"not_picked":["Gash+1","Chill"],"picked":"Glacier","floor":37},{"not_picked":["Finesse","Sadistic Nature"],"picked":"Dark Shackles","floor":38}],"player_experience":12845,"relics_obtained":[{"floor":6,"key":"Orichalcum"},{"floor":9,"key":"Regal Pillow"},{"floor":26,"key":"Boot"},{"floor":27,"key":"Red Mask"}],"event_choices":[{"damage_healed":0,"gold_gain":0,"player_choice":"Gave Potion","damage_taken":0,"relics_obtained":["Centennial Puzzle"],"max_hp_gain":0,"max_hp_loss":0,"event_name":"WeMeetAgain","floor":5,"gold_loss":0},{"damage_healed":0,"gold_gain":0,"player_choice":"Grow","damage_taken":0,"max_hp_gain":0,"max_hp_loss":0,"event_name":"Living Wall","floor":14,"gold_loss":0,"cards_upgraded":["Storm"]},{"damage_healed":0,"gold_gain":0,"player_choice":"Bet on Owner","damage_taken":0,"max_hp_gain":0,"max_hp_loss":0,"event_name":"The Joust","floor":21,"gold_loss":50},{"damage_healed":0,"gold_gain":0,"player_choice":"Fought Bandits","damage_taken":0,"max_hp_gain":0,"max_hp_loss":0,"event_name":"Masked Bandits","floor":27,"gold_loss":0},{"damage_healed":0,"gold_gain":999,"player_choice":"Gold","damage_taken":0,"max_hp_gain":0,"max_hp_loss":0,"event_name":"MindBloom","floor":36,"gold_loss":0,"cards_obtained":["Normality","Normality"]},{"damage_healed":0,"gold_gain":0,"player_choice":"Memory 1","damage_taken":0,"max_hp_gain":0,"max_hp_loss":0,"event_name":"SensoryStone","floor":38,"gold_loss":0}],"is_beta":false,"boss_relics":[{"not_picked":["Ectoplasm","Lizard Tail"],"picked":"White Beast Statue"},{"not_picked":["Calling Bell","Tiny House"],"picked":"Sozu"}],"items_purged_floors":[],"is_endless":false,"potions_floor_spawned":[2,3,12,16,18,20,22,24,27,28,29,31,33,35,37],"killed_by":"Spire Growth","ascension_level":0}