{"gold_per_floor":[114,39,51,67,82,82,112,112,136,136,136,149,149,165,165,270,270,290,290,310,225,235,235,235],"floor_reached":24,"playtime":1351,"items_purged":["Strike_B"],"score":297,"play_id":"1772f21e-df9f-4c18-8b91-2545e7a3e59e","local_time":"20190727014813","is_ascension_mode":true,"campfire_choices":[{"data":"Defragment","floor":6,"key":"SMITH"},{"data":"Zap","floor":10,"key":"SMITH"},{"data":"Streamline","floor":13,"key":"SMITH"},{"data":"Dualcast","floor":15,"key":"SMITH"},{"data":"Loop","floor":23,"key":"SMITH"}],"neow_cost":"NONE","seed_source_timestamp":1398730200695500,"circlet_count":0,"master_deck":["AscendersBane","Strike_B","Strike_B","Strike_B","Defend_B","Defend_B","Defend_B","Defend_B","Zap+1","Dualcast+1","Self Repair+1","Streamline+1","Defragment+1","Leap+1","Coolheaded+1","Conserve Battery","Reboot","Loop+1","Beam Cell+1"],"relics":["FrozenCore","Omamori","Bag of Preparation","Lantern"],"potions_floor_usage":[5,16,22,22,24],"damage_taken":[{"damage":8,"enemies":"Jaw Worm","floor":1,"turns":4},{"damage":3,"enemies":"2 Louse","floor":3,"turns":3},{"damage":1,"enemies":"Cultist","floor":4,"turns":3},{"damage":10,"enemies":"2 Fungi Beasts","floor":5,"turns":3},{"damage":36,"enemies":"Gremlin Nob","floor":7,"turns":4},{"damage":4,"enemies":"Blue Slaver","floor":12,"turns":4},{"damage":15,"enemies":"Exordium Thugs","floor":14,"turns":5},{"damage":14,"enemies":"Hexaghost","floor":16,"turns":13},{"damage":0,"enemies":"3 Byrds","floor":18,"turns":7},{"damage":7,"enemies":"Shell Parasite","floor":20,"turns":8},{"damage":7,"enemies":"Snake Plant","floor":22,"turns":6},{"damage":96,"enemies":"Gremlin Leader","floor":24,"turns":10}],"seed_played":"-8847100039385559051","potions_obtained":[{"floor":3,"key":"Fire Potion"},{"floor":14,"key":"Strength Potion"},{"floor":16,"key":"EntropicBrew"},{"floor":22,"key":"Strength Potion"}],"is_trial":false,"path_per_floor":["M","$","M","M","M","R","E","?","T","R","?","M","R","M","R","B",null,"M","?","M","?","M","R","E"],"character_chosen":"DEFECT","items_purchased":[],"campfire_rested":0,"item_purchase_floors":[],"current_hp_per_floor":[67,67,71,75,72,72,36,36,36,36,21,27,27,22,22,18,61,71,71,74,74,75,75,0],"gold":235,"neow_bonus":"THREE_CARDS","is_prod":false,"is_daily":false,"chose_seed":false,"campfire_upgraded":5,"win_rate":0,"timestamp":1564213693,"path_taken":["M","$","M","M","M","R","E","?","T","R","?","M","R","M","R","BOSS","M","?","?","?","M","R","E"],"build_version":"2019-07-18","purchased_purges":1,"victory":false,"max_hp_per_floor":[75,75,75,75,75,75,75,75,75,75,75,75,75,75,75,75,75,75,75,75,75,75,75,75],"card_choices":[{"not_picked":["Go for the Eyes","Conserve Battery"],"picked":"Self Repair","floor":0},{"not_picked":["Stack","Steam"],"picked":"Streamline","floor":1},{"not_picked":["Recycle","Barrage","Go for the Eyes"],"picked":"SKIP","floor":3},{"not_picked":["Go for the Eyes","Self Repair"],"picked":"Defragment","floor":4},{"not_picked":["Scrape","BootSequence"],"picked":"Leap","floor":5},{"not_picked":["Skim","Gash"],"picked":"Coolheaded","floor":7},{"not_picked":["Gash","Undo","Force Field"],"picked":"SKIP","floor":12},{"not_picked":["Sweeping Beam","Gash"],"picked":"Conserve Battery","floor":14},{"not_picked":["Buffer","Meteor Strike"],"picked":"Reboot","floor":16},{"not_picked":["Compile Driver","Beam Cell","Conserve Battery"],"picked":"SKIP","floor":18},{"not_picked":["Gash","Barrage"],"picked":"Loop","floor":20},{"not_picked":["Blizzard","Barrage"],"picked":"Beam Cell+1","floor":22}],"player_experience":380398,"relics_obtained":[{"floor":7,"key":"Omamori"},{"floor":9,"key":"Bag of Preparation"}],"event_choices":[{"damage_healed":0,"gold_gain":0,"player_choice":"Ignored","damage_taken":0,"max_hp_gain":0,"max_hp_loss":0,"event_name":"Liars Game","floor":8,"gold_loss":0},{"damage_healed":0,"gold_gain":0,"player_choice":"Entered Light","damage_taken":15,"max_hp_gain":0,"max_hp_loss":0,"event_name":"Shining Light","floor":11,"gold_loss":0,"cards_upgraded":["Self Repair","Leap"]},{"damage_healed":0,"gold_gain":0,"player_choice":"Upgraded","damage_taken":0,"max_hp_gain":0,"max_hp_loss":0,"event_name":"Upgrade Shrine","floor":19,"gold_loss":0,"cards_upgraded":["Coolheaded"]},{"damage_healed":0,"gold_gain":0,"player_choice":"Obtained Relic","damage_taken":0,"relics_obtained":["Lantern"],"max_hp_gain":0,"max_hp_loss":0,"event_name":"Addict","floor":21,"gold_loss":85}],"is_beta":true,"boss_relics":[{"not_picked":["Ectoplasm","Cursed Key"],"picked":"FrozenCore"}],"items_purged_floors":[2],"is_endless":false,"potions_floor_spawned":[3,14,16,22],"killed_by":"Gremlin Leader","ascension_level":10}