{"gold_per_floor":[413,413,488,4,16,46,46,46,98,98],"floor_reached":10,"playtime":257,"items_purged":["Strike_R"],"score":64,"play_id":"3eef33f8-2779-4675-b029-5a92afbac82f","local_time":"20190721113445","is_ascension_mode":false,"campfire_choices":[],"neow_cost":"TEN_PERCENT_HP_LOSS","seed_source_timestamp":0,"circlet_count":0,"master_deck":["Strike_R","Strike_R","Strike_R","Defend_R","Defend_R","Defend_R","Defend_R","Bash","Intimidate","Shrug It Off","Reckless Charge","Iron Wave"],"relics":["Burning Blood","Old Coin","Medical Kit","Bag of Marbles","StoneCalendar","Vajra"],"potions_floor_usage":[6],"damage_taken":[{"damage":13,"enemies":"Jaw Worm","floor":1,"turns":3},{"damage":0,"enemies":"2 Louse","floor":5,"turns":2},{"damage":37,"enemies":"Lagavulin","floor":6,"turns":6},{"damage":22,"enemies":"Gremlin Nob","floor":10,"turns":3}],"seed_played":"1864101725647121746","potions_obtained":[{"floor":1,"key":"Block Potion"}],"is_trial":false,"path_per_floor":["M","?","?","$","M","E","?","$","T","E"],"character_chosen":"IRONCLAD","items_purchased":["Medical Kit","Bag of Marbles","Shrug It Off"],"campfire_rested":0,"item_purchase_floors":[4,4,4],"current_hp_per_floor":[65,58,47,47,53,22,22,22,22,0],"gold":98,"neow_bonus":"ONE_RARE_RELIC","is_prod":false,"is_daily":false,"chose_seed":true,"campfire_upgraded":0,"win_rate":0,"timestamp":1563726885,"path_taken":["M","?","?","$","M","E","?","?","T","E"],"build_version":"2019-07-17","purchased_purges":1,"victory":false,"max_hp_per_floor":[72,72,72,72,72,72,72,72,72,72],"card_choices":[{"not_picked":["Sword Boomerang","Bloodletting"],"picked":"Intimidate","floor":1},{"not_picked":["Carnage","Havoc"],"picked":"Reckless Charge","floor":5},{"not_picked":["Warcry","Anger"],"picked":"Iron Wave","floor":6}],"player_experience":512796,"relics_obtained":[{"floor":6,"key":"StoneCalendar"},{"floor":9,"key":"Vajra"}],"event_choices":[{"cards_removed":["Strike_R"],"damage_healed":0,"gold_gain":0,"player_choice":"Card Removal","damage_taken":7,"max_hp_gain":0,"max_hp_loss":0,"event_name":"Golden Wing","floor":2,"gold_loss":0},{"damage_healed":0,"gold_gain":75,"player_choice":"Gather Gold","damage_taken":11,"max_hp_gain":0,"max_hp_loss":0,"event_name":"World of Goop","floor":3,"gold_loss":0},{"damage_healed":0,"gold_gain":0,"player_choice":"Ignored","damage_taken":0,"max_hp_gain":0,"max_hp_loss":0,"event_name":"Liars Game","floor":7,"gold_loss":0}],"is_beta":false,"boss_relics":[],"items_purged_floors":[4],"is_endless":false,"potions_floor_spawned":[1],"killed_by":"Gremlin Nob","ascension_level":0}