{"gold_per_floor":[119,119,44,90,111,111,145,24,49,74,110,133,133],"floor_reached":13,"playtime":546,"items_purged":[],"score":224,"play_id":"1225cc26-88a9-4a04-a335-f8fddd503efc","local_time":"20190711203441","is_ascension_mode":true,"campfire_choices":[{"data":"True Grit","floor":6,"key":"SMITH"}],"neow_cost":"NONE","seed_source_timestamp":95357089313050,"circlet_count":0,"master_deck":["AscendersBane","Strike_R","Strike_R","Strike_R","Strike_R","Defend_R","Defend_R","Defend_R","Defend_R","Bash","True Grit+1","Pommel Strike","Uppercut","Bloodletting","Blood for Blood","Heavy Blade","Rampage","Shrug It Off"],"relics":["Burning Blood","NeowsBlessing","Golden Idol","Vajra","Omamori","Happy Flower","Pen Nib"],"potions_floor_usage":[10,12],"damage_taken":[{"damage":0,"enemies":"Small Slimes","floor":1,"turns":1},{"damage":0,"enemies":"Jaw Worm","floor":5,"turns":1},{"damage":0,"enemies":"3 Sentries","floor":7,"turns":2},{"damage":6,"enemies":"Cultist","floor":10,"turns":4},{"damage":27,"enemies":"Gremlin Nob","floor":11,"turns":4},{"damage":20,"enemies":"Exordium Thugs","floor":12,"turns":5},{"damage":37,"enemies":"Lagavulin","floor":13,"turns":6}],"seed_played":"4466122952828528402","potions_obtained":[{"floor":7,"key":"Swift Potion"},{"floor":11,"key":"SteroidPotion"}],"is_trial":false,"path_per_floor":["M","?","?","T","M","R","E","$","T","M","E","M","E"],"character_chosen":"IRONCLAD","items_purchased":["Bloodletting","Blood for Blood"],"campfire_rested":0,"item_purchase_floors":[8,8],"current_hp_per_floor":[74,48,48,48,54,54,60,60,60,60,39,25,0],"gold":133,"neow_bonus":"THREE_ENEMY_KILL","is_prod":false,"is_daily":false,"chose_seed":false,"campfire_upgraded":1,"win_rate":0,"timestamp":1562895281,"path_taken":["M","?","?","?","M","R","E","$","T","M","E","M","E"],"build_version":"2019-07-05","purchased_purges":0,"victory":false,"max_hp_per_floor":[75,75,75,75,75,75,75,75,75,75,75,75,75],"card_choices":[{"not_picked":["Headbutt","Bloodletting"],"picked":"True Grit","floor":1},{"not_picked":["Twin Strike","Dropkick"],"picked":"Pommel Strike","floor":5},{"not_picked":["Seeing Red","Cleave"],"picked":"Uppercut","floor":7},{"not_picked":["Carnage","Wild Strike"],"picked":"Heavy Blade","floor":10},{"not_picked":["Second Wind","Iron Wave"],"picked":"Rampage","floor":11},{"not_picked":["Flex","Warcry"],"picked":"Shrug It Off","floor":12}],"player_experience":466102,"relics_obtained":[{"floor":4,"key":"Vajra"},{"floor":7,"key":"Omamori"},{"floor":9,"key":"Happy Flower"},{"floor":11,"key":"Pen Nib"}],"event_choices":[{"damage_healed":0,"gold_gain":0,"player_choice":"Take Damage","damage_taken":26,"relics_obtained":["Golden Idol"],"max_hp_gain":0,"max_hp_loss":0,"event_name":"Golden Idol","floor":2,"gold_loss":0},{"cards_removed":["Strike_R"],"damage_healed":0,"gold_gain":0,"player_choice":"Card Removal","damage_taken":0,"max_hp_gain":0,"max_hp_loss":0,"event_name":"The Cleric","floor":3,"gold_loss":75}],"is_beta":false,"boss_relics":[],"items_purged_floors":[],"is_endless":false,"potions_floor_spawned":[7,11],"killed_by":"Lagavulin","ascension_level":18}