{"gold_per_floor":[119,119,137,68,81,110,110,126,152,77,91,91,91,15,15,115,115,128,128,28,42,42,42,42,42,111,62,79,79,91,105,105,205,205,224,240,240,240,259,259,269,269,269,286,86,186,186,186,186,186],"floor_reached":51,"playtime":825,"items_purged":["Strike_R","Strike_R","Strike_R"],"score":770,"play_id":"7d0c0ecf-f8b4-4109-af20-df40b811e935","local_time":"20190729005014","is_ascension_mode":false,"campfire_choices":[{"data":"Inflame","floor":7,"key":"SMITH"},{"data":"Whirlwind","floor":12,"key":"SMITH"},{"data":"Limit Break","floor":15,"key":"SMITH"},{"data":"Limit Break","floor":23,"key":"SMITH"},{"data":"Flex","floor":32,"key":"SMITH"},{"data":"Heavy Blade","floor":40,"key":"SMITH"},{"data":"Heavy Blade","floor":42,"key":"SMITH"},{"data":"Flex","floor":49,"key":"SMITH"}],"neow_cost":"NONE","seed_source_timestamp":5513554701869,"circlet_count":0,"master_deck":["Strike_R","Defend_R","Defend_R","Defend_R+1","Defend_R","Bash","Uppercut","Flex+1","Heavy Blade+1","Flex+1","Inflame+1","Whirlwind+1","Shockwave","Limit Break+1","Limit Break+1","Flex+1","Heavy Blade+1","Flex","Thunderclap+1","Heavy Blade+1","Reaper","Metallicize+1","Corruption","Inflame","Transmutation","Deep Breath","Bludgeon"],"special_seed":0,"relics":["Burning Blood","NeowsBlessing","Blood Vial","War Paint","Runic Dome","MutagenicStrength","Ornamental Fan","Busted Crown","Blue Candle","Mango"],"potions_floor_usage":[6,11,30,33,50],"damage_taken":[{"damage":0.0,"enemies":"2 Louse","floor":1.0,"turns":1.0},{"damage":0.0,"enemies":"Cultist","floor":3.0,"turns":1.0},{"damage":0.0,"enemies":"Jaw Worm","floor":5.0,"turns":1.0},{"damage":0,"enemies":"Gremlin Nob","floor":6,"turns":2},{"damage":0,"enemies":"2 Fungi Beasts","floor":8,"turns":2},{"damage":0,"enemies":"Lots of Slimes","floor":11,"turns":1},{"damage":43,"enemies":"Hexaghost","floor":16,"turns":7},{"damage":22,"enemies":"2 Thieves","floor":18,"turns":4},{"damage":2,"enemies":"Shell Parasite","floor":21,"turns":2},{"damage":24,"enemies":"Snake Plant","floor":28,"turns":3},{"damage":6,"enemies":"Sentry and Sphere","floor":30,"turns":3},{"damage":15,"enemies":"Centurion and Healer","floor":31,"turns":3},{"damage":77,"enemies":"Automaton","floor":33,"turns":8},{"damage":17,"enemies":"3 Darklings","floor":35,"turns":2},{"damage":10,"enemies":"Orb Walker","floor":36,"turns":2},{"damage":10,"enemies":"Sphere and 2 Shapes","floor":39,"turns":2},{"damage":25,"enemies":"4 Shapes","floor":41,"turns":5},{"damage":0,"enemies":"Transient","floor":44,"turns":5},{"damage":0,"enemies":"Mind Bloom Boss Battle","floor":46,"turns":2},{"damage":72,"enemies":"Donu and Deca","floor":50,"turns":4}],"seed_played":"-8903864108311144181","potions_obtained":[{"floor":1.0,"key":"AttackPotion"},{"floor":8,"key":"Swift Potion"},{"floor":11,"key":"SpeedPotion"},{"floor":28,"key":"BloodPotion"},{"floor":31,"key":"BloodPotion"},{"floor":35,"key":"FairyPotion"},{"floor":36,"key":"SpeedPotion"},{"floor":46,"key":"LiquidBronze"}],"is_trial":false,"path_per_floor":["M","?","M","$","M","E","R","M","T","$","M","R","?","$","R","B",null,"M","?","$","M","?","R","?","$","T","$","M","?","M","M","R","B",null,"M","M","?","?","M","R","M","R","T","M","$","?","?","?","R","B",null],"character_chosen":"IRONCLAD","items_purchased":["Heavy Blade","Flex","Limit Break","Flex","Inflame"],"campfire_rested":0,"item_purchase_floors":[4,4,14,27,45],"current_hp_per_floor":[80,80,80,80,80,80,80,80,80,80,80,80,85,85,85,48,85,69,69,69,75,75,75,75,75,75,75,59,43,67,60,60,13,90,79,77,77,77,75,75,87,87,87,90,90,104,94,94,94,58],"gold":186,"neow_bonus":"THREE_ENEMY_KILL","is_prod":false,"is_daily":false,"chose_seed":false,"campfire_upgraded":8,"win_rate":0,"timestamp":1564383014,"path_taken":["M","?","?","?","?","E","R","M","T","$","M","R","?","$","R","BOSS","M","?","$","?","?","R","?","?","T","$","M","?","M","M","R","BOSS","M","M","?","?","M","R","?","R","T","M","?","?","?","?","R","BOSS"],"build_version":"2019-07-17","purchased_purges":3,"victory":true,"max_hp_per_floor":[80,80,80,80,80,80,80,80,80,80,80,80,85,85,85,85,85,85,85,85,85,85,85,85,85,85,85,85,90,90,90,90,90,90,90,90,90,90,90,90,90,90,90,90,90,104,104,104,104,104],"card_choices":[{"not_picked":["Thunderclap","Anger"],"picked":"Uppercut","floor":1.0},{"not_picked":["Havoc","Headbutt"],"picked":"Flex","floor":3.0},{"not_picked":["Warcry","Body Slam","Shrug It Off"],"picked":"SKIP","floor":5.0},{"not_picked":["Rage","Perfected Strike"],"picked":"Inflame","floor":6},{"not_picked":["Perfected Strike","Wild Strike"],"picked":"Whirlwind","floor":8},{"not_picked":["Second Wind","Shrug It Off"],"picked":"Shockwave","floor":11},{"not_picked":["Impervious","Feed"],"picked":"Limit Break","floor":16},{"not_picked":["Clash","Sever Soul"],"picked":"Flex","floor":18},{"not_picked":["Sword Boomerang","Perfected Strike"],"picked":"Heavy Blade","floor":21},{"not_picked":["Anger","Intimidate"],"picked":"Thunderclap+1","floor":28},{"not_picked":["Dark Embrace","Armaments","Havoc"],"picked":"SKIP","floor":30},{"not_picked":["Iron Wave","Rupture"],"picked":"Heavy Blade","floor":31},{"not_picked":["Impervious","Feed"],"picked":"Reaper","floor":33},{"not_picked":[],"picked":"Metallicize+1","floor":35},{"not_picked":["Cleave+1"],"picked":"SKIP","floor":36},{"not_picked":["Power Through+1"],"picked":"SKIP","floor":39},{"not_picked":["Entrench+1"],"picked":"SKIP","floor":41},{"not_picked":[],"picked":"Corruption","floor":44},{"not_picked":[],"picked":"Transmutation","floor":47},{"not_picked":[],"picked":"Deep Breath","floor":47}],"player_experience":1586290,"relics_obtained":[{"floor":6,"key":"Blood Vial"},{"floor":9,"key":"War Paint"},{"floor":26,"key":"Ornamental Fan"},{"floor":43,"key":"Blue Candle"},{"floor":46,"key":"Mango"}],"event_choices":[{"damage_healed":0.0,"max_hp_gain":0.0,"max_hp_loss":0.0,"gold_gain":0.0,"event_name":"The Woman in Blue","player_choice":"Bought 0 Potions","floor":2.0,"gold_loss":0.0,"damage_taken":0.0},{"damage_healed":0,"gold_gain":0,"player_choice":"Donut","damage_taken":0,"max_hp_gain":5,"max_hp_loss":0,"event_name":"Big Fish","floor":13,"gold_loss":0},{"damage_healed":0,"gold_gain":0,"player_choice":"Ignored","damage_taken":0,"max_hp_gain":0,"max_hp_loss":0,"event_name":"NoteForYourself","floor":19,"gold_loss":0},{"damage_healed":0,"gold_gain":0,"player_choice":"Inject Mutagens","damage_taken":0,"relics_obtained":["MutagenicStrength"],"max_hp_gain":0,"max_hp_loss":0,"event_name":"Drug Dealer","floor":22,"gold_loss":0},{"damage_healed":0,"gold_gain":0,"player_choice":"Ignored","damage_taken":0,"max_hp_gain":0,"max_hp_loss":0,"event_name":"Ghosts","floor":24,"gold_loss":0},{"damage_healed":0,"gold_gain":0,"player_choice":"Shed Blood","damage_taken":21,"max_hp_gain":5,"max_hp_loss":0,"event_name":"Forgotten Altar","floor":29,"gold_loss":0},{"damage_healed":0,"gold_gain":0,"player_choice":"Ignored","damage_taken":0,"max_hp_gain":0,"max_hp_loss":0,"event_name":"Tomb of Lord Red Mask","floor":37,"gold_loss":0},{"damage_healed":0,"gold_gain":0,"player_choice":"Forge","damage_taken":0,"max_hp_gain":0,"max_hp_loss":0,"event_name":"Accursed Blacksmith","floor":38,"gold_loss":0,"cards_upgraded":["Heavy Blade"]},{"damage_healed":0,"gold_gain":0,"player_choice":"Fight","damage_taken":0,"max_hp_gain":0,"max_hp_loss":0,"event_name":"MindBloom","floor":46,"gold_loss":0},{"damage_healed":0,"gold_gain":0,"player_choice":"Memory 3","damage_taken":10,"max_hp_gain":0,"max_hp_loss":0,"event_name":"SensoryStone","floor":47,"gold_loss":0},{"damage_healed":0,"gold_gain":0,"cards_transformed":["Strike_R"],"player_choice":"Transformed","damage_taken":0,"max_hp_gain":0,"max_hp_loss":0,"event_name":"Transmorgrifier","floor":48,"gold_loss":0,"cards_obtained":["Bludgeon"]}],"is_beta":false,"boss_relics":[{"not_picked":["Pandora\u0027s Box","Runic Pyramid"],"picked":"Runic Dome"},{"not_picked":["Tiny House","Black Star"],"picked":"Busted Crown"}],"items_purged_floors":[10,20,45],"is_endless":false,"potions_floor_spawned":[1,8,11,28,31,35,36,39,46],"ascension_level":0}