{"gold_per_floor":[215,215,19,30,30,30,46,46,46,46,61,61,71,87,87,192,192,211,228,241,241,253,253,153,169,196,222,241,241,260,273,273,273],"floor_reached":33,"playtime":2198,"items_purged":["Strike_B","Strike_B"],"score":263,"play_id":"ddeacbac-7a6c-45cc-a83a-cb243d0729ab","local_time":"20190613235327","is_ascension_mode":false,"campfire_choices":[{"data":"Zap","floor":6,"key":"SMITH"},{"data":"Self Repair","floor":8,"key":"SMITH"},{"data":"Conserve Battery","floor":10,"key":"SMITH"},{"data":"Defragment","floor":15,"key":"SMITH"},{"data":"Electrodynamics","floor":23,"key":"SMITH"},{"data":"Loop","floor":29,"key":"SMITH"},{"data":"Dualcast","floor":32,"key":"SMITH"}],"neow_cost":"NONE","seed_source_timestamp":138578145692800,"circlet_count":0,"master_deck":["Strike_B","Defend_B","Defend_B","Defend_B","Defend_B","Zap+1","Dualcast+1","Melter","Cold Snap","Impatience","Conserve Battery+1","Self Repair+1","Coolheaded","Defragment+1","Electrodynamics+1","BootSequence","BootSequence","Undo+1","Heatsinks+1","Loop+1"],"relics":["Cracked Core","Symbiotic Virus","Nuclear Battery","Orichalcum"],"potions_floor_usage":[],"damage_taken":[{"damage":1,"enemies":"Jaw Worm","floor":1,"turns":3},{"damage":0,"enemies":"Cultist","floor":4,"turns":2},{"damage":3,"enemies":"Small Slimes","floor":7,"turns":3},{"damage":2,"enemies":"2 Fungi Beasts","floor":11,"turns":3},{"damage":0,"enemies":"Exordium Wildlife","floor":13,"turns":2},{"damage":0,"enemies":"Looter","floor":14,"turns":3},{"damage":42,"enemies":"Hexaghost","floor":16,"turns":12},{"damage":5,"enemies":"3 Byrds","floor":18,"turns":2},{"damage":0,"enemies":"Shell Parasite","floor":19,"turns":4},{"damage":7,"enemies":"Snake Plant","floor":20,"turns":4},{"damage":14,"enemies":"Cultist and Chosen","floor":22,"turns":6},{"damage":0,"enemies":"Centurion and Healer","floor":25,"turns":5},{"damage":11,"enemies":"Gremlin Leader","floor":27,"turns":7},{"damage":5,"enemies":"Snake Plant","floor":28,"turns":3},{"damage":4,"enemies":"3 Cultists","floor":30,"turns":4},{"damage":0,"enemies":"Snecko","floor":31,"turns":5},{"damage":82,"enemies":"Automaton","floor":33,"turns":18}],"seed_played":"-2383070363671492364","potions_obtained":[{"floor":1,"key":"Fire Potion"},{"floor":13,"key":"SpeedPotion"},{"floor":19,"key":"PowerPotion"},{"floor":25,"key":"FocusPotion"},{"floor":30,"key":"Regen Potion"}],"is_trial":false,"path_per_floor":["M","?","$","M","?","R","M","R","T","R","M","$","M","M","R","B",null,"M","M","M","?","M","R","$","M","T","E","M","R","M","M","R","B"],"character_chosen":"DEFECT","items_purchased":["Cold Snap","Impatience"],"campfire_rested":0,"item_purchase_floors":[3,3],"current_hp_per_floor":[74,67,67,67,75,75,72,72,72,72,75,75,75,75,75,43,75,70,75,75,75,71,71,71,75,75,74,75,75,75,75,75,0],"gold":273,"neow_bonus":"HUNDRED_GOLD","is_prod":false,"is_daily":false,"chose_seed":false,"campfire_upgraded":7,"win_rate":0,"timestamp":1560491607,"path_taken":["M","?","$","M","?","R","?","R","T","R","M","?","M","M","R","BOSS","M","M","M","?","M","R","$","M","T","E","M","R","M","M","R","BOSS"],"build_version":"2019-06-12","purchased_purges":2,"victory":false,"max_hp_per_floor":[75,75,75,75,75,75,75,75,75,75,75,75,75,75,75,75,75,75,75,75,75,75,75,75,75,75,75,75,75,75,75,75,75],"card_choices":[{"not_picked":["Sweeping Beam","Compile Driver"],"picked":"Melter","floor":1},{"not_picked":["Barrage","Scrape"],"picked":"Conserve Battery","floor":4},{"not_picked":["Rebound","Melter"],"picked":"Self Repair","floor":7},{"not_picked":["Stack","Rebound"],"picked":"Coolheaded","floor":11},{"not_picked":["BootSequence","Steam"],"picked":"Defragment","floor":13},{"not_picked":["Streamline","Leap","Coolheaded"],"picked":"SKIP","floor":14},{"not_picked":["Rainbow","Hyperbeam"],"picked":"Electrodynamics","floor":16},{"not_picked":["Cold Snap","Doom and Gloom","Leap"],"picked":"SKIP","floor":18},{"not_picked":["Steam","Turbo"],"picked":"BootSequence","floor":19},{"not_picked":["Barrage","Scrape"],"picked":"BootSequence","floor":20},{"not_picked":["Barrage","Go for the Eyes"],"picked":"Undo+1","floor":22},{"not_picked":["Turbo+1","Stack"],"picked":"Heatsinks+1","floor":25},{"not_picked":["Sunder","Go for the Eyes"],"picked":"Loop","floor":27},{"not_picked":["Hello World","Leap","Beam Cell"],"picked":"SKIP","floor":28},{"not_picked":["Glacier","Stack","Gash"],"picked":"SKIP","floor":30},{"not_picked":["Go for the Eyes","Coolheaded","Thunder Strike"],"picked":"SKIP","floor":31}],"player_experience":269202,"relics_obtained":[{"floor":9,"key":"Symbiotic Virus"},{"floor":27,"key":"Orichalcum"}],"event_choices":[{"cards_removed":["Strike_B"],"damage_healed":0,"gold_gain":0,"player_choice":"Card Removal","damage_taken":7,"max_hp_gain":0,"max_hp_loss":0,"event_name":"Golden Wing","floor":2,"gold_loss":0},{"damage_healed":8,"gold_gain":0,"player_choice":"Full Heal","damage_taken":0,"max_hp_gain":0,"max_hp_loss":0,"event_name":"Wheel of Change","floor":5,"gold_loss":0},{"damage_healed":0,"gold_gain":0,"player_choice":"Ignored","damage_taken":0,"max_hp_gain":0,"max_hp_loss":0,"event_name":"Ghosts","floor":21,"gold_loss":0}],"is_beta":true,"boss_relics":[{"not_picked":["Runic Dome","Orrery"],"picked":"Nuclear Battery"}],"items_purged_floors":[3,24],"is_endless":false,"potions_floor_spawned":[1,13,19,20,25,27,30],"killed_by":"Automaton","ascension_level":0}