{"gold_per_floor":[115,40,40,56,6,41,60,91,91,91,106,140,158,158],"floor_reached":14,"playtime":664,"items_purged":[],"score":194,"play_id":"78fca370-7094-4ff9-a352-540d7b42fc14","local_time":"20190529181722","is_ascension_mode":true,"campfire_choices":[{"data":"Corruption","floor":10,"key":"SMITH"}],"neow_cost":"NONE","seed_source_timestamp":435704555619204,"circlet_count":0,"master_deck":["Strike_R","Strike_R","Strike_R","Strike_R","Strike_R","Defend_R","Defend_R","Defend_R","Defend_R","Bash","Battle Trance","Corruption+1","Anger","Shrug It Off","Dual Wield","Armaments","Rampage"],"relics":["Burning Blood","NeowsBlessing","Pear","Art of War","Singing Bowl","Bag of Preparation"],"potions_floor_usage":[3,12,12,14,14],"damage_taken":[{"damage":0,"enemies":"Cultist","floor":1,"turns":1},{"damage":0,"enemies":"Jaw Worm","floor":4,"turns":1},{"damage":0,"enemies":"Gremlin Nob","floor":6,"turns":1},{"damage":14,"enemies":"2 Louse","floor":7,"turns":2},{"damage":34,"enemies":"3 Sentries","floor":8,"turns":10},{"damage":12,"enemies":"Looter","floor":11,"turns":4},{"damage":20,"enemies":"Lagavulin","floor":12,"turns":5},{"damage":16,"enemies":"Exordium Wildlife","floor":13,"turns":4},{"damage":40,"enemies":"Gremlin Nob","floor":14,"turns":4}],"seed_played":"9149476117853207089","potions_obtained":[{"floor":3,"key":"SkillPotion"},{"floor":3,"key":"BloodPotion"},{"floor":3,"key":"Fruit Juice"},{"floor":4,"key":"Weak Potion"},{"floor":13,"key":"Fire Potion"}],"is_trial":false,"path_per_floor":["M","$","?","M","$","E","M","E","T","R","M","E","M","E"],"character_chosen":"IRONCLAD","items_purchased":["Corruption","AttackPotion"],"campfire_rested":0,"item_purchase_floors":[2,5],"current_hp_per_floor":[80,80,85,85,85,95,87,59,59,59,55,43,33,0],"gold":158,"neow_bonus":"THREE_ENEMY_KILL","is_prod":false,"is_daily":false,"chose_seed":false,"campfire_upgraded":1,"win_rate":0,"timestamp":1559171842,"path_taken":["M","?","?","M","$","E","M","E","T","R","?","E","M","E"],"build_version":"2019-01-23","purchased_purges":0,"victory":false,"max_hp_per_floor":[80,80,85,85,85,95,95,95,95,95,97,99,99,99],"card_choices":[{"not_picked":["Clash","Twin Strike"],"picked":"Battle Trance","floor":1},{"not_picked":["Evolve","Sword Boomerang"],"picked":"Anger","floor":4},{"not_picked":["Fire Breathing","Anger"],"picked":"Shrug It Off","floor":6},{"not_picked":["Sword Boomerang","Evolve"],"picked":"Dual Wield","floor":7},{"not_picked":["Pommel Strike","Ghostly Armor"],"picked":"Armaments","floor":8},{"not_picked":["Warcry","Intimidate","Perfected Strike"],"picked":"Singing Bowl","floor":11},{"not_picked":["Warcry","Clothesline","Combust"],"picked":"Singing Bowl","floor":12},{"not_picked":["Sever Soul","Body Slam"],"picked":"Rampage","floor":13}],"player_experience":227989,"relics_obtained":[{"floor":6,"key":"Pear"},{"floor":8,"key":"Art of War"},{"floor":9,"key":"Singing Bowl"},{"floor":12,"key":"Bag of Preparation"}],"event_choices":[{"damage_healed":0,"gold_gain":0,"player_choice":"Got Potions","damage_taken":0,"max_hp_gain":0,"max_hp_loss":0,"event_name":"Lab","floor":3,"gold_loss":0}],"is_beta":false,"boss_relics":[],"items_purged_floors":[],"is_endless":false,"potions_floor_spawned":[4,6,8,13],"killed_by":"Gremlin Nob","ascension_level":5}