{"gold_per_floor":[115,131,131,145,165,198,198,9,9,9,9,28,60,76,76,76],"floor_reached":16,"playtime":839,"items_purged":[],"score":243,"play_id":"e11a6f9c-0f86-4ed0-a52b-dfb36419adbd","local_time":"20190802195621","is_ascension_mode":true,"campfire_choices":[{"data":"Feed","floor":7,"key":"SMITH"},{"floor":11,"key":"REST"},{"data":"Juggernaut","floor":15,"key":"SMITH"}],"neow_cost":"CURSE","seed_source_timestamp":0,"circlet_count":0,"master_deck":["AscendersBane","Strike_R","Strike_R","Strike_R","Strike_R","Defend_R","Defend_R","Defend_R","Defend_R","Bash","Injury","Feed+1","Carnage","Corruption","Flame Barrier","Iron Wave","Juggernaut+1","Shrug It Off","Bloodletting","Whirlwind","Battle Trance"],"special_seed":0,"relics":["Burning Blood","Happy Flower","Anchor","PreservedInsect","Mummified Hand","Blood Vial"],"potions_floor_usage":[2,4,5,6,16],"damage_taken":[{"damage":1.0,"enemies":"2 Louse","floor":1.0,"turns":3.0},{"damage":14,"enemies":"Small Slimes","floor":2,"turns":3},{"damage":7,"enemies":"Cultist","floor":4,"turns":4},{"damage":3,"enemies":"Looter","floor":5,"turns":4},{"damage":18,"enemies":"Lagavulin","floor":6,"turns":5},{"damage":20,"enemies":"Lots of Slimes","floor":12,"turns":5},{"damage":20,"enemies":"3 Sentries","floor":13,"turns":5},{"damage":13,"enemies":"Blue Slaver","floor":14,"turns":6},{"damage":52,"enemies":"The Guardian","floor":16,"turns":10}],"seed_played":"-6065133767775840902","potions_obtained":[{"floor":1.0,"key":"SteroidPotion"},{"floor":2,"key":"EntropicBrew"},{"floor":13,"key":"SkillPotion"}],"is_trial":false,"path_per_floor":["M","M","?","M","M","E","R","$","T","?","R","M","E","M","R","B"],"character_chosen":"IRONCLAD","items_purchased":["Shrug It Off","Anchor"],"campfire_rested":1,"item_purchase_floors":[8,8],"current_hp_per_floor":[76,71,64,66,72,60,60,60,60,42,68,58,48,47,47,0],"gold":76,"neow_bonus":"THREE_RARE_CARDS","is_prod":false,"is_daily":false,"chose_seed":false,"campfire_upgraded":2,"win_rate":0,"timestamp":1564793781,"path_taken":["M","M","?","M","M","E","R","$","T","?","R","M","E","M","R","BOSS"],"build_version":"2019-07-17","purchased_purges":0,"victory":false,"max_hp_per_floor":[78,81,81,84,87,87,87,87,87,87,87,91,95,99,99,99],"card_choices":[{"not_picked":["Barricade","Exhume"],"picked":"Feed","floor":0.0},{"not_picked":["Evolve","Havoc"],"picked":"Carnage","floor":1.0},{"not_picked":["Bloodletting","Body Slam"],"picked":"Corruption","floor":2},{"not_picked":["Pommel Strike","Body Slam"],"picked":"Flame Barrier","floor":4},{"not_picked":["Thunderclap","Blood for Blood"],"picked":"Iron Wave","floor":5},{"not_picked":["Cleave","Twin Strike"],"picked":"Juggernaut","floor":6},{"not_picked":["Pummel","Rampage"],"picked":"Bloodletting","floor":12},{"not_picked":["Thunderclap","Perfected Strike"],"picked":"Whirlwind","floor":13},{"not_picked":["Clothesline","Blood for Blood"],"picked":"Battle Trance","floor":14}],"player_experience":549279,"relics_obtained":[{"floor":6,"key":"Happy Flower"},{"floor":9,"key":"PreservedInsect"},{"floor":13,"key":"Blood Vial"}],"event_choices":[{"cards_removed":["Strike_R"],"damage_healed":0,"gold_gain":0,"player_choice":"Card Removal","damage_taken":7,"max_hp_gain":0,"max_hp_loss":0,"event_name":"Golden Wing","floor":3,"gold_loss":0},{"damage_healed":0,"gold_gain":0,"player_choice":"Success","damage_taken":18,"relics_obtained":["Mummified Hand"],"max_hp_gain":0,"max_hp_loss":0,"event_name":"Scrap Ooze","floor":10,"gold_loss":0}],"is_beta":false,"boss_relics":[],"items_purged_floors":[],"is_endless":false,"potions_floor_spawned":[1,2,13],"killed_by":"The Guardian","ascension_level":19}