{"gold_per_floor":[114,126,201,50,65,96,96,129,129,129,129,142,163,176,176,297,297,315,315,315],"floor_reached":20,"playtime":822,"items_purged":["Strike_R"],"score":212,"play_id":"a09d72cd-cc6d-44d1-8df9-42abcb5dbade","local_time":"20190524001954","is_ascension_mode":true,"campfire_choices":[{"floor":11,"key":"REST"},{"floor":15,"key":"REST"}],"neow_cost":"NONE","seed_source_timestamp":672996182900794,"circlet_count":0,"master_deck":["Strike_R","Strike_R","Strike_R","Strike_R","Defend_R","Defend_R","Defend_R+1","Defend_R","Bash","Armaments+1","Heavy Blade","Inflame","Thunderclap","Injury","Dual Wield","Shockwave","Barricade"],"relics":["Burning Blood","NeowsBlessing","Potion Belt","Singing Bowl","Pen Nib","Golden Idol","Runic Pyramid"],"potions_floor_usage":[8,16,16,20,20,20],"damage_taken":[{"damage":0,"enemies":"Cultist","floor":1,"turns":1},{"damage":0,"enemies":"Jaw Worm","floor":2,"turns":1},{"damage":0,"enemies":"Small Slimes","floor":5,"turns":1},{"damage":47,"enemies":"Lagavulin","floor":6,"turns":8},{"damage":8,"enemies":"Gremlin Nob","floor":8,"turns":3},{"damage":3,"enemies":"Looter","floor":12,"turns":3},{"damage":18,"enemies":"Large Slime","floor":13,"turns":3},{"damage":32,"enemies":"Exordium Thugs","floor":14,"turns":4},{"damage":24,"enemies":"Hexaghost","floor":16,"turns":9},{"damage":22,"enemies":"Chosen","floor":18,"turns":6},{"damage":35,"enemies":"Colosseum Slavers","floor":20,"turns":5},{"damage":43,"enemies":"Colosseum Nobs","floor":20,"turns":3}],"seed_played":"-6483171067467880337","potions_obtained":[{"floor":1,"key":"Energy Potion"},{"floor":8,"key":"Fire Potion"},{"floor":12,"key":"SteroidPotion"},{"floor":14,"key":"PowerPotion"},{"floor":16,"key":"Strength Potion"},{"floor":18,"key":"SpeedPotion"}],"is_trial":false,"path_per_floor":["M","M","?","$","M","E","?","E","T","?","R","M","M","M","R","B",null,"M","?","?"],"character_chosen":"IRONCLAD","items_purchased":["Inflame"],"campfire_rested":2,"item_purchase_floors":[4],"current_hp_per_floor":[80,80,69,69,75,34,18,18,18,18,42,47,35,9,34,16,84,70,70,0],"gold":315,"neow_bonus":"THREE_ENEMY_KILL","is_prod":false,"is_daily":false,"chose_seed":false,"campfire_upgraded":0,"win_rate":0,"timestamp":1558675194,"path_taken":["M","?","?","$","M","E","?","E","T","?","R","M","M","M","R","BOSS","M","?","?"],"build_version":"2019-01-23","purchased_purges":1,"victory":false,"max_hp_per_floor":[80,80,80,80,80,80,80,82,82,82,82,84,84,84,84,84,84,86,86,86],"card_choices":[{"not_picked":["Pummel","Iron Wave"],"picked":"Armaments","floor":1},{"not_picked":["Sentinel","Power Through"],"picked":"Heavy Blade","floor":2},{"not_picked":["Hemokinesis","Rupture","Body Slam"],"picked":"SKIP","floor":5},{"not_picked":["Twin Strike","Body Slam"],"picked":"Thunderclap","floor":6},{"not_picked":["Power Through","Double Tap","Pummel"],"picked":"Singing Bowl","floor":8},{"not_picked":["Thunderclap","Wild Strike","Headbutt"],"picked":"Singing Bowl","floor":12},{"not_picked":["Iron Wave","Disarm"],"picked":"Dual Wield","floor":13},{"not_picked":["Infernal Blade","Fire Breathing"],"picked":"Shockwave","floor":14},{"not_picked":["Offering","Bludgeon"],"picked":"Barricade","floor":16},{"not_picked":["Rupture","Clothesline","Feel No Pain"],"picked":"Singing Bowl","floor":18}],"player_experience":160843,"relics_obtained":[{"floor":6,"key":"Potion Belt"},{"floor":8,"key":"Singing Bowl"},{"floor":9,"key":"Pen Nib"}],"event_choices":[{"damage_healed":0,"gold_gain":75,"player_choice":"Gather Gold","damage_taken":11,"max_hp_gain":0,"max_hp_loss":0,"event_name":"World of Goop","floor":3,"gold_loss":0},{"damage_healed":0,"gold_gain":0,"player_choice":"Entered Light","damage_taken":16,"max_hp_gain":0,"max_hp_loss":0,"event_name":"Shining Light","floor":7,"gold_loss":0,"cards_upgraded":["Armaments","Defend_R"]},{"damage_healed":0,"gold_gain":0,"player_choice":"Take Wound","damage_taken":0,"relics_obtained":["Golden Idol"],"max_hp_gain":0,"max_hp_loss":0,"event_name":"Golden Idol","floor":10,"gold_loss":0,"cards_obtained":["Injury"]},{"damage_healed":0,"gold_gain":0,"player_choice":"Ignored","damage_taken":0,"max_hp_gain":0,"max_hp_loss":0,"event_name":"Ghosts","floor":19,"gold_loss":0},{"damage_healed":0,"gold_gain":0,"player_choice":"Fight","damage_taken":0,"max_hp_gain":0,"max_hp_loss":0,"event_name":"Colosseum","floor":20,"gold_loss":0},{"damage_healed":0,"gold_gain":0,"player_choice":"Fought Nobs","damage_taken":0,"max_hp_gain":0,"max_hp_loss":0,"event_name":"Colosseum","floor":20,"gold_loss":0}],"is_beta":false,"boss_relics":[{"not_picked":["Runic Dome","Eternal Feather"],"picked":"Runic Pyramid"}],"items_purged_floors":[4],"is_endless":false,"potions_floor_spawned":[1,8,12,14,16,18],"killed_by":"Colosseum Nobs","ascension_level":3}