{"gold_per_floor":[118,138,152,165,165,220,220,220],"floor_reached":8,"playtime":628,"items_purged":[],"score":107,"play_id":"f725fb99-36ca-41c8-82a5-0ca055c39249","local_time":"20190707194307","is_ascension_mode":true,"campfire_choices":[{"floor":7,"key":"REST"}],"neow_cost":"NONE","seed_source_timestamp":0,"circlet_count":0,"master_deck":["AscendersBane","Strike_R","Strike_R","Strike_R","Strike_R","Defend_R","Defend_R","Defend_R","Defend_R","Bash","Heavy Blade","Armaments","Clothesline","Shrug It Off","Flex","Shockwave"],"special_seed":0,"relics":["Burning Blood","Tiny Chest"],"potions_floor_usage":[8],"damage_taken":[{"damage":7.0,"enemies":"Jaw Worm","floor":1.0,"turns":3.0},{"damage":9.0,"enemies":"2 Louse","floor":2.0,"turns":2.0},{"damage":23,"enemies":"Small Slimes","floor":3,"turns":4},{"damage":7,"enemies":"3 Louse","floor":4,"turns":5},{"damage":37,"enemies":"Lagavulin","floor":6,"turns":8},{"damage":55,"enemies":"3 Sentries","floor":8,"turns":14}],"seed_played":"-4142279737224190365","potions_obtained":[{"floor":6,"key":"Dexterity Potion"}],"is_trial":false,"path_per_floor":["M","M","M","M","?","E","R","E"],"character_chosen":"IRONCLAD","items_purchased":[],"campfire_rested":1,"item_purchase_floors":[],"current_hp_per_floor":[74,71,54,53,53,22,46,0],"gold":220,"neow_bonus":"TEN_PERCENT_HP_BONUS","is_prod":false,"is_daily":false,"chose_seed":false,"campfire_upgraded":0,"win_rate":0,"timestamp":1562546587,"path_taken":["M","M","M","M","?","E","R","E"],"build_version":"2019-07-05","purchased_purges":0,"victory":false,"max_hp_per_floor":[82,82,82,82,82,82,82,82],"card_choices":[{"not_picked":["Warcry","Seeing Red"],"picked":"Heavy Blade","floor":1.0},{"not_picked":["Flex","Clash","Armaments"],"picked":"SKIP","floor":2.0},{"not_picked":["Flex","Clash"],"picked":"Armaments","floor":2.0},{"not_picked":["Anger","Evolve"],"picked":"Clothesline","floor":3},{"not_picked":["Pommel Strike","Rupture"],"picked":"Shrug It Off","floor":4},{"not_picked":["Heavy Blade","Bloodletting"],"picked":"Shockwave","floor":6}],"player_experience":453195,"relics_obtained":[{"floor":6,"key":"Tiny Chest"}],"event_choices":[{"damage_healed":0,"gold_gain":0,"cards_transformed":["Strike_R"],"player_choice":"Change","damage_taken":0,"max_hp_gain":0,"max_hp_loss":0,"event_name":"Living Wall","floor":5,"gold_loss":0,"cards_obtained":["Flex"]}],"is_beta":false,"boss_relics":[],"items_purged_floors":[],"is_endless":false,"potions_floor_spawned":[6],"killed_by":"3 Sentries","ascension_level":17}