{"gold_per_floor":[144,144,109,123,123,123,139,168,194,213,227,227,227],"floor_reached":13,"playtime":312,"items_purged":[],"score":170,"play_id":"88781b3c-dbb5-49e5-a7d5-b1fb5e1eebe8","local_time":"20190803174611","is_ascension_mode":true,"campfire_choices":[{"data":"Dualcast","floor":6,"key":"SMITH"},{"floor":12,"key":"REST"}],"neow_cost":"NONE","seed_source_timestamp":1027348708897100,"circlet_count":0,"master_deck":["AscendersBane","Strike_B","Strike_B","Strike_B","Strike_B","Defend_B","Defend_B+1","Defend_B+1","Defend_B","Zap+1","Dualcast+1","Ball Lightning+1","Coolheaded","Cold Snap","Auto Shields","Ball Lightning"],"relics":["Cracked Core","Tiny Chest","Pantograph","Happy Flower","War Paint"],"potions_floor_usage":[8,13],"damage_taken":[{"damage":0,"enemies":"Cultist","floor":1,"turns":3},{"damage":6,"enemies":"2 Louse","floor":4,"turns":3},{"damage":7,"enemies":"Jaw Worm","floor":7,"turns":3},{"damage":31,"enemies":"3 Sentries","floor":8,"turns":6},{"damage":0,"enemies":"2 Fungi Beasts","floor":10,"turns":3},{"damage":1,"enemies":"Looter","floor":11,"turns":4},{"damage":35,"enemies":"Gremlin Nob","floor":13,"turns":3}],"seed_played":"-3072805976722234771","potions_obtained":[{"floor":4,"key":"LiquidBronze"},{"floor":10,"key":"Dexterity Potion"}],"is_trial":false,"path_per_floor":["M","T","?","M","?","R","M","E","T","M","M","R","E"],"character_chosen":"DEFECT","items_purchased":[],"campfire_rested":1,"item_purchase_floors":[],"current_hp_per_floor":[64,64,71,65,44,44,37,6,6,6,5,26,0],"gold":227,"neow_bonus":"RANDOM_COMMON_RELIC","is_prod":false,"is_daily":false,"chose_seed":false,"campfire_upgraded":1,"win_rate":0,"timestamp":1564847171,"path_taken":["M","?","?","M","?","R","?","E","T","M","M","R","E"],"build_version":"2019-07-17","purchased_purges":0,"victory":false,"max_hp_per_floor":[71,71,71,71,71,71,71,71,71,71,71,71,71],"card_choices":[{"not_picked":["Sweeping Beam","Undo"],"picked":"Ball Lightning","floor":1},{"not_picked":["Steam Power","Redo","Genetic Algorithm"],"picked":"SKIP","floor":4},{"not_picked":["Barrage","Compile Driver"],"picked":"Coolheaded","floor":7},{"not_picked":["FTL","Lockon"],"picked":"Cold Snap","floor":8},{"not_picked":["Coolheaded","FTL"],"picked":"Auto Shields","floor":10},{"not_picked":["Undo","Redo"],"picked":"Ball Lightning","floor":11}],"player_experience":400841,"relics_obtained":[{"floor":2,"key":"Pantograph"},{"floor":8,"key":"Happy Flower"},{"floor":9,"key":"War Paint"}],"event_choices":[{"damage_healed":17,"gold_gain":0,"player_choice":"Healed","damage_taken":0,"max_hp_gain":0,"max_hp_loss":0,"event_name":"The Cleric","floor":3,"gold_loss":35},{"damage_healed":0,"gold_gain":0,"player_choice":"Entered Light","damage_taken":21,"max_hp_gain":0,"max_hp_loss":0,"event_name":"Shining Light","floor":5,"gold_loss":0,"cards_upgraded":["Zap","Ball Lightning"]}],"is_beta":false,"boss_relics":[],"items_purged_floors":[],"is_endless":false,"potions_floor_spawned":[4,10],"killed_by":"Gremlin Nob","ascension_level":20}