{"gold_per_floor":[117,127,127,43,62,62,100,100,100,148,160,193,205,217],"floor_reached":14,"playtime":461,"items_purged":[],"score":186,"play_id":"09c8c1d6-8fd3-4c90-bba3-cbe865fd9107","local_time":"20190715180436","is_ascension_mode":true,"campfire_choices":[{"data":"Rampage","floor":6,"key":"SMITH"},{"floor":8,"key":"REST"},{"data":"True Grit","floor":11,"key":"SMITH"},{"data":"Dual Wield","floor":13,"key":"SMITH"}],"neow_cost":"NONE","seed_source_timestamp":432043715118979,"circlet_count":0,"master_deck":["AscendersBane","Strike_R","Strike_R","Strike_R","Strike_R","Strike_R","Defend_R","Defend_R","Defend_R","Defend_R","Bash","Shockwave","Anger","Feel No Pain","Rampage+1","True Grit+1","Clothesline","Dual Wield+1"],"relics":["Burning Blood","NeowsBlessing","Golden Idol","Sundial","MawBank","Bag of Marbles"],"potions_floor_usage":[7,10],"damage_taken":[{"damage":0,"enemies":"2 Louse","floor":1,"turns":1},{"damage":0,"enemies":"Cultist","floor":2,"turns":1},{"damage":0,"enemies":"Jaw Worm","floor":5,"turns":1},{"damage":25,"enemies":"3 Sentries","floor":7,"turns":13},{"damage":44,"enemies":"Lagavulin","floor":10,"turns":7},{"damage":6,"enemies":"Looter","floor":12,"turns":3},{"damage":30,"enemies":"Gremlin Gang","floor":14,"turns":3}],"seed_played":"-6888066545038883535","potions_obtained":[{"floor":1,"key":"Fire Potion"},{"floor":7,"key":"Swift Potion"},{"floor":12,"key":"Weak Potion"}],"is_trial":false,"path_per_floor":["M","M","?","$","M","R","E","R","T","E","R","M","R","M"],"character_chosen":"IRONCLAD","items_purchased":["Feel No Pain"],"campfire_rested":1,"item_purchase_floors":[4],"current_hp_per_floor":[74,75,49,49,55,55,36,58,58,20,20,20,20,0],"gold":217,"neow_bonus":"THREE_ENEMY_KILL","is_prod":false,"is_daily":false,"chose_seed":false,"campfire_upgraded":3,"win_rate":0,"timestamp":1563231876,"path_taken":["M","M","?","$","M","R","E","R","T","E","R","M","R","M"],"build_version":"2019-07-05","purchased_purges":0,"victory":false,"max_hp_per_floor":[75,75,75,75,75,75,75,75,75,75,75,75,75,75],"card_choices":[{"not_picked":["Evolve","Perfected Strike"],"picked":"Shockwave","floor":1},{"not_picked":["Clash","Heavy Blade"],"picked":"Anger","floor":2},{"not_picked":["Fire Breathing","Feel No Pain"],"picked":"Rampage","floor":5},{"not_picked":["Rage","Inflame"],"picked":"True Grit","floor":7},{"not_picked":["Anger","Combust"],"picked":"Clothesline","floor":10},{"not_picked":["Dark Embrace","Evolve"],"picked":"Dual Wield","floor":12}],"player_experience":492913,"relics_obtained":[{"floor":7,"key":"Sundial"},{"floor":9,"key":"MawBank"},{"floor":10,"key":"Bag of Marbles"}],"event_choices":[{"damage_healed":0,"gold_gain":0,"player_choice":"Take Damage","damage_taken":26,"relics_obtained":["Golden Idol"],"max_hp_gain":0,"max_hp_loss":0,"event_name":"Golden Idol","floor":3,"gold_loss":0}],"is_beta":false,"boss_relics":[],"items_purged_floors":[],"is_endless":false,"potions_floor_spawned":[1,7,12],"killed_by":"Gremlin Gang","ascension_level":18}