{"gold_per_floor":[215,18,18,38,48,77,7,7,76,76,110,75,75,104,104,205,205,218,318,10,280,26,56,68,68,141,12,22,22,55,55,55,160,160,176,576,576,225,236,236,271,271,295,295,312,325,325,7,7,7,7,7,7,40,40],"floor_reached":55,"playtime":2689,"items_purged":["Clothesline","Bash","Pain","Shame"],"score":1072,"play_id":"b3a9e2a2-c949-46e1-984d-85ef64d8379b","local_time":"20190615111858","is_ascension_mode":true,"campfire_choices":[{"data":"Whirlwind","floor":8,"key":"SMITH"},{"data":"Seeing Red","floor":10,"key":"SMITH"},{"data":"Heavy Blade","floor":13,"key":"SMITH"},{"data":"Demon Form","floor":15,"key":"SMITH"},{"data":"Reaper","floor":25,"key":"SMITH"},{"floor":29,"key":"REST"},{"floor":32,"key":"REST"},{"data":"Madness","floor":40,"key":"SMITH"},{"data":"Madness","floor":42,"key":"SMITH"},{"data":"Bloodletting","floor":47,"key":"SMITH"},{"floor":49,"key":"RECALL"},{"floor":52,"key":"REST"}],"neow_cost":"NONE","seed_source_timestamp":5617495203854,"circlet_count":0,"master_deck":["Strike_R","Strike_R","Strike_R","Strike_R","Strike_R","Defend_R","Defend_R","Defend_R","Defend_R","Carnage","Seeing Red+1","Bash","Dropkick","Demon Form+1","Whirlwind+1","Heavy Blade+1","Intimidate","Reaper+1","Power Through","Pummel+1","Uppercut+1","True Grit+1","Reaper+1","Iron Wave+1","Shockwave+1","Madness+1","Madness+1","Bloodletting+1","Trip","Flame Barrier+1","Rage","Iron Wave+1"],"relics":["Burning Blood","Membership Card","Pen Nib","Pantograph","Frozen Egg 2","Pear","Cursed Key","Ice Cream","Molten Egg 2","Matryoshka","Sling","FossilizedHelix","Mummified Hand","Blood Vial","Paper Frog","Dodecahedron","Bag of Marbles","White Beast Statue","Old Coin","Ginger","Strange Spoon","Unceasing Top","Dream Catcher","Happy Flower","Medical Kit","Ornamental Fan","Centennial Puzzle"],"potions_floor_usage":[6,6,11,19,19,22,23,28,50,50,55],"damage_taken":[{"damage":5,"enemies":"Small Slimes","floor":1,"turns":4},{"damage":1,"enemies":"Cultist","floor":4,"turns":3},{"damage":6,"enemies":"2 Louse","floor":5,"turns":2},{"damage":35,"enemies":"3 Sentries","floor":6,"turns":8},{"damage":16,"enemies":"Gremlin Nob","floor":11,"turns":3},{"damage":35,"enemies":"Lagavulin","floor":14,"turns":7},{"damage":28,"enemies":"Slime Boss","floor":16,"turns":7},{"damage":3,"enemies":"Chosen","floor":18,"turns":4},{"damage":14,"enemies":"Colosseum Slavers","floor":19,"turns":4},{"damage":30,"enemies":"Colosseum Nobs","floor":19,"turns":3},{"damage":36,"enemies":"Slavers","floor":23,"turns":4},{"damage":15,"enemies":"3 Byrds","floor":24,"turns":4},{"damage":11,"enemies":"Cultist and Chosen","floor":28,"turns":5},{"damage":34,"enemies":"Book of Stabbing","floor":30,"turns":4},{"damage":9,"enemies":"Champ","floor":33,"turns":5},{"damage":0,"enemies":"Orb Walker","floor":35,"turns":3},{"damage":1,"enemies":"Mind Bloom Boss Battle","floor":36,"turns":3},{"damage":68,"enemies":"3 Darklings","floor":39,"turns":6},{"damage":0,"enemies":"Giant Head","floor":41,"turns":5},{"damage":41,"enemies":"Jaw Worm Horde","floor":45,"turns":5},{"damage":16,"enemies":"4 Shapes","floor":46,"turns":1},{"damage":69,"enemies":"Time Eater","floor":50,"turns":9},{"damage":84,"enemies":"Shield and Spear","floor":54,"turns":8},{"damage":89,"enemies":"The Heart","floor":55,"turns":5}],"seed_played":"4930983764788698981","potions_obtained":[{"floor":1,"key":"Swift Potion"},{"floor":5,"key":"Poison Potion"},{"floor":6,"key":"AttackPotion"},{"floor":11,"key":"SpeedPotion"},{"floor":18,"key":"Strength Potion"},{"floor":23,"key":"Ancient Potion"},{"floor":28,"key":"LiquidBronze"},{"floor":33,"key":"Block Potion"},{"floor":45,"key":"SkillPotion"},{"floor":54,"key":"SpeedPotion"}],"is_trial":false,"path_per_floor":["M","$","?","M","M","E","$","R","T","R","E","?","R","E","R","B",null,"M","?","$","?","$","E","M","R","T","$","M","R","E","?","R","B",null,"M","?","?","$","M","R","E","R","T","?","M","M","R","$","R","B",null,"R","$","E","B"],"character_chosen":"IRONCLAD","items_purchased":["Membership Card","Whirlwind","Heavy Blade","Fire Potion","Matryoshka","Sling","Uppercut+1","Energy Potion","Fruit Juice","FossilizedHelix","Paper Frog","Ginger","Strange Spoon","Bloodletting","Medical Kit","Ornamental Fan","Rage"],"campfire_rested":3,"item_purchase_floors":[2,7,7,7,20,20,20,20,22,22,27,38,38,38,48,48,48],"current_hp_per_floor":[73,73,73,78,78,49,49,49,49,49,39,59,59,40,40,43,78,87,73,73,37,42,30,27,27,27,27,35,63,44,44,72,92,94,95,95,83,83,79,79,95,95,95,95,85,77,77,77,77,51,84,95,95,34,0],"gold":40,"neow_bonus":"HUNDRED_GOLD","is_prod":false,"is_daily":false,"chose_seed":false,"campfire_upgraded":8,"win_rate":0,"timestamp":1560615538,"path_taken":["M","$","?","M","?","E","$","R","T","R","E","?","R","E","R","BOSS","M","?","$","?","$","E","?","R","T","?","M","R","E","?","R","BOSS","M","?","?","$","M","R","E","R","T","?","M","?","R","$","R","BOSS","R","$","E","BOSS"],"build_version":"2019-01-23","purchased_purges":4,"victory":false,"max_hp_per_floor":[80,80,80,80,80,80,80,80,80,80,80,80,80,90,90,90,90,90,90,90,90,95,95,95,95,95,95,95,95,95,95,95,95,95,95,95,95,95,95,95,95,95,95,95,95,95,95,95,95,95,95,95,95,95,95],"card_choices":[{"not_picked":["Ghostly Armor","Clash"],"picked":"Carnage","floor":1},{"not_picked":["Headbutt","Evolve"],"picked":"Dropkick","floor":4},{"not_picked":["Clash","Intimidate"],"picked":"Clothesline","floor":5},{"not_picked":["Rampage","Body Slam"],"picked":"Demon Form","floor":6},{"not_picked":["Sword Boomerang","Havoc","Entrench"],"picked":"SKIP","floor":11},{"not_picked":["Warcry","Rupture+1"],"picked":"Intimidate","floor":14},{"not_picked":["Double Tap","Exhume"],"picked":"Reaper","floor":16},{"not_picked":["True Grit","Feel No Pain+1"],"picked":"Power Through","floor":18},{"not_picked":["Body Slam","Sword Boomerang+1"],"picked":"Pummel","floor":19},{"not_picked":["Rampage+1","Heavy Blade+1","Thunderclap+1"],"picked":"SKIP","floor":23},{"not_picked":["Sword Boomerang+1","Burning Pact","Rupture+1"],"picked":"SKIP","floor":24},{"not_picked":["Rage","Perfected Strike+1"],"picked":"True Grit+1","floor":28},{"not_picked":["Body Slam+1","Fire Breathing+1","Cleave+1"],"picked":"SKIP","floor":30},{"not_picked":["Double Tap","Fiend Fire+1"],"picked":"Reaper+1","floor":33},{"not_picked":["True Grit","Havoc+1"],"picked":"Iron Wave+1","floor":35},{"not_picked":["Havoc+1","Inflame+1"],"picked":"Shockwave+1","floor":36},{"not_picked":["Havoc","Burning Pact","Cleave+1"],"picked":"SKIP","floor":39},{"not_picked":["Sword Boomerang+1","Fire Breathing+1","Anger+1"],"picked":"SKIP","floor":41},{"not_picked":["Jack Of All Trades","Deep Breath"],"picked":"Trip","floor":44},{"not_picked":["Headbutt+1","Fire Breathing+1","Twin Strike+1"],"picked":"SKIP","floor":45},{"not_picked":["Impervious","Flex"],"picked":"Flame Barrier+1","floor":46},{"not_picked":["Entrench","Intimidate+1"],"picked":"Iron Wave+1","floor":54}],"player_experience":323711,"relics_obtained":[{"floor":6,"key":"Pen Nib"},{"floor":9,"key":"Pantograph"},{"floor":11,"key":"Frozen Egg 2"},{"floor":14,"key":"Pear"},{"floor":19,"key":"Ice Cream"},{"floor":19,"key":"Molten Egg 2"},{"floor":23,"key":"Mummified Hand"},{"floor":26,"key":"Blood Vial"},{"floor":30,"key":"Dodecahedron"},{"floor":36,"key":"Old Coin"},{"floor":41,"key":"Unceasing Top"},{"floor":43,"key":"Dream Catcher"},{"floor":43,"key":"Happy Flower"},{"floor":54,"key":"Centennial Puzzle"}],"event_choices":[{"damage_healed":0,"gold_gain":0,"player_choice":"2 cards matched","damage_taken":0,"max_hp_gain":0,"max_hp_loss":0,"event_name":"Match and Keep!","floor":3,"gold_loss":0,"cards_obtained":["Seeing Red","Bash"]},{"damage_healed":20,"gold_gain":0,"player_choice":"Healed","damage_taken":0,"max_hp_gain":0,"max_hp_loss":0,"event_name":"The Cleric","floor":12,"gold_loss":35},{"damage_healed":0,"gold_gain":0,"player_choice":"Fight","damage_taken":0,"max_hp_gain":0,"max_hp_loss":0,"event_name":"Colosseum","floor":19,"gold_loss":0},{"damage_healed":0,"gold_gain":0,"player_choice":"Fought Nobs","damage_taken":0,"max_hp_gain":0,"max_hp_loss":0,"event_name":"Colosseum","floor":19,"gold_loss":0},{"damage_healed":0,"gold_gain":270,"player_choice":"GOLD GOLD GOLD ","damage_taken":36,"max_hp_gain":0,"max_hp_loss":0,"event_name":"Knowing Skull","floor":21,"potions_obtained":[],"gold_loss":0,"cards_obtained":[]},{"damage_healed":0,"gold_gain":0,"player_choice":"Opened","damage_taken":0,"relics_obtained":["Bag of Marbles"],"max_hp_gain":0,"max_hp_loss":0,"event_name":"The Mausoleum","floor":31,"gold_loss":0},{"damage_healed":0,"gold_gain":0,"player_choice":"Fight","damage_taken":0,"max_hp_gain":0,"max_hp_loss":0,"event_name":"MindBloom","floor":36,"gold_loss":0},{"damage_healed":0,"gold_gain":0,"player_choice":"Embrace Madness","damage_taken":12,"max_hp_gain":0,"max_hp_loss":0,"event_name":"Winding Halls","floor":37,"gold_loss":0,"cards_obtained":["Madness","Madness"]},{"damage_healed":0,"gold_gain":0,"player_choice":"Memory 1","damage_taken":0,"max_hp_gain":0,"max_hp_loss":0,"event_name":"SensoryStone","floor":44,"gold_loss":0}],"is_beta":false,"boss_relics":[{"not_picked":["Calling Bell","Fusion Hammer"],"picked":"Cursed Key"},{"not_picked":["Tiny House","Runic Cube"],"picked":"White Beast Statue"}],"items_purged_floors":[20,22,38,48],"is_endless":false,"potions_floor_spawned":[1,5,6,11,18,23,28,33,35,36,39,41,45,46,54],"killed_by":"The Heart","ascension_level":7}