{"gold_per_floor":[20,20,33,33,57,57,92,115,141,141,160,160],"floor_reached":12,"playtime":421,"items_purged":[],"score":156,"play_id":"d3e56837-4f1f-4815-946f-00bc583b7d8e","local_time":"20190726210616","is_ascension_mode":true,"campfire_choices":[{"data":"Cleave","floor":6,"key":"SMITH"},{"floor":10,"key":"REST"}],"neow_cost":"NO_GOLD","seed_source_timestamp":351175671250566,"circlet_count":0,"master_deck":["AscendersBane","Strike_R","Strike_R","Strike_R","Strike_R","Defend_R+1","Defend_R","Defend_R","Defend_R+1","Bash","Cleave+1","Pommel Strike","Dual Wield","Armaments","Intimidate","Clothesline"],"relics":["Burning Blood","Golden Idol","War Paint","Oddly Smooth Stone"],"potions_floor_usage":[7,8,12],"damage_taken":[{"damage":10,"enemies":"Small Slimes","floor":1,"turns":4},{"damage":7,"enemies":"Cultist","floor":3,"turns":4},{"damage":4,"enemies":"Jaw Worm","floor":5,"turns":4},{"damage":45,"enemies":"3 Sentries","floor":7,"turns":6},{"damage":8,"enemies":"Blue Slaver","floor":8,"turns":7},{"damage":14,"enemies":"Red Slaver","floor":11,"turns":3},{"damage":38,"enemies":"Lagavulin","floor":12,"turns":7}],"seed_played":"-6344622864769746725","potions_obtained":[{"floor":3,"key":"SpeedPotion"},{"floor":5,"key":"FearPotion"},{"floor":11,"key":"Energy Potion"}],"is_trial":false,"path_per_floor":["M","?","M","?","M","R","E","M","T","R","M","E"],"character_chosen":"IRONCLAD","items_purchased":[],"campfire_rested":1,"item_purchase_floors":[],"current_hp_per_floor":[78,47,46,46,48,48,9,7,7,33,25,0],"gold":160,"neow_bonus":"TWENTY_PERCENT_HP_BONUS","is_prod":false,"is_daily":false,"chose_seed":false,"campfire_upgraded":1,"win_rate":0,"timestamp":1564193176,"path_taken":["M","?","M","?","M","R","E","M","T","R","?","E"],"build_version":"2019-07-17","purchased_purges":0,"victory":false,"max_hp_per_floor":[89,89,89,89,89,89,89,89,89,89,89,89],"card_choices":[{"not_picked":["Headbutt","Seeing Red"],"picked":"Cleave","floor":1},{"not_picked":["Uppercut","Body Slam"],"picked":"Pommel Strike","floor":3},{"not_picked":["Sword Boomerang","Flex"],"picked":"Dual Wield","floor":5},{"not_picked":["Fire Breathing","Dark Embrace"],"picked":"Armaments","floor":7},{"not_picked":["Thunderclap","Warcry"],"picked":"Intimidate","floor":8},{"not_picked":["Thunderclap","Flex"],"picked":"Clothesline","floor":11}],"player_experience":536280,"relics_obtained":[{"floor":7,"key":"War Paint"},{"floor":9,"key":"Oddly Smooth Stone"}],"event_choices":[{"damage_healed":0,"gold_gain":0,"player_choice":"Take Damage","damage_taken":31,"relics_obtained":["Golden Idol"],"max_hp_gain":0,"max_hp_loss":0,"event_name":"Golden Idol","floor":2,"gold_loss":0},{"cards_removed":["Strike_R"],"damage_healed":0,"gold_gain":0,"player_choice":"Purged","damage_taken":0,"max_hp_gain":0,"max_hp_loss":0,"event_name":"Purifier","floor":4,"gold_loss":0}],"is_beta":false,"boss_relics":[],"items_purged_floors":[],"is_endless":false,"potions_floor_spawned":[3,5,11],"killed_by":"Lagavulin","ascension_level":19}