{"gold_per_floor":[14,30,30,30,3,3,27,48,71,71,96,119,119,144,144,263,263,279,279,204,229,249,249,265,284,308,352,352,368,124,144,144,144],"floor_reached":33,"playtime":1655,"items_purged":["Strike_B","Strike_B"],"score":263,"play_id":"85aacf2e-2938-496b-8bdf-b19b15cef715","local_time":"20180902195518","is_ascension_mode":false,"campfire_choices":[{"data":"Dualcast","floor":6,"key":"SMITH"},{"data":"Streamline","floor":10,"key":"SMITH"},{"data":"Zap","floor":13,"key":"SMITH"},{"data":"Sweeping Beam","floor":15,"key":"SMITH"},{"data":"Tempest","floor":23,"key":"SMITH"},{"data":"Streamline","floor":28,"key":"SMITH"},{"data":"Ball Lightning","floor":32,"key":"SMITH"}],"neow_cost":"NO_GOLD","seed_source_timestamp":1568767835849721,"circlet_count":0,"master_deck":["Defend_B","Defend_B","Defend_B","Zap+1","Dualcast+1","Self Repair","Sweeping Beam+1","Ball Lightning+1","Seek","Streamline+1","BootSequence","Seek","Tempest+1","Streamline+1","Beam Cell+1","Gash+1"],"relics":["Cracked Core","Golden Idol","Lantern","Sozu","Bag of Marbles","Potion Belt","Oddly Smooth Stone"],"potions_floor_usage":[33,33],"damage_taken":[{"damage":0,"enemies":"2 Louse","floor":1,"turns":3},{"damage":0,"enemies":"Small Slimes","floor":2,"turns":3},{"damage":1,"enemies":"Cultist","floor":7,"turns":3},{"damage":9,"enemies":"2 Fungi Beasts","floor":8,"turns":3},{"damage":0,"enemies":"Large Slime","floor":11,"turns":3},{"damage":0,"enemies":"Red Slaver","floor":12,"turns":2},{"damage":0,"enemies":"Lots of Slimes","floor":14,"turns":2},{"damage":25,"enemies":"The Guardian","floor":16,"turns":8},{"damage":0,"enemies":"Spheric Guardian","floor":18,"turns":3},{"damage":5,"enemies":"3 Byrds","floor":21,"turns":3},{"damage":15,"enemies":"Snecko","floor":22,"turns":4},{"damage":0,"enemies":"Chosen and Byrds","floor":24,"turns":4},{"damage":5,"enemies":"Cultist and Chosen","floor":25,"turns":4},{"damage":25,"enemies":"Slavers","floor":27,"turns":3},{"damage":22,"enemies":"Snake Plant","floor":29,"turns":3},{"damage":22,"enemies":"Shelled Parasite and Fungi","floor":31,"turns":4},{"damage":51,"enemies":"Automaton","floor":33,"turns":6}],"seed_played":"6828989638599711310","potions_obtained":[{"floor":7,"key":"Poison Potion"},{"floor":8,"key":"Fire Potion"},{"floor":11,"key":"Ancient Potion"},{"floor":12,"key":"SpeedPotion"}],"is_trial":false,"path_per_floor":["M","M","?","?","$","R","M","M","T","R","M","M","R","M","R","B",null,"M","?","$","M","M","R","M","M","T","E","R","M","$","M","R"],"character_chosen":"DEFECT","items_purchased":["Ball Lightning","Oddly Smooth Stone"],"campfire_rested":0,"item_purchase_floors":[5,30],"current_hp_per_floor":[75,75,57,50,50,50,56,54,54,54,61,68,68,75,75,57,75,75,75,75,75,67,67,74,75,75,50,50,35,35,20,20,0],"gold":144,"neow_bonus":"REMOVE_TWO","is_prod":false,"is_daily":false,"chose_seed":false,"campfire_upgraded":7,"win_rate":0.0,"timestamp":1535939718,"path_taken":["M","M","?","?","$","R","M","M","T","R","M","M","R","?","R","BOSS","M","?","$","M","M","R","M","M","T","E","R","?","$","M","R","BOSS"],"build_version":"2018-08-30","purchased_purges":2,"victory":false,"max_hp_per_floor":[75,75,75,75,75,75,75,75,75,75,75,75,75,75,75,75,75,75,75,75,75,75,75,75,75,75,75,75,75,75,75,75,75],"card_choices":[{"not_picked":["Hologram","Loop"],"picked":"Self Repair","floor":1},{"not_picked":["Fusion","Steam"],"picked":"Sweeping Beam","floor":2},{"not_picked":["Steam","Compile Driver"],"picked":"Seek","floor":7},{"not_picked":["Hologram","Go for the Eyes"],"picked":"Streamline","floor":8},{"not_picked":["Barrage","Heatsinks"],"picked":"BootSequence","floor":11},{"not_picked":["Chill","Glacier","White Noise"],"picked":"SKIP","floor":12},{"not_picked":["Rebound","Darkness","Loop"],"picked":"SKIP","floor":14},{"not_picked":["Creative AI","Biased Cognition"],"picked":"Seek","floor":16},{"not_picked":["Ball Lightning","Barrage+1"],"picked":"Tempest","floor":18},{"not_picked":["Aggregate+1","Sweeping Beam","Stack"],"picked":"SKIP","floor":21},{"not_picked":["Coolheaded","Compile Driver"],"picked":"Streamline","floor":22},{"not_picked":["Stack","Echo Form"],"picked":"Beam Cell+1","floor":24},{"not_picked":["Barrage","Reprogram","Aggregate+1"],"picked":"SKIP","floor":25},{"not_picked":["Hologram","Defragment"],"picked":"Gash+1","floor":27},{"not_picked":["Redo","Conserve Battery","Steam Power"],"picked":"SKIP","floor":29},{"not_picked":["Chaos","Static Discharge","Rip and Tear+1"],"picked":"SKIP","floor":31}],"player_experience":63236,"relics_obtained":[{"floor":9,"key":"Lantern"},{"floor":26,"key":"Bag of Marbles"},{"floor":27,"key":"Potion Belt"}],"event_choices":[{"event_name":"Golden Idol","player_choice":"Take Damage","floor":3,"damage_taken":0},{"event_name":"Golden Wing","player_choice":"Card Removal","floor":4,"damage_taken":0},{"event_name":"Ghosts","player_choice":"Ignored","floor":19,"damage_taken":0}],"is_beta":true,"boss_relics":[{"not_picked":["Fusion Hammer","Velvet Choker"],"picked":"Sozu"}],"items_purged_floors":[20,30],"is_endless":false,"potions_floor_spawned":[7,8,11,12,21,24,29],"killed_by":"Automaton","ascension_level":0}