{"gold_per_floor":[116,133,153,163,163,163,192,192,217,17,30,105,138,148,148,148],"floor_reached":16,"playtime":641,"items_purged":["Strike_R"],"score":292,"play_id":"2567018a-f963-4126-8fb5-14d4b29f379a","local_time":"20190723213559","is_ascension_mode":true,"campfire_choices":[{"data":"Flame Barrier","floor":6.0,"key":"SMITH"},{"data":"Immolate","floor":8.0,"key":"SMITH"},{"data":"Carnage","floor":15.0,"key":"SMITH"}],"neow_cost":"NONE","seed_source_timestamp":93506860527098,"circlet_count":0,"master_deck":["AscendersBane","Strike_R","Strike_R","Strike_R","Strike_R","Defend_R","Defend_R","Defend_R","Defend_R","Bash","Flame Barrier+1","Iron Wave","Feed","Immolate+1","Corruption","Carnage+1"],"special_seed":0,"relics":["Burning Blood","PreservedInsect","Centennial Puzzle","Strawberry"],"potions_floor_usage":[],"damage_taken":[{"damage":11.0,"enemies":"Jaw Worm","floor":1.0,"turns":4.0},{"damage":5.0,"enemies":"Small Slimes","floor":2.0,"turns":5.0},{"damage":7.0,"enemies":"2 Louse","floor":3.0,"turns":3.0},{"damage":6.0,"enemies":"Red Slaver","floor":4.0,"turns":5.0},{"damage":41.0,"enemies":"Gremlin Nob","floor":7.0,"turns":5.0},{"damage":12.0,"enemies":"2 Fungi Beasts","floor":11.0,"turns":2.0},{"damage":0.0,"enemies":"3 Sentries","floor":13.0,"turns":3.0},{"damage":3.0,"enemies":"Large Slime","floor":14.0,"turns":5.0},{"damage":49,"enemies":"The Guardian","floor":16,"turns":10}],"seed_played":"1776416447702763878","potions_obtained":[{"floor":1.0,"key":"SkillPotion"},{"floor":4.0,"key":"Strength Potion"},{"floor":11.0,"key":"PowerPotion"}],"is_trial":false,"path_per_floor":["M","M","M","M","?","R","E","R","T","$","M","?","E","M","R","B"],"character_chosen":"IRONCLAD","items_purchased":["Corruption","GamblersBrew"],"campfire_rested":0,"item_purchase_floors":[10,10],"current_hp_per_floor":[70,71,70,70,75,75,43,43,43,43,37,26,42,48,48,0],"gold":148,"neow_bonus":"TEN_PERCENT_HP_BONUS","is_prod":false,"is_daily":false,"chose_seed":false,"campfire_upgraded":3,"win_rate":0,"timestamp":1563935759,"path_taken":["M","M","M","M","?","R","E","R","T","$","M","?","E","M","R","BOSS"],"build_version":"2019-07-17","purchased_purges":1,"victory":false,"max_hp_per_floor":[82,82,82,82,87,87,90,90,90,90,90,90,100,103,103,103],"card_choices":[{"not_picked":["Flex","Anger"],"picked":"Flame Barrier","floor":1.0},{"not_picked":["Armaments","Evolve"],"picked":"Iron Wave","floor":2.0},{"not_picked":["Body Slam","Perfected Strike","Fire Breathing"],"picked":"SKIP","floor":3.0},{"not_picked":["Heavy Blade","Twin Strike"],"picked":"Feed","floor":4.0},{"not_picked":["Feel No Pain","Anger"],"picked":"Immolate","floor":7.0},{"not_picked":["Iron Wave","Twin Strike"],"picked":"Carnage","floor":11.0},{"not_picked":["Clash","Twin Strike","Wild Strike"],"picked":"SKIP","floor":13.0},{"not_picked":["Clash","Body Slam","Rupture"],"picked":"SKIP","floor":14.0}],"player_experience":528746,"relics_obtained":[{"floor":7.0,"key":"PreservedInsect"},{"floor":9.0,"key":"Centennial Puzzle"},{"floor":13.0,"key":"Strawberry"}],"event_choices":[{"damage_healed":0.0,"max_hp_gain":5.0,"max_hp_loss":0.0,"gold_gain":0.0,"event_name":"Big Fish","player_choice":"Donut","floor":5.0,"gold_loss":0.0,"damage_taken":0.0},{"damage_healed":0.0,"max_hp_gain":0.0,"max_hp_loss":0.0,"gold_gain":75.0,"event_name":"World of Goop","player_choice":"Gather Gold","floor":12.0,"gold_loss":0.0,"damage_taken":11.0}],"is_beta":false,"boss_relics":[],"items_purged_floors":[10],"is_endless":false,"potions_floor_spawned":[1,4,11,13],"killed_by":"The Guardian","ascension_level":19}