{"gold_per_floor":[114,114,133,133,144,144,178,178,201,201],"floor_reached":10,"playtime":324,"items_purged":[],"score":125,"play_id":"f6bd19a7-6ad1-49ad-a3e8-717b5e89face","local_time":"20190716191409","is_ascension_mode":true,"campfire_choices":[{"data":"True Grit","floor":6,"key":"SMITH"},{"floor":8,"key":"REST"}],"neow_cost":"NONE","seed_source_timestamp":522754449752862,"circlet_count":0,"master_deck":["AscendersBane","Strike_R","Strike_R","Strike_R","Strike_R","Strike_R","Defend_R","Defend_R","Defend_R","Defend_R","Bash","True Grit+1","Spot Weakness","Intimidate","Iron Wave"],"relics":["Burning Blood","NeowsBlessing","Bag of Preparation","Prayer Wheel","Potion Belt"],"potions_floor_usage":[],"damage_taken":[{"damage":0,"enemies":"Jaw Worm","floor":1,"turns":1},{"damage":0,"enemies":"Small Slimes","floor":3,"turns":1},{"damage":0,"enemies":"Cultist","floor":5,"turns":1},{"damage":54,"enemies":"Lagavulin","floor":7,"turns":8},{"damage":67,"enemies":"Gremlin Nob","floor":10,"turns":5}],"seed_played":"-5055734061219603502","potions_obtained":[{"floor":5,"key":"FairyPotion"},{"floor":7,"key":"FearPotion"}],"is_trial":false,"path_per_floor":["M","?","M","?","M","R","E","R","T","E"],"character_chosen":"IRONCLAD","items_purchased":[],"campfire_rested":1,"item_purchase_floors":[],"current_hp_per_floor":[74,63,69,69,75,75,27,49,49,0],"gold":201,"neow_bonus":"THREE_ENEMY_KILL","is_prod":false,"is_daily":false,"chose_seed":false,"campfire_upgraded":1,"win_rate":0,"timestamp":1563322449,"path_taken":["M","?","M","?","M","R","E","R","T","E"],"build_version":"2019-07-05","purchased_purges":0,"victory":false,"max_hp_per_floor":[75,75,75,75,75,75,75,75,75,75],"card_choices":[{"not_picked":["Heavy Blade","Second Wind"],"picked":"True Grit","floor":1},{"not_picked":["Pommel Strike","Iron Wave"],"picked":"Spot Weakness","floor":3},{"not_picked":["Sever Soul","Ghostly Armor"],"picked":"Intimidate","floor":5},{"not_picked":["Clothesline","Rage"],"picked":"Iron Wave","floor":7}],"player_experience":496081,"relics_obtained":[{"floor":7,"key":"Prayer Wheel"},{"floor":9,"key":"Potion Belt"}],"event_choices":[{"damage_healed":0,"gold_gain":0,"player_choice":"Success","damage_taken":11,"relics_obtained":["Bag of Preparation"],"max_hp_gain":0,"max_hp_loss":0,"event_name":"Scrap Ooze","floor":2,"gold_loss":0},{"damage_healed":0,"gold_gain":0,"player_choice":"Ignored","damage_taken":0,"max_hp_gain":0,"max_hp_loss":0,"event_name":"Liars Game","floor":4,"gold_loss":0}],"is_beta":false,"boss_relics":[],"items_purged_floors":[],"is_endless":false,"potions_floor_spawned":[5,7],"killed_by":"Gremlin Nob","ascension_level":18}