{"gold_per_floor":[15,15,42,68,5,43,55,67,153,165,255,267,293,337,349,361],"floor_reached":16,"playtime":461,"items_purged":[],"score":211,"play_id":"9f394b7e-8441-4663-9041-6ba4f3cd8fa1","local_time":"20190726214241","is_ascension_mode":true,"campfire_choices":[{"data":"Sever Soul","floor":7,"key":"SMITH"},{"data":"Wild Strike","floor":10,"key":"SMITH"},{"data":"Wild Strike","floor":12,"key":"SMITH"},{"floor":15,"key":"REST"}],"neow_cost":"NO_GOLD","seed_source_timestamp":353320926348429,"circlet_count":0,"master_deck":["AscendersBane","Strike_R","Strike_R","Defend_R","Defend_R","Defend_R","Defend_R","Bash","Wild Strike+1","Wild Strike+1","Iron Wave","Sword Boomerang","Heavy Blade","Sever Soul+1","Hemokinesis"],"relics":["Burning Blood","MawBank","PreservedInsect","Unceasing Top"],"potions_floor_usage":[],"damage_taken":[{"damage":0,"enemies":"Cultist","floor":1,"turns":2},{"damage":10,"enemies":"Small Slimes","floor":3,"turns":3},{"damage":4,"enemies":"2 Louse","floor":4,"turns":3},{"damage":55,"enemies":"3 Sentries","floor":6,"turns":11},{"damage":6,"enemies":"Looter","floor":13,"turns":2},{"damage":8,"enemies":"Gremlin Nob","floor":14,"turns":3},{"damage":45,"enemies":"Slime Boss","floor":16,"turns":7}],"seed_played":"-6085701442368072986","potions_obtained":[{"floor":3,"key":"LiquidBronze"},{"floor":6,"key":"Ancient Potion"}],"is_trial":false,"path_per_floor":["M","T","M","M","?","E","R","$","T","R","?","R","M","E","R","B"],"character_chosen":"IRONCLAD","items_purchased":[],"campfire_rested":1,"item_purchase_floors":[],"current_hp_per_floor":[74,74,70,72,72,23,23,23,23,23,23,23,23,21,43,0],"gold":361,"neow_bonus":"TRANSFORM_TWO_CARDS","is_prod":false,"is_daily":false,"chose_seed":false,"campfire_upgraded":3,"win_rate":0,"timestamp":1564195361,"path_taken":["M","?","M","M","?","E","R","$","T","R","?","R","M","E","R","BOSS"],"build_version":"2019-07-17","purchased_purges":0,"victory":false,"max_hp_per_floor":[75,75,75,75,75,75,75,75,75,75,75,75,75,75,75,75],"card_choices":[{"not_picked":["Havoc","Clash"],"picked":"Iron Wave","floor":1},{"not_picked":["Body Slam","Fire Breathing"],"picked":"Sword Boomerang","floor":3},{"not_picked":["Sword Boomerang","Headbutt"],"picked":"Heavy Blade","floor":4},{"not_picked":["Evolve","Shrug It Off"],"picked":"Sever Soul","floor":6},{"not_picked":["Thunderclap","Twin Strike","Iron Wave"],"picked":"SKIP","floor":13},{"not_picked":["Fire Breathing","Havoc"],"picked":"Hemokinesis","floor":14}],"player_experience":538385,"relics_obtained":[{"floor":2,"key":"MawBank"},{"floor":6,"key":"PreservedInsect"},{"floor":14,"key":"Unceasing Top"}],"event_choices":[{"cards_removed":["Strike_R"],"damage_healed":0,"gold_gain":0,"player_choice":"Card Removal","damage_taken":0,"max_hp_gain":0,"max_hp_loss":0,"event_name":"The Cleric","floor":5,"gold_loss":75},{"damage_healed":0,"gold_gain":78,"player_choice":"Gained Gold","damage_taken":0,"max_hp_gain":0,"max_hp_loss":0,"event_name":"Golden Wing","floor":11,"gold_loss":0}],"is_beta":false,"boss_relics":[],"items_purged_floors":[],"is_endless":false,"potions_floor_spawned":[3,6,13,14],"killed_by":"Slime Boss","ascension_level":19}