{"gold_per_floor":[112,122,137,137,154,154,180,197,197,227,241,241,72,72,72,167,167,187,102,42,61,61,61,88,88,111,123,146,191,203,229,241,353,365,390,56,56,56,68,68,103,103,185,185,196,214,214,214,214,214,214,214,17,47,47],"floor_reached":56,"playtime":7253,"items_purged":["Strike_B","Strike_B","Defend_B"],"score":1298,"play_id":"9962d515-ff49-4350-b0ed-bc672a0167e6","local_time":"20190616194053","is_ascension_mode":false,"campfire_choices":[{"data":"Zap","floor":6,"key":"SMITH"},{"data":"Consume","floor":12,"key":"SMITH"},{"data":"Capacitor","floor":15,"key":"SMITH"},{"data":"Static Discharge","floor":23,"key":"SMITH"},{"data":"Dualcast","floor":27,"key":"SMITH"},{"data":"Echo Form","floor":30,"key":"SMITH"},{"floor":32,"key":"RECALL"},{"data":"BootSequence","floor":40,"key":"SMITH"},{"data":"Defragment","floor":42,"key":"SMITH"},{"data":"Cold Snap","floor":44,"key":"SMITH"},{"data":"Capacitor","floor":47,"key":"SMITH"},{"data":"Defend_B","floor":49,"key":"SMITH"},{"data":"Defend_B","floor":52,"key":"SMITH"}],"neow_cost":"NONE","seed_source_timestamp":377536505549200,"circlet_count":0,"master_deck":["Strike_B+1","Defend_B+1","Defend_B+1","Zap+1","Dualcast+1","BootSequence+1","Turbo+1","Cold Snap+1","Consume+1","Static Discharge+1","Chill+1","Genetic Algorithm+1","Capacitor+1","Leap+1","Echo Form+1","Leap+1","Redo+1","Chaos+1","Redo+1","Seek+1","Coolheaded+1","Darkness+1","White Noise+1","Defragment+1","Chaos+1","Capacitor+1","Echo Form+1","Core Surge"],"relics":["Runic Pyramid","Potion Belt","Art of War","Toxic Egg 2","Emotion Chip","White Beast Statue","Anchor","Thread and Needle","MawBank","Singing Bowl","Nuclear Battery","Strange Spoon","Torii","Oddly Smooth Stone"],"potions_floor_usage":[20,24,29,55,55,55,55,55],"damage_taken":[{"damage":2,"enemies":"2 Louse","floor":1,"turns":3},{"damage":0,"enemies":"Jaw Worm","floor":2,"turns":4},{"damage":0,"enemies":"Cultist","floor":3,"turns":3},{"damage":2,"enemies":"Large Slime","floor":5,"turns":5},{"damage":8,"enemies":"Lagavulin","floor":7,"turns":8},{"damage":0,"enemies":"Blue Slaver","floor":8,"turns":3},{"damage":8,"enemies":"3 Sentries","floor":10,"turns":7},{"damage":0,"enemies":"Exordium Thugs","floor":11,"turns":4},{"damage":2,"enemies":"Slime Boss","floor":16,"turns":11},{"damage":0,"enemies":"Spheric Guardian","floor":18,"turns":3},{"damage":0,"enemies":"2 Thieves","floor":20,"turns":4},{"damage":0,"enemies":"Chosen and Byrds","floor":21,"turns":11},{"damage":4,"enemies":"Book of Stabbing","floor":24,"turns":8},{"damage":0,"enemies":"Snecko","floor":28,"turns":7},{"damage":7,"enemies":"Gremlin Leader","floor":29,"turns":8},{"damage":0,"enemies":"Centurion and Healer","floor":31,"turns":7},{"damage":0,"enemies":"Automaton","floor":33,"turns":10},{"damage":0,"enemies":"3 Darklings","floor":35,"turns":8},{"damage":0,"enemies":"Orb Walker","floor":39,"turns":5},{"damage":0,"enemies":"Giant Head","floor":41,"turns":7},{"damage":0,"enemies":"Jaw Worm Horde","floor":45,"turns":5},{"damage":0,"enemies":"Writhing Mass","floor":46,"turns":5},{"damage":0,"enemies":"Donu and Deca","floor":50,"turns":10},{"damage":8,"enemies":"Shield and Spear","floor":54,"turns":7},{"damage":10,"enemies":"The Heart","floor":55,"turns":8}],"seed_played":"-1511307361978165361","potions_obtained":[{"floor":1,"key":"Swift Potion"},{"floor":5,"key":"PowerPotion"},{"floor":11,"key":"Weak Potion"},{"floor":16,"key":"EssenceOfSteel"},{"floor":18,"key":"Weak Potion"},{"floor":20,"key":"FocusPotion"},{"floor":21,"key":"Explosive Potion"},{"floor":24,"key":"FocusPotion"},{"floor":28,"key":"Block Potion"},{"floor":29,"key":"SkillPotion"},{"floor":45,"key":"Energy Potion"},{"floor":46,"key":"EssenceOfSteel"}],"is_trial":false,"path_per_floor":["M","M","M","?","M","R","E","M","T","E","M","R","$","?","R","B",null,"M","?","M","M","$","R","E","?","T","R","M","E","R","M","R","B",null,"M","$","?","?","M","R","E","R","T","R","M","M","R","?","R","B",null,"R","$","E","B",null],"character_chosen":"DEFECT","items_purchased":["Capacitor","Leap+1","Coolheaded+1","Strange Spoon","Ancient Potion"],"campfire_rested":0,"item_purchase_floors":[13,13,36,36,53],"current_hp_per_floor":[73,73,73,61,59,59,51,51,51,43,43,43,43,28,28,26,75,75,75,75,75,75,75,71,71,71,71,71,66,66,66,66,66,77,79,79,79,79,79,79,79,79,79,79,79,79,79,79,79,79,79,79,79,71,61],"gold":47,"neow_bonus":"BOSS_RELIC","is_prod":false,"is_daily":false,"chose_seed":false,"campfire_upgraded":12,"win_rate":0,"timestamp":1560735653,"path_taken":["M","M","M","?","M","R","E","M","T","E","M","R","$","?","R","BOSS","M","?","M","M","$","R","E","?","T","R","?","E","R","M","R","BOSS","M","$","?","?","M","R","E","R","T","R","?","?","R","?","R","BOSS","R","$","E","BOSS"],"build_version":"2019-06-13","purchased_purges":3,"victory":true,"max_hp_per_floor":[75,75,75,75,75,75,75,75,75,75,75,75,75,75,75,75,75,75,75,75,75,75,75,75,75,75,75,75,77,77,77,77,77,77,79,79,79,79,79,79,79,79,79,79,79,79,79,79,79,79,79,79,79,79,79],"card_choices":[{"not_picked":["Barrage","Rebound"],"picked":"BootSequence","floor":1},{"not_picked":["Redo","Steam"],"picked":"Melter","floor":2},{"not_picked":["Darkness","Compile Driver"],"picked":"Turbo","floor":3},{"not_picked":["Blizzard","Aggregate"],"picked":"Cold Snap","floor":5},{"not_picked":["Multi-Cast","Fusion"],"picked":"Consume","floor":7},{"not_picked":["Steam","Cold Snap"],"picked":"Static Discharge","floor":8},{"not_picked":["Cold Snap","Auto Shields+1"],"picked":"Chill+1","floor":10},{"not_picked":["Barrage","Cold Snap"],"picked":"Genetic Algorithm+1","floor":11},{"not_picked":["Creative AI","Seek+1"],"picked":"Echo Form","floor":16},{"not_picked":["Streamline","Beam Cell"],"picked":"Leap+1","floor":18},{"not_picked":["Rebound","Heatsinks"],"picked":"Redo+1","floor":20},{"not_picked":["Conserve Battery+1","Cold Snap"],"picked":"Chaos+1","floor":21},{"not_picked":["FTL","Doom and Gloom","Beam Cell+1"],"picked":"SKIP","floor":24},{"not_picked":["Sweeping Beam","Hello World","Streamline+1"],"picked":"SKIP","floor":28},{"not_picked":["Static Discharge","Rip and Tear+1","Lockon"],"picked":"Singing Bowl","floor":29},{"not_picked":["Hello World","Stack+1"],"picked":"Redo+1","floor":31},{"not_picked":["Reboot+1","Hyperbeam"],"picked":"Seek+1","floor":33},{"not_picked":["Compile Driver","Streamline","Sweeping Beam"],"picked":"Singing Bowl","floor":35},{"not_picked":["Compile Driver+1","Streamline"],"picked":"White Noise+1","floor":39},{"not_picked":["Conserve Battery+1","Static Discharge"],"picked":"Defragment","floor":41},{"not_picked":["Beam Cell","Static Discharge+1"],"picked":"Chaos+1","floor":45},{"not_picked":["Steam+1","Rebound"],"picked":"Capacitor","floor":46},{"not_picked":["Hello World","Leap+1"],"picked":"Core Surge","floor":54}],"player_experience":279471,"relics_obtained":[{"floor":7,"key":"Art of War"},{"floor":9,"key":"Toxic Egg 2"},{"floor":10,"key":"Emotion Chip"},{"floor":24,"key":"Thread and Needle"},{"floor":26,"key":"MawBank"},{"floor":29,"key":"Singing Bowl"},{"floor":41,"key":"Torii"},{"floor":54,"key":"Oddly Smooth Stone"}],"event_choices":[{"damage_healed":0,"gold_gain":0,"player_choice":"Success","damage_taken":12,"relics_obtained":["Potion Belt"],"max_hp_gain":0,"max_hp_loss":0,"event_name":"Scrap Ooze","floor":4,"gold_loss":0},{"damage_healed":0,"gold_gain":0,"player_choice":"Entered Light","damage_taken":15,"max_hp_gain":0,"max_hp_loss":0,"event_name":"Shining Light","floor":14,"gold_loss":0,"cards_upgraded":["Turbo","Strike_B"]},{"damage_healed":0,"gold_gain":0,"player_choice":"Obtained Relic","damage_taken":0,"relics_obtained":["Anchor"],"max_hp_gain":0,"max_hp_loss":0,"event_name":"Addict","floor":19,"gold_loss":85},{"cards_removed":["Strike_B"],"damage_healed":0,"gold_gain":0,"player_choice":"Offered Basic","damage_taken":0,"max_hp_gain":0,"max_hp_loss":0,"event_name":"Bonfire Elementals","floor":25,"gold_loss":0},{"cards_removed":["Melter"],"damage_healed":0,"gold_gain":0,"player_choice":"Removed Attack","damage_taken":0,"max_hp_gain":0,"max_hp_loss":0,"event_name":"Falling","floor":37,"gold_loss":0},{"damage_healed":0,"gold_gain":0,"cards_transformed":["Defend_B"],"player_choice":"Transformed","damage_taken":0,"max_hp_gain":0,"max_hp_loss":0,"event_name":"Transmorgrifier","floor":38,"gold_loss":0,"cards_obtained":["Darkness"]},{"damage_healed":0,"gold_gain":0,"player_choice":"Copied","damage_taken":0,"max_hp_gain":0,"max_hp_loss":0,"event_name":"Duplicator","floor":48,"gold_loss":0,"cards_obtained":["Echo Form"]}],"is_beta":true,"boss_relics":[{"not_picked":["Snecko Eye","Calling Bell"],"picked":"White Beast Statue"},{"not_picked":["Velvet Choker","Cursed Key"],"picked":"Nuclear Battery"}],"items_purged_floors":[13,36,53],"is_endless":false,"potions_floor_spawned":[1,5,11,16,18,20,21,24,28,29,31,33,35,39,41,45,46,54],"ascension_level":0}