{"gold_per_floor":[114,114,39,39,54,54,84,84,109,124,154,169,169,184,184,284,284,299,224,239,139,14,14,29,59,109,139,139,139],"floor_reached":29,"playtime":2060,"items_purged":["Defend_G","Strike_G","Strike_G"],"score":321,"play_id":"21a59b77-f049-4d70-8552-314b33e3e04d","local_time":"20180830233652","daily_mods":["Specialized","Elite Swarm","Night Terrors"],"is_ascension_mode":false,"campfire_choices":[{"data":"Flechettes","floor":6,"key":"SMITH"},{"data":"Corpse Explosion","floor":8,"key":"SMITH"},{"data":"Setup","floor":13,"key":"SMITH"},{"data":"Bane","floor":15,"key":"SMITH"},{"data":"Doppelganger","floor":23,"key":"SMITH"},{"data":"Outmaneuver","floor":28,"key":"SMITH"}],"neow_cost":"","seed_source_timestamp":0,"circlet_count":0,"master_deck":["Defend_G","Defend_G","Defend_G","Strike_G","Strike_G","Survivor","Neutralize","Venomology","Venomology","Venomology","Dash+1","Flechettes+1","Corpse Explosion+1","Setup+1","Envenom","Prepared","Bane+1","Doppelganger+1","Riddle With Holes+1","Calculated Gamble+1","Tools of the Trade+1","Well Laid Plans","Outmaneuver+1","Die Die Die"],"special_seed":17774,"relics":["Ring of the Snake","Question Card","Pear","Vajra","The Specimen","Astrolabe","Blood Vial","Art of War","Oddly Smooth Stone"],"potions_floor_usage":[5,5,7,7,7,7,7,10,11,12,14,14,16,16,16,16,16,16,18,18,24,25,25,27,27,27],"damage_taken":[{"damage":6,"enemies":"2 Louse","floor":1,"turns":6},{"damage":0,"enemies":"Small Slimes","floor":5,"turns":2},{"damage":10,"enemies":"Lagavulin","floor":7,"turns":7},{"damage":0,"enemies":"Cultist","floor":10,"turns":3},{"damage":9,"enemies":"3 Sentries","floor":11,"turns":3},{"damage":1,"enemies":"2 Fungi Beasts","floor":12,"turns":3},{"damage":8,"enemies":"Gremlin Gang","floor":14,"turns":4},{"damage":16,"enemies":"The Guardian","floor":16,"turns":9},{"damage":10,"enemies":"2 Thieves","floor":18,"turns":2},{"damage":10,"enemies":"3 Byrds","floor":20,"turns":3},{"damage":2,"enemies":"Cultist and Chosen","floor":24,"turns":4},{"damage":0,"enemies":"Gremlin Leader","floor":25,"turns":4},{"damage":19,"enemies":"Slavers","floor":27,"turns":4},{"damage":45,"enemies":"Book of Stabbing","floor":29,"turns":4}],"seed_played":"-8244340238949798716","potions_obtained":[{"floor":14,"key":"GhostInAJar"},{"floor":16,"key":"Dexterity Potion"},{"floor":20,"key":"EssenceOfSteel"},{"floor":25,"key":"Block Potion"},{"floor":27,"key":"Explosive Potion"}],"is_trial":false,"path_per_floor":["M","?","$","?","M","R","E","R","T","M","E","M","R","M","R","B",null,"M","?","M","$","$","R","M","E","T","E","R"],"character_chosen":"THE_SILENT","items_purchased":[],"campfire_rested":0,"item_purchase_floors":[],"current_hp_per_floor":[64,61,61,61,61,61,61,61,61,61,52,51,51,43,43,42,80,70,70,60,60,60,60,58,58,58,41,41,0],"gold":139,"neow_bonus":"","is_prod":false,"is_daily":true,"chose_seed":false,"campfire_upgraded":6,"win_rate":0.0,"timestamp":1535693812,"path_taken":["M","?","$","?","?","R","E","R","T","M","E","M","R","M","R","BOSS","M","?","?","?","$","R","M","E","T","E","R","E"],"build_version":"2018-08-30","purchased_purges":3,"victory":false,"max_hp_per_floor":[70,70,70,70,70,70,80,80,80,80,80,80,80,80,80,80,80,80,80,80,80,80,80,80,80,80,80,80,80],"card_choices":[{"not_picked":["Flechettes","Blade Dance"],"picked":"Dash","floor":1},{"not_picked":["Infinite Blades","Quick Slash","Underhanded Strike"],"picked":"Flechettes","floor":5},{"not_picked":["A Thousand Cuts","Envenom","Venomology"],"picked":"Corpse Explosion","floor":7},{"not_picked":["Dagger Throw","Deflect","Quick Slash"],"picked":"Setup","floor":10},{"not_picked":["Bullet Time","Malaise","Unload"],"picked":"Envenom","floor":11},{"not_picked":["Concentrate","Choke","Reflex"],"picked":"Prepared","floor":12},{"not_picked":["Underhanded Strike","Cloak And Dagger","Infinite Blades"],"picked":"Bane","floor":14},{"not_picked":["Malaise","Venomology","Storm of Steel"],"picked":"Doppelganger","floor":16},{"not_picked":["Blade Dance","Infinite Blades","Acrobatics+1"],"picked":"Well Laid Plans","floor":18},{"not_picked":["Skewer+1","Distraction","Dagger Throw","Accuracy+1"],"picked":"SKIP","floor":20},{"not_picked":["Escape Plan","Dodge and Roll+1","Reflex"],"picked":"Outmaneuver","floor":24},{"not_picked":["Glass Knife","Unload","Storm of Steel","Malaise"],"picked":"SKIP","floor":25},{"not_picked":["Corpse Explosion","Venomology","Doppelganger"],"picked":"Die Die Die","floor":27}],"player_experience":26510,"relics_obtained":[{"floor":7,"key":"Pear"},{"floor":9,"key":"Vajra"},{"floor":11,"key":"The Specimen"},{"floor":25,"key":"Blood Vial"},{"floor":26,"key":"Art of War"},{"floor":27,"key":"Oddly Smooth Stone"}],"event_choices":[{"event_name":"Scrap Ooze","player_choice":"success","floor":2,"damage_taken":3},{"event_name":"Accursed Blacksmith","player_choice":"Forge","floor":4,"damage_taken":0},{"event_name":"Beggar","player_choice":"Gave Gold","floor":19,"damage_taken":0}],"is_beta":true,"boss_relics":[{"not_picked":["Pandora\u0027s Box","Velvet Choker"],"picked":"Astrolabe"}],"items_purged_floors":[3,21,22],"is_endless":false,"potions_floor_spawned":[12,14,16,20,25,27],"killed_by":"Book of Stabbing","ascension_level":0}