{"gold_per_floor":[112,129,129,129,140,173,173,206,206,62,62,62,92,103,103,208,208,218,238,153,78,24,24,24,24,51,76,95,128,128,144,144,242,242,256,272,272,15,60,94,94,194,219,36,36,36,0,27,27,27],"floor_reached":51,"playtime":3487,"items_purged":["Strike_B","Defend_B"],"score":1220,"play_id":"4de82bc8-e46b-4390-b565-65cea05a358b","local_time":"20190730020251","is_ascension_mode":true,"campfire_choices":[{"data":"Tempest","floor":7.0,"key":"SMITH"},{"data":"Defragment","floor":12.0,"key":"SMITH"},{"data":"Zap","floor":15.0,"key":"SMITH"},{"data":"Redo","floor":23.0,"key":"SMITH"},{"data":"Dualcast","floor":25.0,"key":"SMITH"},{"data":"Loop","floor":32,"key":"SMITH"},{"data":"Defragment","floor":41,"key":"SMITH"},{"data":"Capacitor","floor":46,"key":"SMITH"},{"data":"Reinforced Body","floor":49,"key":"SMITH"}],"neow_cost":"NONE","seed_source_timestamp":1656633847353900,"circlet_count":0,"master_deck":["AscendersBane","Strike_B+1","Defend_B+1","Zap+1","Dualcast+1","Leap","Reinforced Body+1","Tempest+1","Steam","Defragment+1","Auto Shields","Leap","Thunder Strike+1","Redo+1","Conserve Battery","Fusion+1","Loop+1","Reboot","Steam+1","Chill","Defragment+1","Glacier","Coolheaded","Capacitor+1"],"special_seed":0,"relics":["Cracked Core","Art of War","Gambling Chip","Bottled Lightning","Matryoshka","Runic Pyramid","Pear","Oddly Smooth Stone","Whetstone","Strawberry","Boot","Inserter","PreservedInsect","Ice Cream","Ancient Tea Set","Shovel","Pantograph","Blood Vial","Happy Flower","Red Mask","Smiling Mask"],"potions_floor_usage":[27,27,35,36,50,50],"damage_taken":[{"damage":2.0,"enemies":"Jaw Worm","floor":1.0,"turns":3.0},{"damage":4.0,"enemies":"Small Slimes","floor":2.0,"turns":3.0},{"damage":0.0,"enemies":"Cultist","floor":5.0,"turns":3.0},{"damage":3.0,"enemies":"Lagavulin","floor":6.0,"turns":10.0},{"damage":3.0,"enemies":"3 Sentries","floor":8.0,"turns":10.0},{"damage":7.0,"enemies":"Lagavulin","floor":13.0,"turns":7.0},{"damage":17.0,"enemies":"Gremlin Gang","floor":14.0,"turns":3.0},{"damage":9.0,"enemies":"Slime Boss","floor":16.0,"turns":10.0},{"damage":3.0,"enemies":"Shell Parasite","floor":18.0,"turns":6.0},{"damage":0.0,"enemies":"3 Byrds","floor":19.0,"turns":5.0},{"damage":14,"enemies":"Slavers","floor":27,"turns":5},{"damage":0,"enemies":"Centurion and Healer","floor":28,"turns":5},{"damage":0,"enemies":"Book of Stabbing","floor":29,"turns":5},{"damage":0,"enemies":"Snake Plant","floor":31,"turns":4},{"damage":8,"enemies":"Champ","floor":33,"turns":8},{"damage":60,"enemies":"3 Shapes","floor":35,"turns":5},{"damage":0,"enemies":"Orb Walker","floor":36,"turns":3},{"damage":19,"enemies":"2 Orb Walkers","floor":39,"turns":3},{"damage":0,"enemies":"Giant Head","floor":40,"turns":5},{"damage":0,"enemies":"Mind Bloom Boss Battle","floor":42,"turns":5},{"damage":24,"enemies":"Reptomancer","floor":48,"turns":5},{"damage":25,"enemies":"Awakened One","floor":50,"turns":14}],"seed_played":"-4838462146179931411","potions_obtained":[{"floor":5.0,"key":"GamblersBrew"},{"floor":6.0,"key":"SmokeBomb"},{"floor":13.0,"key":"Regen Potion"},{"floor":16.0,"key":"EssenceOfSteel"},{"floor":28,"key":"Block Potion"},{"floor":31,"key":"Regen Potion"},{"floor":40,"key":"FearPotion"},{"floor":42,"key":"EssenceOfSteel"}],"is_trial":false,"path_per_floor":["M","M","?","?","M","E","R","E","T","$","?","R","E","M","R","B",null,"M","M","?","?","$","R","$","R","T","E","M","E","?","M","R","B",null,"M","M","?","$","?","E","R","?","T","$","?","R","?","E","R","B",null],"character_chosen":"DEFECT","items_purchased":["Auto Shields","Redo","PreservedInsect","Capacitor","Happy Flower"],"campfire_rested":0,"item_purchase_floors":[10,22,38,44,44],"current_hp_per_floor":[66,62,55,40,40,37,37,34,34,34,34,34,27,10,10,1,57,54,54,64,64,64,64,64,64,64,71,71,71,71,71,71,63,85,25,30,80,80,61,61,61,61,61,61,61,61,61,39,39,41],"gold":27,"neow_bonus":"REMOVE_CARD","is_prod":false,"is_daily":false,"chose_seed":false,"campfire_upgraded":9,"win_rate":0,"timestamp":1564473771,"path_taken":["M","M","?","?","M","E","R","E","T","$","?","R","E","?","R","BOSS","M","?","?","?","$","R","?","R","T","E","M","E","?","M","R","BOSS","M","M","?","?","?","E","R","?","T","$","?","R","?","E","R","BOSS"],"build_version":"2019-07-18","purchased_purges":2,"victory":true,"max_hp_per_floor":[75,75,75,75,75,75,75,75,75,75,75,75,75,75,75,75,75,75,75,85,85,85,85,85,85,85,92,92,92,92,92,92,92,92,92,92,80,80,80,80,80,80,80,80,80,80,80,80,80,80],"card_choices":[{"not_picked":["Turbo","Skim"],"picked":"Leap","floor":1.0},{"not_picked":["Force Field","Gash"],"picked":"Reinforced Body","floor":2.0},{"not_picked":["Stack","Conserve Battery"],"picked":"Tempest","floor":5.0},{"not_picked":["Blizzard","Stack"],"picked":"Steam","floor":6.0},{"not_picked":["Steam Power","Storm"],"picked":"Defragment","floor":8.0},{"not_picked":["Stack","Barrage","Compile Driver"],"picked":"SKIP","floor":13.0},{"not_picked":["Beam Cell","Steam"],"picked":"Leap","floor":14.0},{"not_picked":["Multi-Cast","Echo Form"],"picked":"Thunder Strike","floor":16.0},{"not_picked":["Beam Cell","Hologram+1","Sunder"],"picked":"SKIP","floor":18.0},{"not_picked":["Streamline","Recycle","Go for the Eyes+1"],"picked":"SKIP","floor":19.0},{"not_picked":["Barrage","Blizzard"],"picked":"Conserve Battery","floor":27},{"not_picked":["Gash+1","Steam Power+1"],"picked":"Redo","floor":28},{"not_picked":["Hologram","Amplify"],"picked":"Fusion+1","floor":29},{"not_picked":["Rip and Tear","Scrape+1"],"picked":"Loop","floor":31},{"not_picked":["Thunder Strike","Multi-Cast"],"picked":"Reboot","floor":33},{"not_picked":["Stack","Scrape"],"picked":"Steam+1","floor":35},{"not_picked":["Reprogram+1","Hologram+1"],"picked":"Chill","floor":36},{"not_picked":["Barrage","Biased Cognition"],"picked":"Defragment","floor":39},{"not_picked":["Compile Driver+1","Coolheaded"],"picked":"Glacier","floor":40},{"not_picked":["Ball Lightning+1","Sweeping Beam+1"],"picked":"Coolheaded","floor":42},{"not_picked":["Rainbow","Recycle+1","Leap"],"picked":"SKIP","floor":48}],"player_experience":444237,"relics_obtained":[{"floor":6.0,"key":"Art of War"},{"floor":8.0,"key":"Gambling Chip"},{"floor":9.0,"key":"Bottled Lightning"},{"floor":13.0,"key":"Matryoshka"},{"floor":26,"key":"Oddly Smooth Stone"},{"floor":26,"key":"Whetstone"},{"floor":27,"key":"Strawberry"},{"floor":29,"key":"Boot"},{"floor":39,"key":"Ice Cream"},{"floor":40,"key":"Ancient Tea Set"},{"floor":42,"key":"Shovel"},{"floor":43,"key":"Pantograph"},{"floor":43,"key":"Blood Vial"},{"floor":48,"key":"Smiling Mask"}],"event_choices":[{"cards_removed":["Defend_B"],"damage_healed":0.0,"max_hp_gain":0.0,"max_hp_loss":0.0,"gold_gain":0.0,"event_name":"Golden Wing","player_choice":"Card Removal","floor":3.0,"gold_loss":0.0,"damage_taken":7.0},{"damage_healed":0.0,"max_hp_gain":0.0,"max_hp_loss":0.0,"gold_gain":0.0,"event_name":"Shining Light","player_choice":"Entered Light","floor":4.0,"gold_loss":0.0,"damage_taken":15.0,"cards_upgraded":["Defend_B","Strike_B"]},{"cards_removed":["Strike_B"],"damage_healed":0.0,"max_hp_gain":0.0,"max_hp_loss":0.0,"gold_gain":0.0,"event_name":"Bonfire Elementals","player_choice":"Offered Basic","floor":11.0,"gold_loss":0.0,"damage_taken":0.0},{"damage_healed":0.0,"max_hp_gain":0.0,"max_hp_loss":0.0,"gold_gain":0.0,"event_name":"Addict","player_choice":"Obtained Relic","floor":20.0,"gold_loss":85.0,"damage_taken":0.0,"relics_obtained":["Pear"]},{"cards_removed":["Defend_B"],"damage_healed":0.0,"max_hp_gain":0.0,"max_hp_loss":0.0,"gold_gain":0.0,"event_name":"Beggar","player_choice":"Gave Gold","floor":21.0,"gold_loss":75.0,"damage_taken":0.0},{"damage_healed":0,"gold_gain":0,"player_choice":"Ignored","damage_taken":0,"max_hp_gain":0,"max_hp_loss":0,"event_name":"Vampires","floor":30,"gold_loss":0},{"damage_healed":80,"gold_gain":0,"player_choice":"Heal","damage_taken":0,"max_hp_gain":0,"max_hp_loss":12,"event_name":"The Moai Head","floor":37,"gold_loss":0},{"damage_healed":0,"gold_gain":0,"player_choice":"Fight","damage_taken":0,"max_hp_gain":0,"max_hp_loss":0,"event_name":"Mysterious Sphere","floor":39,"gold_loss":0},{"damage_healed":0,"gold_gain":0,"player_choice":"Fight","damage_taken":0,"max_hp_gain":0,"max_hp_loss":0,"event_name":"MindBloom","floor":42,"gold_loss":0},{"cards_removed":["Redo"],"damage_healed":0,"gold_gain":0,"player_choice":"Removed Skill","damage_taken":0,"max_hp_gain":0,"max_hp_loss":0,"event_name":"Falling","floor":45,"gold_loss":0},{"damage_healed":0,"gold_gain":0,"player_choice":"Paid","damage_taken":0,"relics_obtained":["Red Mask"],"max_hp_gain":0,"max_hp_loss":0,"event_name":"Tomb of Lord Red Mask","floor":47,"gold_loss":36}],"is_beta":true,"boss_relics":[{"not_picked":["Astrolabe","Runic Dome"],"picked":"Runic Pyramid"},{"not_picked":["Calling Bell","Velvet Choker"],"picked":"Inserter"}],"items_purged_floors":[10,38],"is_endless":false,"potions_floor_spawned":[5,6,13,16,19,28,31,40,42,48],"ascension_level":11}