{"gold_per_floor":[116,135,135,9,29,62,62,89,157,172,187,187],"floor_reached":12,"playtime":375,"items_purged":["Pain"],"score":158,"play_id":"a03ec09b-53c9-4ecd-8bf7-67648458cbdf","local_time":"20190701223958","is_ascension_mode":true,"campfire_choices":[{"data":"Bludgeon","floor":7,"key":"SMITH"}],"neow_cost":"CURSE","seed_source_timestamp":291357701777666,"circlet_count":0,"master_deck":["AscendersBane","Strike_R","Strike_R","Strike_R","Strike_R","Strike_R","Defend_R","Defend_R","Defend_R","Defend_R","Bash","Bludgeon+1","Cleave","True Grit","Decay","Inflame","Spot Weakness","Feel No Pain","Berserk","Shrug It Off"],"relics":["Burning Blood","Mango","PreservedInsect","Ornamental Fan"],"potions_floor_usage":[6,12],"damage_taken":[{"damage":3,"enemies":"2 Louse","floor":1,"turns":3},{"damage":7,"enemies":"Cultist","floor":2,"turns":3},{"damage":6,"enemies":"Small Slimes","floor":5,"turns":2},{"damage":29,"enemies":"Lagavulin","floor":6,"turns":5},{"damage":28,"enemies":"Gremlin Nob","floor":8,"turns":4},{"damage":11,"enemies":"Looter","floor":10,"turns":2},{"damage":9,"enemies":"Exordium Wildlife","floor":11,"turns":3},{"damage":36,"enemies":"3 Sentries","floor":12,"turns":4}],"seed_played":"4224881335851625549","potions_obtained":[{"floor":5,"key":"Poison Potion"},{"floor":10,"key":"SteroidPotion"}],"is_trial":false,"path_per_floor":["M","M","?","$","M","E","R","E","T","M","M","E"],"character_chosen":"IRONCLAD","items_purchased":["Block Potion"],"campfire_rested":0,"item_purchase_floors":[4],"current_hp_per_floor":[71,70,70,70,70,61,61,39,39,34,31,0],"gold":187,"neow_bonus":"THREE_RARE_CARDS","is_prod":false,"is_daily":false,"chose_seed":false,"campfire_upgraded":1,"win_rate":0,"timestamp":1562038798,"path_taken":["M","M","?","$","?","E","R","E","T","M","M","E"],"build_version":"2019-07-01","purchased_purges":1,"victory":false,"max_hp_per_floor":[75,75,75,75,75,89,89,89,89,89,89,89],"card_choices":[{"not_picked":["Exhume","Double Tap"],"picked":"Bludgeon","floor":0},{"not_picked":["Perfected Strike","Warcry"],"picked":"Cleave","floor":1},{"not_picked":["Burning Pact","Anger"],"picked":"True Grit","floor":2},{"not_picked":["Brutality","Infernal Blade"],"picked":"Inflame","floor":5},{"not_picked":["Warcry","Iron Wave"],"picked":"Spot Weakness","floor":6},{"not_picked":["Blood for Blood","Flex"],"picked":"Feel No Pain","floor":8},{"not_picked":["Clash","Sever Soul"],"picked":"Berserk","floor":10},{"not_picked":["Warcry","Havoc"],"picked":"Shrug It Off","floor":11}],"player_experience":433032,"relics_obtained":[{"floor":6,"key":"Mango"},{"floor":8,"key":"PreservedInsect"},{"floor":9,"key":"Ornamental Fan"}],"event_choices":[{"damage_healed":0,"gold_gain":0,"player_choice":"Cursed","damage_taken":0,"max_hp_gain":0,"max_hp_loss":0,"event_name":"Wheel of Change","floor":3,"gold_loss":0,"cards_obtained":["Decay"]}],"is_beta":false,"boss_relics":[],"items_purged_floors":[4],"is_endless":false,"potions_floor_spawned":[5,10],"killed_by":"3 Sentries","ascension_level":15}