{"gold_per_floor":[109,109,109,120,134,134,169,169,195,207,222,234,234,248,248,343,343,353,363,62,81,81,109,109,134,134,134,148,48,79,89,89,190,190,201,54,54,68,87,87,113,113,113,146,109,109,69,80,80,80],"floor_reached":51,"playtime":11393,"items_purged":["Strike_R","Strike_R"],"score":747,"play_id":"242135be-f7b0-4317-b643-fc553a0f51e1","local_time":"20190505220336","is_ascension_mode":false,"campfire_choices":[{"data":"Whirlwind","floor":6,"key":"SMITH"},{"data":"Inflame","floor":8,"key":"SMITH"},{"data":"Second Wind","floor":15,"key":"SMITH"},{"data":"Feed","floor":24,"key":"SMITH"},{"data":"Intimidate","floor":32,"key":"SMITH"},{"data":"Bludgeon","floor":40,"key":"SMITH"},{"data":"Flame Barrier","floor":46,"key":"SMITH"},{"data":"Uppercut","floor":49,"key":"SMITH"}],"neow_cost":"NONE","seed_source_timestamp":82094211262866,"circlet_count":0,"master_deck":["Defend_R+1","Defend_R","Defend_R","Defend_R","Bash","Battle Trance","Fire Breathing","Whirlwind+1","Inflame+1","Second Wind+1","Thunderclap","Armaments+1","Twin Strike","Inflame","Feed+1","Shrug It Off+1","Uppercut+1","Dropkick","Ghostly Armor","Disarm","Iron Wave","Offering","Reaper","Pommel Strike","Intimidate+1","Bludgeon+1","Clothesline+1","Burning Pact","Twin Strike+1","Entrench","Shockwave+1","Flame Barrier+1"],"relics":["Burning Blood","Anchor","Bag of Marbles","Orichalcum","Snecko Eye","Oddly Smooth Stone","Happy Flower","Bottled Tornado","Red Mask","Darkstone Periapt","Self Forming Clay","Eternal Feather","Pen Nib","Centennial Puzzle","Bottled Flame","Letter Opener"],"potions_floor_usage":[16,23,23,33,50,50,50],"damage_taken":[{"damage":0,"enemies":"2 Louse","floor":1,"turns":3},{"damage":8,"enemies":"Small Slimes","floor":4,"turns":3},{"damage":5,"enemies":"Cultist","floor":5,"turns":4},{"damage":8,"enemies":"3 Sentries","floor":7,"turns":3},{"damage":5,"enemies":"Exordium Wildlife","floor":10,"turns":4},{"damage":0,"enemies":"3 Louse","floor":11,"turns":2},{"damage":4,"enemies":"Large Slime","floor":12,"turns":5},{"damage":0,"enemies":"Exordium Thugs","floor":14,"turns":2},{"damage":38,"enemies":"Hexaghost","floor":16,"turns":10},{"damage":25,"enemies":"3 Byrds","floor":18,"turns":4},{"damage":6,"enemies":"Shell Parasite","floor":19,"turns":3},{"damage":9,"enemies":"Shelled Parasite and Fungi","floor":21,"turns":5},{"damage":12,"enemies":"Slavers","floor":23,"turns":6},{"damage":6,"enemies":"Masked Bandits","floor":25,"turns":4},{"damage":6,"enemies":"Snecko","floor":28,"turns":2},{"damage":32,"enemies":"Gremlin Leader","floor":30,"turns":6},{"damage":24,"enemies":"Centurion and Healer","floor":31,"turns":8},{"damage":46,"enemies":"Champ","floor":33,"turns":11},{"damage":0,"enemies":"Orb Walker","floor":35,"turns":2},{"damage":5,"enemies":"3 Darklings","floor":38,"turns":4},{"damage":28,"enemies":"Jaw Worm Horde","floor":39,"turns":7},{"damage":81,"enemies":"Reptomancer","floor":41,"turns":6},{"damage":28,"enemies":"Nemesis","floor":44,"turns":5},{"damage":17,"enemies":"Maw","floor":48,"turns":8},{"damage":71,"enemies":"Awakened One","floor":50,"turns":15}],"seed_played":"-5274270947424531023","potions_obtained":[{"floor":1,"key":"FearPotion"},{"floor":5,"key":"SkillPotion"},{"floor":12,"key":"GamblersBrew"},{"floor":18,"key":"SneckoOil"},{"floor":28,"key":"GamblersBrew"},{"floor":33,"key":"Weak Potion"},{"floor":35,"key":"SteroidPotion"},{"floor":48,"key":"SneckoOil"}],"is_trial":false,"path_per_floor":["M","?","?","M","M","R","E","R","T","M","M","M","?","M","R","B",null,"M","M","$","M","?","E","R","?","T","?","M","$","E","M","R","B",null,"M","$","?","M","M","R","E","?","T","E","$","R","?","M","R","B",null],"character_chosen":"IRONCLAD","items_purchased":["Oddly Smooth Stone","Dropkick","Pen Nib","Flame Barrier"],"campfire_rested":0,"item_purchase_floors":[20,20,36,45],"current_hp_per_floor":[80,85,85,83,84,84,82,82,82,83,85,85,85,85,85,53,85,69,73,73,74,74,71,71,75,75,75,75,75,70,76,76,46,107,107,107,102,102,95,106,48,48,48,39,39,57,57,55,73,27],"gold":80,"neow_bonus":"RANDOM_COMMON_RELIC","is_prod":false,"is_daily":false,"chose_seed":false,"campfire_upgraded":8,"win_rate":0.0,"timestamp":1557111816,"path_taken":["M","?","?","M","M","R","E","R","T","M","M","M","?","M","R","BOSS","M","?","$","M","?","E","R","?","T","?","M","$","E","M","R","BOSS","M","$","?","M","M","R","E","?","T","E","$","R","?","?","R","BOSS"],"build_version":"2019-01-23","purchased_purges":2,"victory":true,"max_hp_per_floor":[80,85,85,85,85,85,85,85,85,85,85,85,85,85,85,85,85,88,92,92,96,96,99,99,103,103,103,103,103,103,107,107,107,107,107,107,102,102,106,106,106,106,106,106,106,106,106,110,110,114],"card_choices":[{"not_picked":["Shrug It Off","Flame Barrier"],"picked":"Battle Trance","floor":1},{"not_picked":["Body Slam","Warcry"],"picked":"Whirlwind","floor":4},{"not_picked":["Reckless Charge","Body Slam"],"picked":"Inflame","floor":5},{"not_picked":["Body Slam","True Grit"],"picked":"Second Wind","floor":7},{"not_picked":["Flex","Shrug It Off"],"picked":"Thunderclap","floor":10},{"not_picked":["Fiend Fire","Clash"],"picked":"Armaments","floor":11},{"not_picked":["Rampage","Power Through"],"picked":"Twin Strike","floor":12},{"not_picked":["Clash","Headbutt"],"picked":"Inflame","floor":14},{"not_picked":["Reaper","Berserk"],"picked":"Feed","floor":16},{"not_picked":["Feel No Pain","Rupture"],"picked":"Shrug It Off","floor":18},{"not_picked":["Twin Strike","Anger"],"picked":"Uppercut","floor":19},{"not_picked":["Body Slam","Headbutt+1"],"picked":"Ghostly Armor","floor":21},{"not_picked":["Body Slam+1","Thunderclap+1"],"picked":"Disarm","floor":23},{"not_picked":["Clash","Cleave"],"picked":"Iron Wave","floor":25},{"not_picked":["Armaments+1","Twin Strike"],"picked":"Reaper","floor":28},{"not_picked":["Whirlwind","Body Slam+1"],"picked":"Pommel Strike","floor":30},{"not_picked":["Body Slam+1","Armaments"],"picked":"Intimidate","floor":31},{"not_picked":["Feed","Double Tap"],"picked":"Bludgeon","floor":33},{"not_picked":["Reckless Charge+1","Clash+1"],"picked":"Clothesline+1","floor":35},{"not_picked":["Pommel Strike","Perfected Strike+1"],"picked":"Burning Pact","floor":38},{"not_picked":["Shrug It Off","Combust"],"picked":"Twin Strike+1","floor":39},{"not_picked":["Cleave+1","Battle Trance+1"],"picked":"Entrench","floor":41},{"not_picked":["Iron Wave","Bloodletting+1"],"picked":"Shockwave+1","floor":44},{"not_picked":["Battle Trance","Iron Wave","Body Slam+1"],"picked":"SKIP","floor":48}],"player_experience":1565,"relics_obtained":[{"floor":7,"key":"Bag of Marbles"},{"floor":9,"key":"Orichalcum"},{"floor":23,"key":"Bottled Tornado"},{"floor":25,"key":"Red Mask"},{"floor":26,"key":"Darkstone Periapt"},{"floor":30,"key":"Self Forming Clay"},{"floor":41,"key":"Centennial Puzzle"},{"floor":43,"key":"Bottled Flame"},{"floor":44,"key":"Letter Opener"}],"event_choices":[{"damage_healed":0,"gold_gain":0,"player_choice":"Donut","damage_taken":0,"max_hp_gain":5,"max_hp_loss":0,"event_name":"Big Fish","floor":2,"gold_loss":0},{"damage_healed":0,"gold_gain":0,"cards_transformed":["Strike_R"],"player_choice":"Change","damage_taken":0,"max_hp_gain":0,"max_hp_loss":0,"event_name":"Living Wall","floor":3,"gold_loss":0,"cards_obtained":["Fire Breathing"]},{"damage_healed":0,"gold_gain":0,"player_choice":"Forge","damage_taken":0,"max_hp_gain":0,"max_hp_loss":0,"event_name":"Accursed Blacksmith","floor":13,"gold_loss":0,"cards_upgraded":["Armaments"]},{"damage_healed":0,"gold_gain":0,"player_choice":"Opened","damage_taken":0,"relics_obtained":["Happy Flower"],"max_hp_gain":0,"max_hp_loss":0,"event_name":"The Mausoleum","floor":22,"gold_loss":0},{"damage_healed":0,"gold_gain":0,"player_choice":"Fought Bandits","damage_taken":0,"max_hp_gain":0,"max_hp_loss":0,"event_name":"Masked Bandits","floor":25,"gold_loss":0},{"damage_healed":0,"gold_gain":0,"cards_transformed":["Strike_R","Strike_R"],"player_choice":"Became Test Subject","damage_taken":0,"max_hp_gain":0,"max_hp_loss":0,"event_name":"Drug Dealer","floor":27,"gold_loss":0,"cards_obtained":["Offering","Rupture"]},{"damage_healed":0,"gold_gain":0,"player_choice":"Max HP","damage_taken":0,"max_hp_gain":0,"max_hp_loss":5,"event_name":"Winding Halls","floor":37,"gold_loss":0},{"cards_removed":["Rupture"],"damage_healed":0,"gold_gain":0,"player_choice":"Removed Power","damage_taken":0,"max_hp_gain":0,"max_hp_loss":0,"event_name":"Falling","floor":42,"gold_loss":0},{"damage_healed":0,"gold_gain":0,"player_choice":"Upgraded Two","damage_taken":0,"max_hp_gain":0,"max_hp_loss":0,"event_name":"Designer","floor":47,"gold_loss":40,"cards_upgraded":["Defend_R","Shrug It Off"]}],"is_beta":false,"boss_relics":[{"not_picked":["Cursed Key","Coffee Dripper"],"picked":"Snecko Eye"},{"not_picked":["Black Star","Lizard Tail"],"picked":"Eternal Feather"}],"items_purged_floors":[20,29],"is_endless":false,"potions_floor_spawned":[1,5,12,18,21,28,33,35,39,48],"ascension_level":0}