{"gold_per_floor":[117,131,206,156,173,173,208,208,264,299,28,28,28,28,28,130,130,147,157,205,205,217,243,243,269,269,269],"floor_reached":27,"playtime":963,"items_purged":["Strike_R"],"score":347,"play_id":"7b4c02f5-d191-4af3-86b7-00954bf14410","local_time":"20190614121340","is_ascension_mode":true,"campfire_choices":[{"data":"Hemokinesis","floor":6,"key":"SMITH"},{"data":"Power Through","floor":8,"key":"SMITH"},{"data":"Bash","floor":12,"key":"SMITH"},{"floor":15,"key":"REST"},{"floor":24,"key":"REST"}],"neow_cost":"NONE","seed_source_timestamp":123747115948549,"circlet_count":0,"master_deck":["Strike_R","Strike_R","Defend_R","Defend_R","Defend_R","Defend_R","Bash+1","Cleave","Rupture","Hemokinesis+1","Power Through+1","Flame Barrier","Limit Break","Heavy Blade","Iron Wave+1","Pummel+1","Disarm","Evolve"],"relics":["Burning Blood","NeowsBlessing","Red Skull","Tiny Chest","Strawberry","Omamori","NlothsMask","Sozu","Vajra","Bronze Scales","Oddly Smooth Stone"],"potions_floor_usage":[10,16,23,23],"damage_taken":[{"damage":0,"enemies":"Cultist","floor":1,"turns":1},{"damage":0,"enemies":"2 Louse","floor":2,"turns":1},{"damage":0,"enemies":"Jaw Worm","floor":5,"turns":1},{"damage":39,"enemies":"3 Sentries","floor":7,"turns":9},{"damage":34,"enemies":"Lagavulin","floor":10,"turns":6},{"damage":22,"enemies":"The Guardian","floor":16,"turns":14},{"damage":32,"enemies":"Shell Parasite","floor":18,"turns":8},{"damage":17,"enemies":"Spheric Guardian","floor":19,"turns":5},{"damage":15,"enemies":"Shelled Parasite and Fungi","floor":22,"turns":4},{"damage":22,"enemies":"Gremlin Leader","floor":23,"turns":4},{"damage":24,"enemies":"Slavers","floor":25,"turns":4},{"damage":24,"enemies":"3 Cultists","floor":27,"turns":3}],"seed_played":"-5995370577178172021","potions_obtained":[{"floor":2,"key":"AttackPotion"},{"floor":5,"key":"Strength Potion"},{"floor":7,"key":"AttackPotion"}],"is_trial":false,"path_per_floor":["M","M","?","?","M","R","E","R","T","E","$","R","$","?","R","B",null,"M","M","T","?","M","E","R","E","T","M"],"character_chosen":"IRONCLAD","items_purchased":["Omamori","Block Potion"],"campfire_rested":2,"item_purchase_floors":[11,11],"current_hp_per_floor":[78,80,69,69,75,75,42,42,42,21,21,21,21,21,47,31,73,47,36,36,36,27,11,37,19,19,0],"gold":269,"neow_bonus":"THREE_ENEMY_KILL","is_prod":false,"is_daily":false,"chose_seed":false,"campfire_upgraded":3,"win_rate":0,"timestamp":1560532420,"path_taken":["M","?","?","?","M","R","E","R","T","E","$","R","?","?","R","BOSS","M","M","?","?","M","E","R","E","T","M"],"build_version":"2019-01-23","purchased_purges":1,"victory":false,"max_hp_per_floor":[80,80,80,80,80,80,80,80,80,87,87,87,87,87,87,87,87,87,87,87,87,87,87,87,87,87,87],"card_choices":[{"not_picked":["Anger","Clash"],"picked":"Cleave","floor":1},{"not_picked":["Havoc","Rupture","Sentinel"],"picked":"SKIP","floor":2},{"not_picked":["Havoc","Sentinel"],"picked":"Rupture","floor":2},{"not_picked":["Body Slam","Flex"],"picked":"Hemokinesis","floor":5},{"not_picked":["Armaments","Havoc"],"picked":"Power Through","floor":7},{"not_picked":["Battle Trance","Clash"],"picked":"Flame Barrier","floor":10},{"not_picked":["Juggernaut","Brutality"],"picked":"Limit Break","floor":16},{"not_picked":["Anger","Warcry+1"],"picked":"Heavy Blade","floor":18},{"not_picked":["Thunderclap","Combust"],"picked":"Iron Wave+1","floor":19},{"not_picked":["Fire Breathing","Iron Wave"],"picked":"Pummel+1","floor":22},{"not_picked":["Exhume","Pummel"],"picked":"Disarm","floor":23},{"not_picked":["Whirlwind","Anger"],"picked":"Evolve","floor":25}],"player_experience":322748,"relics_obtained":[{"floor":7,"key":"Red Skull"},{"floor":9,"key":"Tiny Chest"},{"floor":10,"key":"Strawberry"},{"floor":23,"key":"Vajra"},{"floor":25,"key":"Bronze Scales"},{"floor":26,"key":"Oddly Smooth Stone"}],"event_choices":[{"damage_healed":0,"gold_gain":75,"player_choice":"Gather Gold","damage_taken":11,"max_hp_gain":0,"max_hp_loss":0,"event_name":"World of Goop","floor":3,"gold_loss":0},{"cards_removed":["Strike_R"],"damage_healed":0,"gold_gain":0,"player_choice":"Card Removal","damage_taken":0,"max_hp_gain":0,"max_hp_loss":0,"event_name":"The Cleric","floor":4,"gold_loss":50},{"damage_healed":0,"gold_gain":0,"player_choice":"Trade","damage_taken":0,"relics_obtained":["NlothsMask"],"max_hp_gain":0,"max_hp_loss":0,"event_name":"FaceTrader","floor":14,"gold_loss":0},{"cards_removed":["Strike_R"],"damage_healed":0,"gold_gain":0,"player_choice":"Purged","damage_taken":0,"max_hp_gain":0,"max_hp_loss":0,"event_name":"Purifier","floor":21,"gold_loss":0}],"is_beta":false,"boss_relics":[{"not_picked":["Fusion Hammer","Orrery"],"picked":"Sozu"}],"items_purged_floors":[11],"is_endless":false,"potions_floor_spawned":[2,5,7,22],"killed_by":"3 Cultists","ascension_level":7}