{"gold_per_floor":[112,37,37,37,55,80,105,105,105,121,149,149,168,194,194,267,267,283,62,79,79],"floor_reached":21,"playtime":633,"items_purged":["Strike_R","Strike_R"],"score":389,"play_id":"7dbceda8-87eb-4daa-bbaf-e8ba621357dc","local_time":"20190701231310","is_ascension_mode":true,"campfire_choices":[{"data":"Rupture","floor":8,"key":"SMITH"},{"data":"Whirlwind","floor":12,"key":"SMITH"},{"data":"Spot Weakness","floor":15,"key":"SMITH"}],"neow_cost":"NONE","seed_source_timestamp":293091855133004,"circlet_count":0,"master_deck":["AscendersBane","Strike_R","Strike_R","Defend_R","Defend_R","Defend_R","Defend_R","Bash","Twin Strike","Rupture+1","Cleave","Battle Trance","Whirlwind+1","Spot Weakness+1","Brutality","Rampage","Heavy Blade","Armaments"],"relics":["Burning Blood","NeowsBlessing","Singing Bowl","Blood Vial","Letter Opener","Bottled Flame","Fusion Hammer"],"potions_floor_usage":[11,13,14,16,21],"damage_taken":[{"damage":0,"enemies":"Small Slimes","floor":1,"turns":1},{"damage":0,"enemies":"Jaw Worm","floor":5,"turns":1},{"damage":0,"enemies":"Lagavulin","floor":6,"turns":2},{"damage":6,"enemies":"Cultist","floor":10,"turns":3},{"damage":32,"enemies":"Gremlin Nob","floor":11,"turns":4},{"damage":13,"enemies":"Large Slime","floor":13,"turns":5},{"damage":20,"enemies":"3 Sentries","floor":14,"turns":5},{"damage":45,"enemies":"Slime Boss","floor":16,"turns":8},{"damage":2,"enemies":"3 Byrds","floor":18,"turns":3},{"damage":22,"enemies":"2 Thieves","floor":20,"turns":2},{"damage":55,"enemies":"Snecko","floor":21,"turns":5}],"seed_played":"5909320567791937865","potions_obtained":[{"floor":1,"key":"Energy Potion"},{"floor":10,"key":"Regen Potion"},{"floor":13,"key":"Energy Potion"},{"floor":14,"key":"FearPotion"},{"floor":20,"key":"SkillPotion"}],"is_trial":false,"path_per_floor":["M","$","?","$","M","E","T","R","T","M","E","R","M","E","R","B",null,"M","$","M","M"],"character_chosen":"IRONCLAD","items_purchased":["Heavy Blade","Fruit Juice"],"campfire_rested":0,"item_purchase_floors":[19,19],"current_hp_per_floor":[74,74,67,67,73,75,75,75,75,75,49,49,60,48,48,11,61,67,67,53,0],"gold":79,"neow_bonus":"THREE_ENEMY_KILL","is_prod":false,"is_daily":false,"chose_seed":false,"campfire_upgraded":3,"win_rate":0,"timestamp":1562040790,"path_taken":["M","$","?","$","M","E","?","R","T","M","E","R","M","E","R","BOSS","M","$","M","M"],"build_version":"2019-07-01","purchased_purges":2,"victory":false,"max_hp_per_floor":[75,75,75,75,75,75,75,75,75,75,75,75,77,77,77,77,77,77,77,77,77],"card_choices":[{"not_picked":["Reckless Charge","Evolve"],"picked":"Twin Strike","floor":1},{"not_picked":["Thunderclap","Sever Soul"],"picked":"Rupture","floor":5},{"not_picked":["Clothesline","Armaments"],"picked":"Cleave","floor":6},{"not_picked":["Perfected Strike","Intimidate"],"picked":"Battle Trance","floor":10},{"not_picked":["Dual Wield","Entrench"],"picked":"Whirlwind","floor":11},{"not_picked":["Twin Strike","Havoc","Intimidate"],"picked":"Singing Bowl","floor":13},{"not_picked":["Headbutt","Corruption"],"picked":"Spot Weakness","floor":14},{"not_picked":["Berserk","Exhume"],"picked":"Brutality","floor":16},{"not_picked":["Corruption","Burning Pact"],"picked":"Rampage","floor":18},{"not_picked":["Iron Wave","Body Slam"],"picked":"Armaments","floor":20}],"player_experience":434733,"relics_obtained":[{"floor":6,"key":"Singing Bowl"},{"floor":7,"key":"Blood Vial"},{"floor":11,"key":"Letter Opener"},{"floor":14,"key":"Bottled Flame"}],"event_choices":[{"cards_removed":["Strike_R"],"damage_healed":0,"gold_gain":0,"player_choice":"Card Removal","damage_taken":7,"max_hp_gain":0,"max_hp_loss":0,"event_name":"Golden Wing","floor":3,"gold_loss":0}],"is_beta":false,"boss_relics":[{"not_picked":["White Beast Statue","Calling Bell"],"picked":"Fusion Hammer"}],"items_purged_floors":[2,19],"is_endless":false,"potions_floor_spawned":[1,10,13,14,20],"killed_by":"Snecko","ascension_level":15}