{"gold_per_floor":[111,36,36,36,49,49,109,109,109,109,122,151,168,183,183,183],"floor_reached":16,"playtime":726,"items_purged":["Strike_R"],"score":215,"play_id":"ab3f649f-49dd-49cf-b83e-4fbe00dd765d","local_time":"20190801200201","is_ascension_mode":true,"campfire_choices":[{"data":"Immolate","floor":6,"key":"SMITH"},{"data":"Intimidate","floor":8,"key":"SMITH"},{"data":"Feel No Pain","floor":10,"key":"SMITH"},{"data":"Flame Barrier","floor":15,"key":"SMITH"}],"neow_cost":"CURSE","seed_source_timestamp":865426441383446,"circlet_count":0,"master_deck":["AscendersBane","Strike_R","Strike_R","Strike_R","Defend_R","Defend_R","Defend_R","Defend_R","Bash","Immolate+1","Intimidate+1","Iron Wave","Feel No Pain+1","Pommel Strike","Dual Wield","Corruption","Flame Barrier+1"],"relics":["Burning Blood","Tiny Chest","Self Forming Clay","Gambling Chip"],"potions_floor_usage":[12,14,16],"damage_taken":[{"damage":7,"enemies":"Small Slimes","floor":1,"turns":2},{"damage":0,"enemies":"2 Louse","floor":5,"turns":1},{"damage":32,"enemies":"Gremlin Nob","floor":7,"turns":4},{"damage":3,"enemies":"Cultist","floor":11,"turns":4},{"damage":13,"enemies":"3 Sentries","floor":12,"turns":8},{"damage":13,"enemies":"Red Slaver","floor":13,"turns":4},{"damage":5,"enemies":"Blue Slaver","floor":14,"turns":5},{"damage":47,"enemies":"Slime Boss","floor":16,"turns":13}],"seed_played":"-7347879549109097604","potions_obtained":[{"floor":11,"key":"EntropicBrew"},{"floor":12,"key":"AttackPotion"}],"is_trial":false,"path_per_floor":["M","$","?","?","M","R","E","R","T","R","M","E","M","M","R","B"],"character_chosen":"IRONCLAD","items_purchased":[],"campfire_rested":0,"item_purchase_floors":[],"current_hp_per_floor":[67,67,60,60,66,66,40,40,40,40,43,36,29,42,42,0],"gold":183,"neow_bonus":"THREE_RARE_CARDS","is_prod":false,"is_daily":false,"chose_seed":false,"campfire_upgraded":4,"win_rate":0,"timestamp":1564707721,"path_taken":["M","$","?","?","?","R","E","R","T","R","M","E","M","M","R","BOSS"],"build_version":"2019-07-17","purchased_purges":1,"victory":false,"max_hp_per_floor":[75,75,75,75,75,75,75,75,75,75,75,75,75,75,75,75],"card_choices":[{"not_picked":["Limit Break","Dark Embrace"],"picked":"Immolate","floor":0},{"not_picked":["Carnage","Armaments"],"picked":"Intimidate","floor":1},{"not_picked":["Rupture","Second Wind","Havoc"],"picked":"SKIP","floor":5},{"not_picked":["Spot Weakness","Searing Blow"],"picked":"Feel No Pain","floor":7},{"not_picked":["Sword Boomerang","Havoc"],"picked":"Pommel Strike","floor":11},{"not_picked":["Rupture","Armaments"],"picked":"Dual Wield","floor":12},{"not_picked":["Shrug It Off","Pommel Strike"],"picked":"Corruption","floor":13},{"not_picked":["Cleave","Iron Wave"],"picked":"Flame Barrier","floor":14}],"player_experience":548553,"relics_obtained":[{"floor":7,"key":"Tiny Chest"},{"floor":9,"key":"Self Forming Clay"},{"floor":12,"key":"Gambling Chip"}],"event_choices":[{"cards_removed":["Doubt"],"damage_healed":0,"gold_gain":0,"player_choice":"Card Removal","damage_taken":7,"max_hp_gain":0,"max_hp_loss":0,"event_name":"Golden Wing","floor":3,"gold_loss":0},{"damage_healed":0,"gold_gain":0,"cards_transformed":["Strike_R"],"player_choice":"Transformed","damage_taken":0,"max_hp_gain":0,"max_hp_loss":0,"event_name":"Transmorgrifier","floor":4,"gold_loss":0,"cards_obtained":["Iron Wave"]}],"is_beta":false,"boss_relics":[],"items_purged_floors":[2],"is_endless":false,"potions_floor_spawned":[11,12,13],"killed_by":"Slime Boss","ascension_level":19}