{"gold_per_floor":[111,111,36,46,46,73,73,107,133,144,205,216,245,31,31,108,108,121,13,11,38,58,58],"floor_reached":23,"playtime":826,"items_purged":["Strike_R"],"score":427,"play_id":"94a1af96-ad17-421f-8587-1bb7c2f2ad40","local_time":"20190701202837","is_ascension_mode":true,"campfire_choices":[{"data":"Searing Blow+1","floor":7,"key":"SMITH"},{"floor":15,"key":"REST"}],"neow_cost":"NONE","seed_source_timestamp":283025013321229,"circlet_count":0,"master_deck":["AscendersBane","Strike_R","Strike_R","Strike_R","Defend_R","Defend_R","Defend_R","Defend_R","Bash","Power Through","Searing Blow+2","Corruption","Headbutt","True Grit","Impervious","Rage","Rampage","Impervious","Spot Weakness","Demon Form","Pommel Strike","Inflame","Iron Wave"],"relics":["Burning Blood","NeowsBlessing","Orichalcum","Dream Catcher","Paper Frog","Ancient Tea Set","Tiny Chest","Calipers","Red Skull","Philosopher\u0027s Stone","Lantern"],"potions_floor_usage":[8,8,11,18],"damage_taken":[{"damage":0,"enemies":"Small Slimes","floor":1,"turns":1},{"damage":0,"enemies":"2 Louse","floor":4,"turns":2},{"damage":0,"enemies":"Gremlin Nob","floor":6,"turns":1},{"damage":18,"enemies":"3 Sentries","floor":8,"turns":9},{"damage":8,"enemies":"Jaw Worm","floor":10,"turns":4},{"damage":16,"enemies":"Gremlin Nob","floor":11,"turns":5},{"damage":11,"enemies":"Lots of Slimes","floor":12,"turns":6},{"damage":26,"enemies":"Lagavulin","floor":13,"turns":9},{"damage":32,"enemies":"Slime Boss","floor":16,"turns":6},{"damage":39,"enemies":"3 Byrds","floor":18,"turns":7},{"damage":17,"enemies":"2 Thieves","floor":20,"turns":5},{"damage":16,"enemies":"3 Cultists","floor":22,"turns":6},{"damage":26,"enemies":"Slavers","floor":23,"turns":1}],"seed_played":"5318796278759337205","potions_obtained":[{"floor":4,"key":"Energy Potion"},{"floor":6,"key":"Strength Potion"},{"floor":10,"key":"Block Potion"},{"floor":16,"key":"BloodPotion"}],"is_trial":false,"path_per_floor":["M","?","?","M","?","E","R","E","T","M","E","M","E","$","R","B",null,"M","$","M","T","M","E"],"character_chosen":"IRONCLAD","items_purchased":["Red Skull","Impervious","Inflame"],"campfire_rested":1,"item_purchase_floors":[14,14,19],"current_hp_per_floor":[74,69,69,75,75,75,75,63,63,61,51,46,26,26,48,22,62,47,47,36,36,26,0],"gold":58,"neow_bonus":"THREE_ENEMY_KILL","is_prod":false,"is_daily":false,"chose_seed":false,"campfire_upgraded":1,"win_rate":0,"timestamp":1562030917,"path_taken":["M","?","?","M","?","E","R","E","T","M","E","M","E","$","R","BOSS","M","?","M","?","M","E"],"build_version":"2019-07-01","purchased_purges":1,"victory":false,"max_hp_per_floor":[75,75,75,75,75,75,75,75,75,75,75,75,75,75,75,75,75,75,75,75,75,75,75],"card_choices":[{"not_picked":["Clash","Combust"],"picked":"Power Through","floor":1},{"not_picked":["Clothesline","Headbutt"],"picked":"Searing Blow","floor":4},{"not_picked":["Clothesline","Sword Boomerang"],"picked":"Corruption","floor":6},{"not_picked":["Burning Pact","Warcry"],"picked":"Headbutt","floor":8},{"not_picked":["Warcry","Body Slam"],"picked":"True Grit","floor":10},{"not_picked":["Body Slam","Dual Wield"],"picked":"Impervious","floor":11},{"not_picked":["Anger","Warcry"],"picked":"Rage","floor":12},{"not_picked":["Evolve","Dual Wield"],"picked":"Rampage","floor":13},{"not_picked":["Clash","Dropkick"],"picked":"Spot Weakness","floor":15},{"not_picked":["Berserk","Brutality"],"picked":"Demon Form","floor":16},{"not_picked":["Thunderclap","Warcry+1"],"picked":"Pommel Strike","floor":18},{"not_picked":["Metallicize","Perfected Strike"],"picked":"Iron Wave","floor":20},{"not_picked":["Anger","Evolve","Wild Strike+1"],"picked":"SKIP","floor":22}],"player_experience":432206,"relics_obtained":[{"floor":6,"key":"Dream Catcher"},{"floor":8,"key":"Paper Frog"},{"floor":9,"key":"Ancient Tea Set"},{"floor":11,"key":"Tiny Chest"},{"floor":13,"key":"Calipers"},{"floor":21,"key":"Lantern"}],"event_choices":[{"damage_healed":0,"gold_gain":0,"player_choice":"Success","damage_taken":5,"relics_obtained":["Orichalcum"],"max_hp_gain":0,"max_hp_loss":0,"event_name":"Scrap Ooze","floor":2,"gold_loss":0},{"cards_removed":["Strike_R"],"damage_healed":0,"gold_gain":0,"player_choice":"Card Removal","damage_taken":0,"max_hp_gain":0,"max_hp_loss":0,"event_name":"The Cleric","floor":3,"gold_loss":75},{"damage_healed":0,"gold_gain":0,"player_choice":"Upgraded","damage_taken":0,"max_hp_gain":0,"max_hp_loss":0,"event_name":"Upgrade Shrine","floor":5,"gold_loss":0,"cards_upgraded":["Searing Blow"]}],"is_beta":false,"boss_relics":[{"not_picked":["Tiny House","Calling Bell"],"picked":"Philosopher\u0027s Stone"}],"items_purged_floors":[19],"is_endless":false,"potions_floor_spawned":[4,6,10,16],"killed_by":"Slavers","ascension_level":15}