{"gold_per_floor":[13,29,29,29,44,80,80,144,144,144,183,183,51,87,87,178,178,202,202,218,9,22,22,37,37,37,375,127,127,74,274,274,373,373,397,422,442,28,28,68,68,82,82,41,41,61,61],"floor_reached":47,"playtime":2374,"items_purged":["Writhe"],"score":1077,"play_id":"b5242486-db92-41fe-a8fb-3b0c8f76ca5e","local_time":"20190726234133","is_ascension_mode":true,"campfire_choices":[{"data":"Hemokinesis","floor":7,"key":"SMITH"},{"floor":10,"key":"REST"},{"floor":15,"key":"REST"},{"data":"Entrench","floor":23,"key":"SMITH"},{"data":"Demon Form","floor":25,"key":"SMITH"},{"floor":32,"key":"REST"},{"data":"Heavy Blade","floor":41,"key":"SMITH"}],"neow_cost":"NO_GOLD","seed_source_timestamp":358537315053044,"circlet_count":0,"master_deck":["AscendersBane","Strike_R+1","Strike_R+1","Strike_R+1","Strike_R+1","Strike_R+1","Defend_R+1","Defend_R+1","Defend_R+1","Bash","Shockwave+1","Hemokinesis+1","True Grit+1","Burning Pact","Corruption","Shrug It Off","Feed","Demon Form+1","Shrug It Off+1","True Grit","Entrench+1","Offering","Shrug It Off","Double Tap","Body Slam+1","Heavy Blade+1","Sword Boomerang+1","Whirlwind","Disarm+1"],"relics":["Burning Blood","FossilizedHelix","Golden Idol","Incense Burner","War Paint","Bag of Marbles","Mercury Hourglass","Ancient Tea Set","Singing Bowl","Sozu","Centennial Puzzle","PreservedInsect","Potion Belt","Old Coin","Regal Pillow","Velvet Choker","Red Skull","ClockworkSouvenir","Bronze Scales","Bottled Tornado"],"potions_floor_usage":[6,20,27],"damage_taken":[{"damage":8,"enemies":"2 Louse","floor":1,"turns":3},{"damage":0,"enemies":"Cultist","floor":2,"turns":5},{"damage":1,"enemies":"Small Slimes","floor":5,"turns":4},{"damage":0,"enemies":"Gremlin Nob","floor":6,"turns":4},{"damage":36,"enemies":"3 Sentries","floor":8,"turns":12},{"damage":10,"enemies":"3 Sentries","floor":11,"turns":6},{"damage":9,"enemies":"Lagavulin","floor":14,"turns":6},{"damage":45,"enemies":"The Guardian","floor":16,"turns":12},{"damage":29,"enemies":"Spheric Guardian","floor":18,"turns":6},{"damage":14,"enemies":"2 Thieves","floor":20,"turns":5},{"damage":12,"enemies":"Centurion and Healer","floor":22,"turns":6},{"damage":1,"enemies":"Chosen and Byrds","floor":24,"turns":6},{"damage":26,"enemies":"Slavers","floor":27,"turns":6},{"damage":53,"enemies":"Champ","floor":33,"turns":18},{"damage":2,"enemies":"Orb Walker","floor":35,"turns":4},{"damage":49,"enemies":"3 Darklings","floor":36,"turns":6},{"damage":9,"enemies":"Spire Growth","floor":37,"turns":5},{"damage":17,"enemies":"Giant Head","floor":40,"turns":5},{"damage":1,"enemies":"Transient","floor":42,"turns":6},{"damage":27,"enemies":"Writhing Mass","floor":46,"turns":3},{"damage":39,"enemies":"Nemesis","floor":47,"turns":4}],"seed_played":"2498934494615624189","potions_obtained":[{"floor":2,"key":"Energy Potion"},{"floor":5,"key":"Ancient Potion"},{"floor":8,"key":"SmokeBomb"},{"floor":14,"key":"Explosive Potion"}],"is_trial":false,"path_per_floor":["M","M","?","?","M","E","R","?","T","R","E","?","$","E","R","B",null,"M","?","M","$","M","R","M","R","T","E","$","?","$","?","R","B",null,"M","M","M","$","?","E","R","M","T","$","?","M","E"],"character_chosen":"IRONCLAD","items_purchased":["Corruption","Shrug It Off","PreservedInsect","True Grit","Regal Pillow","Shrug It Off","Red Skull","Heavy Blade","ClockworkSouvenir","Whirlwind"],"campfire_rested":3,"item_purchase_floors":[13,13,21,21,28,30,38,38,38,44],"current_hp_per_floor":[66,72,46,41,46,52,52,22,22,44,40,40,40,37,59,20,61,41,41,38,38,35,35,45,45,45,25,25,25,25,25,67,20,73,82,42,44,44,46,35,35,42,42,42,42,24,0],"gold":61,"neow_bonus":"ONE_RARE_RELIC","is_prod":false,"is_daily":false,"chose_seed":false,"campfire_upgraded":4,"win_rate":0,"timestamp":1564202493,"path_taken":["M","M","?","?","M","E","R","?","T","R","E","?","$","E","R","BOSS","M","?","M","$","M","R","M","R","T","E","$","?","?","?","R","BOSS","M","?","M","$","?","E","R","M","T","$","?","M","E"],"build_version":"2019-07-17","purchased_purges":1,"victory":false,"max_hp_per_floor":[75,75,75,75,75,75,75,75,75,75,75,75,75,75,75,75,75,78,78,83,83,86,86,91,91,91,91,91,91,91,91,91,91,91,96,99,104,104,106,106,106,108,108,108,108,111,111],"card_choices":[{"not_picked":["Wild Strike","Iron Wave"],"picked":"Shockwave","floor":1},{"not_picked":["Perfected Strike","Havoc","Body Slam"],"picked":"SKIP","floor":2},{"not_picked":["Warcry","Thunderclap","Clash"],"picked":"SKIP","floor":5},{"not_picked":["Metallicize","Infernal Blade"],"picked":"Hemokinesis","floor":6},{"not_picked":["Warcry","Cleave"],"picked":"True Grit","floor":8},{"not_picked":["Iron Wave","Clash"],"picked":"Burning Pact","floor":11},{"not_picked":["Shrug It Off","Headbutt"],"picked":"Feed","floor":14},{"not_picked":["Juggernaut","Double Tap"],"picked":"Demon Form","floor":16},{"not_picked":["Dual Wield","Sever Soul+1"],"picked":"Shrug It Off+1","floor":18},{"not_picked":["Flex","Havoc","Anger"],"picked":"Singing Bowl","floor":20},{"not_picked":["Ghostly Armor","Headbutt"],"picked":"Entrench","floor":22},{"not_picked":["Intimidate","Iron Wave","Clothesline"],"picked":"Singing Bowl","floor":24},{"not_picked":["Fire Breathing","Clothesline"],"picked":"Offering","floor":27},{"not_picked":["Juggernaut","Feed"],"picked":"Double Tap","floor":33},{"not_picked":["Searing Blow","Armaments","Uppercut+1"],"picked":"Singing Bowl","floor":35},{"not_picked":["Sword Boomerang","Pommel Strike"],"picked":"Body Slam+1","floor":36},{"not_picked":["Sentinel","Dropkick","Sword Boomerang"],"picked":"Singing Bowl","floor":37},{"not_picked":["Mayhem","Enlightenment","Dramatic Entrance"],"picked":"Singing Bowl","floor":39},{"not_picked":["Seeing Red+1","Wild Strike"],"picked":"Sword Boomerang+1","floor":40},{"not_picked":["Clash","Anger+1","Armaments"],"picked":"Singing Bowl","floor":42},{"not_picked":["Uppercut","Headbutt"],"picked":"Disarm+1","floor":46}],"player_experience":540832,"relics_obtained":[{"floor":6,"key":"War Paint"},{"floor":8,"key":"Bag of Marbles"},{"floor":9,"key":"Mercury Hourglass"},{"floor":11,"key":"Ancient Tea Set"},{"floor":14,"key":"Singing Bowl"},{"floor":26,"key":"Potion Belt"},{"floor":27,"key":"Old Coin"},{"floor":40,"key":"Bronze Scales"},{"floor":43,"key":"Bottled Tornado"}],"event_choices":[{"damage_healed":0,"gold_gain":0,"player_choice":"Take Damage","damage_taken":26,"relics_obtained":["Golden Idol"],"max_hp_gain":0,"max_hp_loss":0,"event_name":"Golden Idol","floor":3,"gold_loss":0},{"damage_healed":0,"gold_gain":0,"player_choice":"Success","damage_taken":5,"relics_obtained":["Incense Burner"],"max_hp_gain":0,"max_hp_loss":0,"event_name":"Scrap Ooze","floor":4,"gold_loss":0},{"damage_healed":0,"gold_gain":30,"player_choice":"Searched \u00272\u0027 times","damage_taken":0,"max_hp_gain":0,"max_hp_loss":0,"event_name":"Dead Adventurer","floor":8,"gold_loss":0},{"damage_healed":0,"gold_gain":0,"player_choice":"Upgraded","damage_taken":0,"max_hp_gain":0,"max_hp_loss":0,"event_name":"Upgrade Shrine","floor":12,"gold_loss":0,"cards_upgraded":["True Grit"]},{"damage_healed":0,"gold_gain":0,"player_choice":"Opened","damage_taken":0,"relics_obtained":["Centennial Puzzle"],"max_hp_gain":0,"max_hp_loss":0,"event_name":"The Mausoleum","floor":19,"gold_loss":0,"cards_obtained":["Writhe"]},{"damage_healed":0,"gold_gain":0,"player_choice":"Simplicity","damage_taken":0,"max_hp_gain":0,"max_hp_loss":0,"event_name":"Back to Basics","floor":29,"gold_loss":0,"cards_upgraded":["Strike_R","Strike_R","Strike_R","Strike_R","Strike_R","Defend_R","Defend_R","Defend_R"]},{"damage_healed":0,"gold_gain":200,"player_choice":"Gold","damage_taken":0,"max_hp_gain":0,"max_hp_loss":0,"event_name":"Wheel of Change","floor":31,"gold_loss":0},{"damage_healed":0,"gold_gain":0,"player_choice":"Memory 1","damage_taken":0,"max_hp_gain":0,"max_hp_loss":0,"event_name":"SensoryStone","floor":39,"gold_loss":0},{"cards_removed":["Defend_R"],"damage_healed":0,"gold_gain":0,"player_choice":"Removed Skill","damage_taken":0,"max_hp_gain":0,"max_hp_loss":0,"event_name":"Falling","floor":45,"gold_loss":0}],"is_beta":false,"boss_relics":[{"not_picked":["Coffee Dripper","Orrery"],"picked":"Sozu"},{"not_picked":["Calling Bell","Runic Cube"],"picked":"Velvet Choker"}],"items_purged_floors":[28],"is_endless":false,"potions_floor_spawned":[2,5,8,14,20,27,35,37,40,46],"killed_by":"Nemesis","ascension_level":19}