{"gold_per_floor":[11,11,24,24,36,36,96,96,123,141,172,172,182,195,195,296,296,315,315,29,40,54,54,80,80,128,153,165],"floor_reached":28,"playtime":1547,"items_purged":["Strike_B"],"score":440,"play_id":"d86e5cf9-6913-495e-876c-90512444820c","local_time":"20190728210812","is_ascension_mode":true,"campfire_choices":[{"data":"Zap","floor":6,"key":"SMITH"},{"data":"Redo","floor":8,"key":"SMITH"},{"data":"Buffer","floor":12,"key":"SMITH"},{"data":"Dualcast","floor":15,"key":"SMITH"},{"data":"Heatsinks","floor":23,"key":"SMITH"}],"neow_cost":"NO_GOLD","seed_source_timestamp":1554530294353800,"circlet_count":0,"master_deck":["AscendersBane","Defend_B","Defend_B","Defend_B","Defend_B","Zap+1","Dualcast+1","Bandage Up","Trip","White Noise","Redo+1","Leap","FTL","Go for the Eyes","Ball Lightning","Buffer+1","Scrape","Rebound","Echo Form","Heatsinks+1","Force Field","Seek","Darkness","Heatsinks+1","Reprogram","Hyperbeam"],"relics":["Cracked Core","Tiny Chest","DataDisk","Mango","Busted Crown","Singing Bowl","Regal Pillow","Ancient Tea Set","MawBank"],"potions_floor_usage":[7,7,24,28],"damage_taken":[{"damage":2,"enemies":"Jaw Worm","floor":1,"turns":3},{"damage":6,"enemies":"2 Louse","floor":3,"turns":2},{"damage":0,"enemies":"Cultist","floor":5,"turns":3},{"damage":14,"enemies":"Gremlin Nob","floor":7,"turns":3},{"damage":4,"enemies":"3 Louse","floor":10,"turns":4},{"damage":26,"enemies":"Lagavulin","floor":11,"turns":6},{"damage":6,"enemies":"2 Fungi Beasts","floor":13,"turns":3},{"damage":0,"enemies":"Looter","floor":14,"turns":3},{"damage":37,"enemies":"The Guardian","floor":16,"turns":9},{"damage":12,"enemies":"Chosen","floor":18,"turns":3},{"damage":10,"enemies":"Shell Parasite","floor":21,"turns":5},{"damage":8,"enemies":"3 Cultists","floor":22,"turns":4},{"damage":23,"enemies":"Book of Stabbing","floor":24,"turns":5},{"damage":39,"enemies":"Slavers","floor":27,"turns":3},{"damage":20,"enemies":"Snake Plant","floor":28,"turns":3}],"seed_played":"-3754488138386644280","potions_obtained":[{"floor":3,"key":"Poison Potion"},{"floor":5,"key":"EssenceOfSteel"},{"floor":7,"key":"Fruit Juice"},{"floor":10,"key":"Weak Potion"},{"floor":13,"key":"SkillPotion"},{"floor":27,"key":"AttackPotion"}],"is_trial":false,"path_per_floor":["M","?","M","?","M","R","E","R","T","M","E","R","M","M","R","B",null,"M","?","$","M","M","R","E","?","T","E","M"],"character_chosen":"DEFECT","items_purchased":["Heatsinks","Force Field","Seek"],"campfire_rested":0,"item_purchase_floors":[20,20,20],"current_hp_per_floor":[70,70,64,69,73,73,68,68,68,68,60,60,54,54,54,21,80,76,76,76,72,68,68,49,49,49,16,0],"gold":165,"neow_bonus":"RANDOM_COLORLESS_2","is_prod":false,"is_daily":false,"chose_seed":false,"campfire_upgraded":5,"win_rate":0,"timestamp":1564369692,"path_taken":["M","?","M","?","M","R","E","R","T","M","E","R","M","?","R","BOSS","M","?","$","?","M","R","E","?","T","E","M"],"build_version":"2019-07-18","purchased_purges":1,"victory":false,"max_hp_per_floor":[75,75,75,80,80,80,85,85,85,85,99,99,99,99,99,99,99,99,99,99,101,101,101,101,101,101,103,103],"card_choices":[{"not_picked":["Turbo","Tempest"],"picked":"White Noise","floor":1},{"not_picked":["Turbo","Skim"],"picked":"Leap","floor":3},{"not_picked":["Steam","Aggregate"],"picked":"FTL","floor":5},{"not_picked":["Doom and Gloom","Steam"],"picked":"Go for the Eyes","floor":7},{"not_picked":["Streamline","Glacier"],"picked":"Ball Lightning","floor":10},{"not_picked":["Streamline","Steam"],"picked":"Buffer","floor":11},{"not_picked":["Compile Driver","Barrage"],"picked":"Scrape","floor":13},{"not_picked":["Compile Driver","Stack"],"picked":"Rebound","floor":14},{"not_picked":["Fission","Seek"],"picked":"Echo Form","floor":16},{"not_picked":["Gash"],"picked":"SKIP","floor":18},{"not_picked":["Rebound+1"],"picked":"Singing Bowl","floor":21},{"not_picked":[],"picked":"Darkness","floor":22},{"not_picked":[],"picked":"Heatsinks+1","floor":24},{"not_picked":["Coolheaded"],"picked":"Singing Bowl","floor":27}],"player_experience":415093,"relics_obtained":[{"floor":7,"key":"Tiny Chest"},{"floor":9,"key":"DataDisk"},{"floor":11,"key":"Mango"},{"floor":24,"key":"Regal Pillow"},{"floor":26,"key":"Ancient Tea Set"},{"floor":27,"key":"MawBank"}],"event_choices":[{"damage_healed":0,"gold_gain":0,"cards_transformed":["Strike_B"],"player_choice":"Change","damage_taken":0,"max_hp_gain":0,"max_hp_loss":0,"event_name":"Living Wall","floor":2,"gold_loss":0,"cards_obtained":["Redo"]},{"damage_healed":0,"gold_gain":0,"player_choice":"Donut","damage_taken":0,"max_hp_gain":5,"max_hp_loss":0,"event_name":"Big Fish","floor":4,"gold_loss":0},{"damage_healed":0,"gold_gain":0,"player_choice":"Gave Potion","damage_taken":0,"relics_obtained":["Singing Bowl"],"max_hp_gain":0,"max_hp_loss":0,"event_name":"WeMeetAgain","floor":19,"gold_loss":0},{"damage_healed":0,"gold_gain":0,"cards_transformed":["Strike_B","Strike_B"],"player_choice":"Became Test Subject","damage_taken":0,"max_hp_gain":0,"max_hp_loss":0,"event_name":"Drug Dealer","floor":25,"gold_loss":0,"cards_obtained":["Reprogram","Hyperbeam"]}],"is_beta":true,"boss_relics":[{"not_picked":["Coffee Dripper","Eternal Feather"],"picked":"Busted Crown"}],"items_purged_floors":[20],"is_endless":false,"potions_floor_spawned":[3,5,7,10,13,18,27],"killed_by":"Snake Plant","ascension_level":11}