{"gold_per_floor":[115,134,134,134,16,46,46,61,61,80,80,97,97,121,121,222,222,240,254,254],"floor_reached":20,"playtime":750,"items_purged":[],"score":289,"play_id":"c2c849e5-97d2-4400-bb81-a6b1fc902695","local_time":"20190621221458","is_ascension_mode":true,"campfire_choices":[{"data":"Whirlwind","floor":7,"key":"SMITH"},{"data":"Uppercut","floor":11,"key":"SMITH"},{"data":"Spot Weakness","floor":13,"key":"SMITH"},{"data":"Inflame","floor":15,"key":"SMITH"}],"neow_cost":"NONE","seed_source_timestamp":182735615659954,"circlet_count":0,"master_deck":["Strike_R","Strike_R+1","Strike_R+1","Strike_R","Strike_R+1","Defend_R","Defend_R","Defend_R","Defend_R","Bash+1","Whirlwind+1","Armaments","Inflame+1","Spot Weakness+1","Corruption","Uppercut+1","Shrug It Off","Reaper","Intimidate","True Grit"],"relics":["Burning Blood","NeowsBlessing","Blue Candle","Meat on the Bone","Whetstone","Bag of Preparation","Eternal Feather"],"potions_floor_usage":[16,19,20],"damage_taken":[{"damage":0,"enemies":"2 Louse","floor":1,"turns":1},{"damage":0,"enemies":"Jaw Worm","floor":2,"turns":1},{"damage":0,"enemies":"Lagavulin","floor":6,"turns":1},{"damage":1,"enemies":"Cultist","floor":8,"turns":3},{"damage":5,"enemies":"Gremlin Gang","floor":10,"turns":3},{"damage":0,"enemies":"Large Slime","floor":12,"turns":4},{"damage":47,"enemies":"The Guardian","floor":16,"turns":15},{"damage":49,"enemies":"Shell Parasite","floor":18,"turns":10},{"damage":36,"enemies":"Spheric Guardian","floor":19,"turns":6},{"damage":30,"enemies":"Snake Plant","floor":20,"turns":4}],"seed_played":"-535952460105235374","potions_obtained":[{"floor":2,"key":"Block Potion"},{"floor":8,"key":"Block Potion"},{"floor":12,"key":"SteroidPotion"}],"is_trial":false,"path_per_floor":["M","M","?","?","$","E","R","M","T","M","R","M","R","T","R","B",null,"M","M","M"],"character_chosen":"IRONCLAD","items_purchased":["Inflame","PowerPotion"],"campfire_rested":0,"item_purchase_floors":[5,5],"current_hp_per_floor":[78,80,64,57,57,63,63,68,68,69,69,75,75,75,75,46,72,43,25,0],"gold":254,"neow_bonus":"THREE_ENEMY_KILL","is_prod":false,"is_daily":false,"chose_seed":false,"campfire_upgraded":4,"win_rate":0,"timestamp":1561173298,"path_taken":["M","M","?","?","$","E","R","M","T","M","R","M","R","?","R","BOSS","M","M","M"],"build_version":"2019-01-23","purchased_purges":0,"victory":false,"max_hp_per_floor":[80,80,80,80,80,80,80,80,80,80,80,80,80,80,80,80,80,80,80,80],"card_choices":[{"not_picked":["True Grit","Twin Strike"],"picked":"Whirlwind","floor":1},{"not_picked":["Corruption","Dual Wield"],"picked":"Armaments","floor":2},{"not_picked":["Havoc","Thunderclap"],"picked":"Spot Weakness","floor":6},{"not_picked":["Havoc","Cleave"],"picked":"Corruption","floor":8},{"not_picked":["Pommel Strike","Thunderclap"],"picked":"Uppercut","floor":10},{"not_picked":["Body Slam","Double Tap"],"picked":"Shrug It Off","floor":12},{"not_picked":["Barricade","Impervious"],"picked":"Reaper","floor":16},{"not_picked":["Wild Strike","Thunderclap"],"picked":"Intimidate","floor":18},{"not_picked":["Armaments","Twin Strike"],"picked":"True Grit","floor":19}],"player_experience":359814,"relics_obtained":[{"floor":6,"key":"Meat on the Bone"},{"floor":9,"key":"Whetstone"},{"floor":14,"key":"Bag of Preparation"}],"event_choices":[{"damage_healed":0,"gold_gain":0,"player_choice":"Entered Light","damage_taken":16,"max_hp_gain":0,"max_hp_loss":0,"event_name":"Shining Light","floor":3,"gold_loss":0,"cards_upgraded":["Strike_R","Strike_R"]},{"damage_healed":0,"gold_gain":0,"player_choice":"Success","damage_taken":7,"relics_obtained":["Blue Candle"],"max_hp_gain":0,"max_hp_loss":0,"event_name":"Scrap Ooze","floor":4,"gold_loss":0}],"is_beta":false,"boss_relics":[{"not_picked":["Busted Crown","Runic Dome"],"picked":"Eternal Feather"}],"items_purged_floors":[],"is_endless":false,"potions_floor_spawned":[2,8,12],"killed_by":"Snake Plant","ascension_level":9}