{"gold_per_floor":[115,115,190,211,74,74,107,128,128,128,147,163,163,207,207,207],"floor_reached":16,"playtime":387,"items_purged":[],"score":250,"play_id":"4b6513c0-98b8-44ff-a31a-99e531f0b43d","local_time":"20190731210857","is_ascension_mode":true,"campfire_choices":[{"data":"White Noise","floor":6,"key":"SMITH"},{"data":"Zap","floor":10,"key":"SMITH"},{"floor":15,"key":"REST"}],"neow_cost":"NONE","seed_source_timestamp":780240519072300,"circlet_count":0,"master_deck":["AscendersBane","Strike_B","Strike_B","Strike_B","Strike_B","Defend_B","Defend_B","Defend_B","Defend_B","Zap+1","Dualcast","White Noise+1","Stack","Leap","Biased Cognition"],"relics":["Cracked Core","NeowsBlessing","Golden Idol","Tiny Chest","Meat on the Bone","PreservedInsect","Anchor"],"potions_floor_usage":[12],"damage_taken":[{"damage":0,"enemies":"Small Slimes","floor":1,"turns":1},{"damage":0,"enemies":"Jaw Worm","floor":4,"turns":1},{"damage":0,"enemies":"Gremlin Nob","floor":7,"turns":1},{"damage":1,"enemies":"Cultist","floor":8,"turns":3},{"damage":13,"enemies":"Blue Slaver","floor":11,"turns":4},{"damage":0,"enemies":"Lots of Slimes","floor":12,"turns":6},{"damage":30,"enemies":"3 Sentries","floor":14,"turns":9},{"damage":34,"enemies":"The Guardian","floor":16,"turns":5}],"seed_played":"-6091560128383614607","potions_obtained":[{"floor":4,"key":"SkillPotion"},{"floor":7,"key":"FearPotion"}],"is_trial":false,"path_per_floor":["M","?","?","M","$","R","E","M","T","R","M","M","$","E","R","B"],"character_chosen":"DEFECT","items_purchased":["Tiny Chest"],"campfire_rested":1,"item_purchase_floors":[5],"current_hp_per_floor":[64,64,53,53,53,53,53,52,52,52,39,39,39,21,40,6],"gold":207,"neow_bonus":"THREE_ENEMY_KILL","is_prod":false,"is_daily":false,"chose_seed":false,"campfire_upgraded":2,"win_rate":0,"timestamp":1564600137,"path_taken":["M","?","?","M","$","R","E","M","T","R","M","M","$","E","R","BOSS"],"build_version":"2019-07-17","purchased_purges":0,"victory":false,"max_hp_per_floor":[71,64,64,64,64,64,64,64,64,64,64,64,64,64,64,64],"card_choices":[{"not_picked":["Streamline","Steam","Steam Power"],"picked":"SKIP","floor":1},{"not_picked":["Barrage","Gash"],"picked":"White Noise","floor":4},{"not_picked":["Turbo","Rebound","Coolheaded"],"picked":"SKIP","floor":7},{"not_picked":["Sweeping Beam","Reprogram"],"picked":"Stack","floor":8},{"not_picked":["Static Discharge","Amplify","Go for the Eyes"],"picked":"SKIP","floor":11},{"not_picked":["Cold Snap","Reinforced Body"],"picked":"Leap","floor":12},{"not_picked":["Steam Power","Rebound"],"picked":"Biased Cognition","floor":14}],"player_experience":385126,"relics_obtained":[{"floor":7,"key":"Meat on the Bone"},{"floor":9,"key":"PreservedInsect"},{"floor":14,"key":"Anchor"}],"event_choices":[{"damage_healed":0,"gold_gain":0,"player_choice":"Lose Max HP","damage_taken":0,"relics_obtained":["Golden Idol"],"max_hp_gain":0,"max_hp_loss":7,"event_name":"Golden Idol","floor":2,"gold_loss":0},{"damage_healed":0,"gold_gain":75,"player_choice":"Gather Gold","damage_taken":11,"max_hp_gain":0,"max_hp_loss":0,"event_name":"World of Goop","floor":3,"gold_loss":0}],"is_beta":false,"boss_relics":[],"items_purged_floors":[],"is_endless":false,"potions_floor_spawned":[4,7,8,11],"killed_by":"The Guardian","ascension_level":17}