{"gold_per_floor":[110,62,72,147,147,147,174,174,225,225,241,265,281,297,297,428,428,449,470,72,72,26,26,49,62,62,62,62,82,106,121,121,247,247,262,562,585,26,47,47,47,47,47,68,81,81,100,119,119,119],"floor_reached":50,"playtime":6492,"items_purged":["Injury","Strike_R"],"score":550,"play_id":"e2b6167d-3f6c-440b-898b-ab13c67e8df1","local_time":"20190803020404","is_ascension_mode":false,"campfire_choices":[{"floor":6,"key":"REST"},{"floor":10,"key":"REST"},{"data":"Anger","floor":15,"key":"SMITH"},{"data":"Iron Wave","floor":23,"key":"SMITH"},{"floor":28,"key":"REST"},{"floor":32,"key":"REST"},{"floor":40,"key":"REST"},{"floor":46,"key":"REST"},{"floor":49,"key":"REST"}],"neow_cost":"NONE","seed_source_timestamp":107266023234400,"circlet_count":0,"master_deck":["Strike_R","Strike_R","Strike_R","Defend_R+1","Defend_R","Defend_R","Defend_R","Bash","Madness","Armaments","Shrug It Off","Anger+1","Cleave","Pommel Strike","Iron Wave+1","Pummel","True Grit","Whirlwind","Impervious","Rage+1","Seeing Red","Feel No Pain","Shrug It Off+1","Anger","Anger+1","Heavy Blade","Flex","Body Slam","Thunderclap+1","Shrug It Off","Headbutt","Inflame+1","Limit Break","Anger","Iron Wave","Discovery","Whirlwind","Armaments+1","Bandage Up","Pommel Strike+1","Rupture+1","Carnage","Parasite","Shrug It Off","Sword Boomerang+1"],"relics":["Burning Blood","Orichalcum","Golden Idol","Dream Catcher","Runic Pyramid","MealTicket","MutagenicStrength","War Paint","Black Star","Strange Spoon","Happy Flower","Ancient Tea Set"],"potions_floor_usage":[16,25,33,33,39,39,39,47,48,48],"damage_taken":[{"damage":13,"enemies":"Jaw Worm","floor":1,"turns":4},{"damage":9,"enemies":"2 Louse","floor":3,"turns":3},{"damage":29,"enemies":"3 Sentries","floor":7,"turns":11},{"damage":2,"enemies":"Small Slimes","floor":11,"turns":3},{"damage":14,"enemies":"Exordium Wildlife","floor":12,"turns":7},{"damage":7,"enemies":"Red Slaver","floor":13,"turns":4},{"damage":8,"enemies":"Large Slime","floor":14,"turns":6},{"damage":62,"enemies":"Hexaghost","floor":16,"turns":12},{"damage":25,"enemies":"Spheric Guardian","floor":18,"turns":9},{"damage":7,"enemies":"Shell Parasite","floor":19,"turns":8},{"damage":20,"enemies":"Cultist and Chosen","floor":24,"turns":9},{"damage":15,"enemies":"Shelled Parasite and Fungi","floor":25,"turns":7},{"damage":20,"enemies":"Sentry and Sphere","floor":29,"turns":6},{"damage":15,"enemies":"Snake Plant","floor":30,"turns":5},{"damage":17,"enemies":"Centurion and Healer","floor":31,"turns":10},{"damage":57,"enemies":"Automaton","floor":33,"turns":14},{"damage":14,"enemies":"Orb Walker","floor":35,"turns":4},{"damage":51,"enemies":"3 Darklings","floor":37,"turns":9},{"damage":33,"enemies":"Sphere and 2 Shapes","floor":39,"turns":6},{"damage":51,"enemies":"4 Shapes","floor":44,"turns":3},{"damage":8,"enemies":"3 Darklings","floor":45,"turns":9},{"damage":36,"enemies":"Writhing Mass","floor":47,"turns":6},{"damage":10,"enemies":"Jaw Worm Horde","floor":48,"turns":6},{"damage":41,"enemies":"Donu and Deca","floor":50,"turns":4}],"seed_played":"8754379891389356720","potions_obtained":[{"floor":3,"key":"Fire Potion"},{"floor":12,"key":"SpeedPotion"},{"floor":16,"key":"SpeedPotion"},{"floor":24,"key":"LiquidBronze"},{"floor":25,"key":"SkillPotion"},{"floor":29,"key":"Regen Potion"},{"floor":33,"key":"Strength Potion"},{"floor":35,"key":"Explosive Potion"},{"floor":44,"key":"Energy Potion"},{"floor":45,"key":"Swift Potion"},{"floor":47,"key":"Weak Potion"}],"is_trial":false,"path_per_floor":["M","$","M","?","?","R","E","?","T","R","M","M","M","M","R","B",null,"M","M","$","?","$","R","M","M","T","?","R","M","M","M","R","B",null,"M","?","M","$","M","R","?","$","T","M","M","R","M","M","R","B"],"character_chosen":"IRONCLAD","items_purchased":["Shrug It Off","Feel No Pain","Shrug It Off","MealTicket","Anger","Iron Wave","Discovery","Strange Spoon","Happy Flower"],"campfire_rested":7,"item_purchase_floors":[2,20,20,20,22,38,38,38,38],"current_hp_per_floor":[73,73,70,59,52,76,53,53,53,77,80,72,71,69,69,13,80,61,60,60,60,75,75,61,52,52,52,76,62,53,42,66,30,80,72,72,27,42,15,39,39,54,54,9,15,39,9,9,33,0],"gold":119,"neow_bonus":"RANDOM_COLORLESS","is_prod":false,"is_daily":false,"chose_seed":false,"campfire_upgraded":2,"win_rate":0.0,"timestamp":1564790644,"path_taken":["M","$","M","?","?","R","E","?","T","R","M","M","M","?","R","BOSS","M","M","$","?","$","R","M","M","T","?","R","M","?","M","R","BOSS","M","?","M","$","?","R","?","$","T","M","M","R","M","M","R","BOSS"],"build_version":"2019-07-17","purchased_purges":2,"victory":false,"max_hp_per_floor":[80,80,80,80,80,80,80,80,80,80,80,80,80,80,80,80,80,80,80,80,80,80,80,80,80,80,80,80,80,80,80,80,80,80,80,80,80,80,80,80,80,80,80,80,80,80,80,80,80,80],"card_choices":[{"not_picked":["Flex","Uppercut"],"picked":"Armaments","floor":1},{"not_picked":["Disarm","Armaments"],"picked":"Anger","floor":3},{"not_picked":["Body Slam","Perfected Strike"],"picked":"Cleave","floor":7},{"not_picked":["Inflame","Twin Strike"],"picked":"Pommel Strike","floor":10},{"not_picked":["Anger","Rage"],"picked":"Iron Wave","floor":11},{"not_picked":["Battle Trance","Power Through"],"picked":"Pummel","floor":12},{"not_picked":["Entrench","Corruption"],"picked":"True Grit","floor":13},{"not_picked":["Limit Break","Perfected Strike"],"picked":"Whirlwind","floor":14},{"not_picked":["Berserk","Limit Break"],"picked":"Impervious","floor":16},{"not_picked":["Spot Weakness","Headbutt"],"picked":"Rage+1","floor":18},{"not_picked":["Thunderclap","True Grit+1"],"picked":"Seeing Red","floor":19},{"not_picked":["Combust","True Grit+1"],"picked":"Anger+1","floor":24},{"not_picked":["Cleave","Thunderclap"],"picked":"Heavy Blade","floor":25},{"not_picked":["True Grit+1","Cleave"],"picked":"Body Slam","floor":28},{"not_picked":["Warcry","Entrench"],"picked":"Thunderclap+1","floor":29},{"not_picked":["Clash","Corruption"],"picked":"Shrug It Off","floor":30},{"not_picked":["Thunderclap+1","Battle Trance"],"picked":"Headbutt","floor":31},{"not_picked":["Dark Embrace","Heavy Blade"],"picked":"Inflame+1","floor":32},{"not_picked":["Demon Form","Brutality"],"picked":"Limit Break","floor":33},{"not_picked":["Uppercut","Searing Blow"],"picked":"Anger","floor":35},{"not_picked":["Anger","Disarm+1","Warcry+1"],"picked":"SKIP","floor":37},{"not_picked":["Heavy Blade+1","Second Wind+1"],"picked":"Whirlwind","floor":39},{"not_picked":["Pummel+1","Sword Boomerang+1"],"picked":"Armaments+1","floor":40},{"not_picked":["Jack Of All Trades","Purity"],"picked":"Bandage Up","floor":41},{"not_picked":["Carnage","Anger"],"picked":"Pommel Strike+1","floor":44},{"not_picked":["Sword Boomerang","Anger+1"],"picked":"Rupture+1","floor":45},{"not_picked":["Thunderclap","Heavy Blade"],"picked":"Carnage","floor":46},{"not_picked":["Power Through","Battle Trance+1","Sword Boomerang"],"picked":"SKIP","floor":47},{"not_picked":["Armaments","Clothesline+1"],"picked":"Shrug It Off","floor":48},{"not_picked":["Inflame+1","Searing Blow"],"picked":"Sword Boomerang+1","floor":49}],"player_experience":5082,"relics_obtained":[{"floor":7,"key":"Orichalcum"},{"floor":9,"key":"Dream Catcher"},{"floor":26,"key":"War Paint"},{"floor":43,"key":"Ancient Tea Set"}],"event_choices":[{"damage_healed":0,"gold_gain":75,"player_choice":"Gather Gold","damage_taken":11,"max_hp_gain":0,"max_hp_loss":0,"event_name":"World of Goop","floor":4,"gold_loss":0},{"cards_removed":["Strike_R"],"damage_healed":0,"gold_gain":0,"player_choice":"Card Removal","damage_taken":7,"max_hp_gain":0,"max_hp_loss":0,"event_name":"Golden Wing","floor":5,"gold_loss":0},{"damage_healed":0,"gold_gain":0,"player_choice":"Take Wound","damage_taken":0,"relics_obtained":["Golden Idol"],"max_hp_gain":0,"max_hp_loss":0,"event_name":"Golden Idol","floor":8,"gold_loss":0,"cards_obtained":["Injury"]},{"damage_healed":0,"gold_gain":0,"player_choice":"Inject Mutagens","damage_taken":0,"relics_obtained":["MutagenicStrength"],"max_hp_gain":0,"max_hp_loss":0,"event_name":"Drug Dealer","floor":21,"gold_loss":0},{"damage_healed":0,"gold_gain":0,"player_choice":"1 cards matched","damage_taken":0,"max_hp_gain":0,"max_hp_loss":0,"event_name":"Match and Keep!","floor":27,"gold_loss":0,"cards_obtained":["Flex"]},{"damage_healed":0,"gold_gain":300,"player_choice":"Gold","damage_taken":0,"max_hp_gain":0,"max_hp_loss":0,"event_name":"Wheel of Change","floor":36,"gold_loss":0},{"damage_healed":0,"gold_gain":0,"player_choice":"Memory 1","damage_taken":0,"max_hp_gain":0,"max_hp_loss":0,"event_name":"SensoryStone","floor":41,"gold_loss":0}],"is_beta":false,"boss_relics":[{"not_picked":["White Beast Statue","Lizard Tail"],"picked":"Runic Pyramid"},{"not_picked":["Snecko Eye","Busted Crown"],"picked":"Black Star"}],"items_purged_floors":[20,38],"is_endless":false,"potions_floor_spawned":[3,12,16,24,25,29,30,33,35,44,45,47],"killed_by":"Donu and Deca","ascension_level":0}