{"gold_per_floor":[117,134,134,209,2,33,33,61,61,93,93,123,123,138,138,234,234,244,45,45,64,81,81,92,92,92,92,40,40],"floor_reached":29,"playtime":1720,"items_purged":["Strike_R"],"score":450,"play_id":"9512e67b-4a39-4f39-93c5-39bfc25ccebb","local_time":"20190624191716","is_ascension_mode":true,"campfire_choices":[{"data":"Twin Strike","floor":7.0,"key":"SMITH"},{"floor":13.0,"key":"REST"},{"data":"Heavy Blade","floor":15.0,"key":"SMITH"},{"data":"Demon Form","floor":23,"key":"SMITH"},{"data":"Juggernaut","floor":27,"key":"SMITH"}],"neow_cost":"NONE","seed_source_timestamp":430227646919428,"circlet_count":0,"master_deck":["AscendersBane","Strike_R","Defend_R","Defend_R","Defend_R","Defend_R","Bash","Disarm","Feel No Pain","Hemokinesis","Disarm","Clothesline","Twin Strike+1","Spot Weakness+1","Juggernaut+1","Shrug It Off+1","Shrug It Off+1","Heavy Blade+1","Double Tap+1","Shrug It Off+1","Demon Form+1","Entrench+1","Ghostly+1","Ghostly+1","Ghostly+1","Ghostly+1","Ghostly+1","Dual Wield+1","Metallicize","True Grit+1"],"special_seed":0,"relics":["Burning Blood","NeowsBlessing","Toxic Egg 2","Peace Pipe","Ancient Tea Set","Mercury Hourglass","GremlinMask","Orichalcum","Empty Cage","Omamori"],"potions_floor_usage":[24],"damage_taken":[{"damage":0.0,"enemies":"2 Louse","floor":1.0,"turns":1.0},{"damage":0.0,"enemies":"Jaw Worm","floor":2.0,"turns":1.0},{"damage":0.0,"enemies":"Gremlin Nob","floor":6.0,"turns":1.0},{"damage":32.0,"enemies":"3 Sentries","floor":8.0,"turns":9.0},{"damage":26.0,"enemies":"Lagavulin","floor":10.0,"turns":7.0},{"damage":23.0,"enemies":"3 Sentries","floor":12.0,"turns":5.0},{"damage":0.0,"enemies":"Small Slimes","floor":14.0,"turns":3.0},{"damage":38,"enemies":"Slime Boss","floor":16,"turns":12},{"damage":1,"enemies":"Shell Parasite","floor":18,"turns":7},{"damage":0,"enemies":"Spheric Guardian","floor":21,"turns":6},{"damage":0,"enemies":"Snake Plant","floor":22,"turns":4},{"damage":0,"enemies":"Chosen and Byrds","floor":24,"turns":7},{"damage":43,"enemies":"Gremlin Leader","floor":29,"turns":4}],"seed_played":"7577466697759213712","potions_obtained":[{"floor":2.0,"key":"Poison Potion"},{"floor":6.0,"key":"LiquidBronze"},{"floor":10.0,"key":"Energy Potion"},{"floor":18,"key":"Explosive Potion"},{"floor":21,"key":"SteroidPotion"}],"is_trial":false,"path_per_floor":["M","M","?","?","$","E","R","E","T","E","?","E","R","M","R","B",null,"M","$","?","M","M","R","M","?","T","R","$","E"],"character_chosen":"IRONCLAD","items_purchased":["Disarm","Clothesline","Twin Strike","Demon Form","Entrench+1","True Grit+1"],"campfire_rested":1,"item_purchase_floors":[5,5,5,19,19,28],"current_hp_per_floor":[78,80,80,69,69,75,75,49,49,29,29,12,36,42,42,10,63,68,68,40,40,40,40,40,35,35,35,35,0],"gold":40,"neow_bonus":"THREE_ENEMY_KILL","is_prod":false,"is_daily":false,"chose_seed":false,"campfire_upgraded":4,"win_rate":0,"timestamp":1561421836,"path_taken":["M","M","?","?","$","E","R","E","T","E","?","E","R","M","R","BOSS","M","?","?","?","M","R","M","?","T","R","$","E"],"build_version":"2019-01-23","purchased_purges":1,"victory":false,"max_hp_per_floor":[80,80,80,80,80,80,80,80,80,80,80,80,80,80,80,80,80,80,80,40,40,40,40,40,45,45,45,45,45],"card_choices":[{"not_picked":["Wild Strike","Anger"],"picked":"Disarm","floor":1.0},{"not_picked":["Clothesline","Carnage"],"picked":"Feel No Pain","floor":2.0},{"not_picked":["Cleave","Intimidate"],"picked":"Spot Weakness","floor":6.0},{"not_picked":["Headbutt","Combust"],"picked":"Juggernaut","floor":8.0},{"not_picked":["Clash","Armaments+1"],"picked":"Shrug It Off+1","floor":10.0},{"not_picked":["Havoc+1","Whirlwind"],"picked":"Shrug It Off+1","floor":12.0},{"not_picked":["Cleave","Wild Strike"],"picked":"Heavy Blade","floor":14.0},{"not_picked":["Exhume+1","Bludgeon"],"picked":"Double Tap+1","floor":16},{"not_picked":["Heavy Blade","Searing Blow+1"],"picked":"Shrug It Off+1","floor":18},{"not_picked":["Anger","Wild Strike"],"picked":"Dual Wield+1","floor":21},{"not_picked":["Whirlwind","Clash+1","Iron Wave"],"picked":"SKIP","floor":22},{"not_picked":["Armaments+1","Infernal Blade+1"],"picked":"Metallicize","floor":24}],"player_experience":387559,"relics_obtained":[{"floor":6.0,"key":"Toxic Egg 2"},{"floor":8.0,"key":"Peace Pipe"},{"floor":9.0,"key":"Ancient Tea Set"},{"floor":10.0,"key":"Mercury Hourglass"},{"floor":12.0,"key":"Orichalcum"},{"floor":26,"key":"Omamori"}],"event_choices":[{"damage_healed":0.0,"max_hp_gain":0.0,"max_hp_loss":0.0,"gold_gain":0.0,"cards_transformed":["Strike_R"],"event_name":"Living Wall","player_choice":"Change","floor":3.0,"gold_loss":0.0,"damage_taken":0.0,"cards_obtained":["Hemokinesis"]},{"damage_healed":0.0,"max_hp_gain":0.0,"max_hp_loss":0.0,"gold_gain":75.0,"event_name":"World of Goop","player_choice":"Gather Gold","floor":4.0,"gold_loss":0.0,"damage_taken":11.0},{"damage_healed":0.0,"max_hp_gain":0.0,"max_hp_loss":0.0,"gold_gain":0.0,"event_name":"FaceTrader","player_choice":"Trade","floor":11.0,"gold_loss":0.0,"damage_taken":0.0,"relics_obtained":["GremlinMask"]},{"damage_healed":0,"gold_gain":0,"player_choice":"Became a Ghost","damage_taken":0,"max_hp_gain":0,"max_hp_loss":40,"event_name":"Ghosts","floor":20,"gold_loss":0,"cards_obtained":["Ghostly","Ghostly","Ghostly","Ghostly","Ghostly"]},{"damage_healed":0,"gold_gain":0,"player_choice":"Shed Blood","damage_taken":10,"max_hp_gain":5,"max_hp_loss":0,"event_name":"Forgotten Altar","floor":25,"gold_loss":0}],"is_beta":false,"boss_relics":[{"not_picked":["Tiny House","Black Blood"],"picked":"Empty Cage"}],"items_purged_floors":[5],"is_endless":false,"potions_floor_spawned":[2,6,10,18,21],"killed_by":"Gremlin Leader","ascension_level":11}