{"gold_per_floor":[20,95,109,109,119,119,134,134,134,166,166,193,193,208,208,308,308,324,16,16,36,36,69,69,69],"floor_reached":25,"playtime":1146,"items_purged":["Strike_R"],"score":355,"play_id":"b0c5c645-924f-4498-8384-be66230fec26","local_time":"20190624210123","is_ascension_mode":true,"campfire_choices":[{"data":"Demon Form","floor":6,"key":"SMITH"},{"data":"Pummel","floor":8,"key":"SMITH"},{"data":"Clothesline","floor":13,"key":"SMITH"},{"data":"Bash","floor":15,"key":"SMITH"}],"neow_cost":"NO_GOLD","seed_source_timestamp":437129417488323,"circlet_count":0,"master_deck":["AscendersBane","Strike_R+1","Strike_R+1","Strike_R+1","Strike_R+1","Defend_R+1","Defend_R+1","Defend_R+1","Defend_R+1","Bash+1","Demon Form+1","Clothesline+1","Pommel Strike","Pummel+1","Impervious","Sword Boomerang","Twin Strike","Impervious","Burning Pact+1","Armaments","Transmutation","Armaments","Impatience","Armaments+1","Impervious"],"relics":["Burning Blood","Ornamental Fan","Pantograph","Mercury Hourglass","Bottled Lightning","Fusion Hammer","Lantern"],"potions_floor_usage":[10,10,23,23,25],"damage_taken":[{"damage":4,"enemies":"Small Slimes","floor":1,"turns":4},{"damage":10,"enemies":"Jaw Worm","floor":3,"turns":4},{"damage":6,"enemies":"2 Louse","floor":5,"turns":3},{"damage":6,"enemies":"Exordium Wildlife","floor":7,"turns":2},{"damage":36,"enemies":"3 Sentries","floor":10,"turns":8},{"damage":15,"enemies":"Lagavulin","floor":12,"turns":6},{"damage":2,"enemies":"Lots of Slimes","floor":14,"turns":3},{"damage":38,"enemies":"The Guardian","floor":16,"turns":8},{"damage":16,"enemies":"Shell Parasite","floor":18,"turns":6},{"damage":14,"enemies":"2 Thieves","floor":21,"turns":5},{"damage":15,"enemies":"Book of Stabbing","floor":23,"turns":5},{"damage":55,"enemies":"Slavers","floor":25,"turns":4}],"seed_played":"-6800584522325819400","potions_obtained":[{"floor":1,"key":"Explosive Potion"},{"floor":7,"key":"GamblersBrew"},{"floor":10,"key":"BloodPotion"},{"floor":16,"key":"AttackPotion"},{"floor":21,"key":"SteroidPotion"},{"floor":23,"key":"EssenceOfSteel"}],"is_trial":false,"path_per_floor":["M","?","M","?","M","R","M","R","T","E","?","E","R","M","R","B",null,"M","$","?","M","?","E","?","E"],"character_chosen":"IRONCLAD","items_purchased":["Armaments","Transmutation"],"campfire_rested":0,"item_purchase_floors":[19,19],"current_hp_per_floor":[74,63,59,56,56,56,56,56,56,26,52,43,43,47,47,40,70,60,60,60,52,52,51,51,0],"gold":69,"neow_bonus":"THREE_RARE_CARDS","is_prod":false,"is_daily":false,"chose_seed":false,"campfire_upgraded":4,"win_rate":0,"timestamp":1561428083,"path_taken":["M","?","M","?","M","R","M","R","T","E","?","E","R","M","R","BOSS","M","$","?","?","?","E","?","E"],"build_version":"2019-01-23","purchased_purges":1,"victory":false,"max_hp_per_floor":[80,80,80,80,80,80,80,80,80,80,80,80,80,80,80,80,80,80,80,80,80,80,80,80,80],"card_choices":[{"not_picked":["Double Tap","Fiend Fire"],"picked":"Demon Form","floor":0},{"not_picked":["Corruption","Warcry"],"picked":"Clothesline","floor":1},{"not_picked":["Armaments","Inflame"],"picked":"Pommel Strike","floor":3},{"not_picked":["Ghostly Armor","True Grit"],"picked":"Pummel","floor":5},{"not_picked":["Twin Strike","Headbutt"],"picked":"Impervious","floor":7},{"not_picked":["Blood for Blood","Feel No Pain"],"picked":"Sword Boomerang","floor":10},{"not_picked":["Warcry","Bludgeon"],"picked":"Twin Strike","floor":12},{"not_picked":["Thunderclap","Flex","Infernal Blade"],"picked":"SKIP","floor":14},{"not_picked":["Feed","Juggernaut"],"picked":"Impervious","floor":16},{"not_picked":["Carnage","Clothesline"],"picked":"Burning Pact+1","floor":18},{"not_picked":["Carnage","Feel No Pain"],"picked":"Armaments+1","floor":21},{"not_picked":["Anger","Clash","Havoc+1"],"picked":"SKIP","floor":23}],"player_experience":392633,"relics_obtained":[{"floor":9,"key":"Pantograph"},{"floor":10,"key":"Mercury Hourglass"},{"floor":12,"key":"Bottled Lightning"},{"floor":23,"key":"Lantern"}],"event_choices":[{"damage_healed":0,"gold_gain":75,"player_choice":"Gather Gold","damage_taken":11,"max_hp_gain":0,"max_hp_loss":0,"event_name":"World of Goop","floor":2,"gold_loss":0},{"damage_healed":0,"gold_gain":0,"player_choice":"Success","damage_taken":3,"relics_obtained":["Ornamental Fan"],"max_hp_gain":0,"max_hp_loss":0,"event_name":"Scrap Ooze","floor":4,"gold_loss":0},{"damage_healed":26,"gold_gain":0,"player_choice":"Banana","damage_taken":0,"max_hp_gain":0,"max_hp_loss":0,"event_name":"Big Fish","floor":11,"gold_loss":0},{"damage_healed":0,"gold_gain":0,"player_choice":"2 cards matched","damage_taken":0,"max_hp_gain":0,"max_hp_loss":0,"event_name":"Match and Keep!","floor":20,"gold_loss":0,"cards_obtained":["Armaments","Impatience"]},{"damage_healed":0,"gold_gain":0,"player_choice":"Simplicity","damage_taken":0,"max_hp_gain":0,"max_hp_loss":0,"event_name":"Back to Basics","floor":22,"gold_loss":0,"cards_upgraded":["Strike_R","Strike_R","Strike_R","Strike_R","Defend_R","Defend_R","Defend_R","Defend_R"]},{"damage_healed":0,"gold_gain":0,"player_choice":"Copied","damage_taken":0,"max_hp_gain":0,"max_hp_loss":0,"event_name":"Duplicator","floor":24,"gold_loss":0,"cards_obtained":["Impervious"]}],"is_beta":false,"boss_relics":[{"not_picked":["Pandora\u0027s Box","Calling Bell"],"picked":"Fusion Hammer"}],"items_purged_floors":[19],"is_endless":false,"potions_floor_spawned":[1,7,10,16,21,23],"killed_by":"Slavers","ascension_level":11}