{"gold_per_floor":[11,22,32,32,32,32,59,75,75,102,177,177,177,27,27,123,123,138,150,165,184,184],"floor_reached":22,"playtime":1478,"items_purged":[],"score":265,"play_id":"1f247c2d-883f-4cb2-a18d-2721c3b73579","local_time":"20190613213451","is_ascension_mode":true,"campfire_choices":[{"data":"Sword Boomerang","floor":6,"key":"SMITH"},{"floor":13,"key":"DIG"},{"floor":15,"key":"DIG"}],"neow_cost":"NO_GOLD","seed_source_timestamp":70501835334893,"circlet_count":0,"master_deck":["Strike_R","Strike_R","Defend_R","Defend_R","Defend_R","Defend_R","Bash","Warcry","Iron Wave","True Grit","Armaments","Sword Boomerang+1","Demon Form","Corruption","True Grit","Impervious","Dropkick","Cleave","Spot Weakness","Reaper"],"relics":["Burning Blood","Shovel","Paper Frog","Letter Opener","Peace Pipe","PreservedInsect","Bronze Scales","Coffee Dripper"],"potions_floor_usage":[10,19,20,21,22],"damage_taken":[{"damage":3,"enemies":"2 Louse","floor":1,"turns":3},{"damage":7,"enemies":"Small Slimes","floor":2,"turns":4},{"damage":7,"enemies":"Jaw Worm","floor":3,"turns":5},{"damage":26,"enemies":"Gremlin Nob","floor":7,"turns":5},{"damage":0,"enemies":"Large Slime","floor":8,"turns":5},{"damage":40,"enemies":"3 Sentries","floor":10,"turns":9},{"damage":28,"enemies":"Hexaghost","floor":16,"turns":9},{"damage":25,"enemies":"2 Thieves","floor":18,"turns":5},{"damage":0,"enemies":"3 Byrds","floor":19,"turns":2},{"damage":16,"enemies":"Snake Plant","floor":20,"turns":5},{"damage":16,"enemies":"Centurion and Healer","floor":21,"turns":5},{"damage":38,"enemies":"Sentry and Sphere","floor":22,"turns":5}],"seed_played":"3708732637931044231","potions_obtained":[{"floor":2,"key":"Ancient Potion"},{"floor":7,"key":"SkillPotion"},{"floor":16,"key":"Fire Potion"},{"floor":18,"key":"Explosive Potion"},{"floor":21,"key":"PowerPotion"}],"is_trial":false,"path_per_floor":["M","M","M","$","?","R","E","M","T","E","?","?","R","$","R","B",null,"M","M","M","M","M"],"character_chosen":"IRONCLAD","items_purchased":["PreservedInsect"],"campfire_rested":0,"item_purchase_floors":[14],"current_hp_per_floor":[75,74,73,73,66,66,46,52,52,18,7,33,33,33,33,11,63,44,50,40,30,0],"gold":184,"neow_bonus":"TRANSFORM_TWO_CARDS","is_prod":false,"is_daily":false,"chose_seed":false,"campfire_upgraded":1,"win_rate":0,"timestamp":1560479691,"path_taken":["M","M","M","$","?","R","E","M","T","E","?","?","R","?","R","BOSS","M","M","M","M","M"],"build_version":"2019-01-23","purchased_purges":0,"victory":false,"max_hp_per_floor":[80,80,80,80,80,80,80,80,80,80,80,80,80,80,80,80,80,80,80,80,80,80],"card_choices":[{"not_picked":["Iron Wave","Wild Strike"],"picked":"True Grit","floor":1},{"not_picked":["Perfected Strike","Whirlwind"],"picked":"Armaments","floor":2},{"not_picked":["Heavy Blade","Clash"],"picked":"Sword Boomerang","floor":3},{"not_picked":["Havoc","Disarm"],"picked":"Demon Form","floor":7},{"not_picked":["Perfected Strike","Reckless Charge"],"picked":"Corruption","floor":8},{"not_picked":["Body Slam","Sword Boomerang"],"picked":"True Grit","floor":10},{"not_picked":["Offering","Juggernaut"],"picked":"Impervious","floor":16},{"not_picked":["Pommel Strike+1","Perfected Strike"],"picked":"Dropkick","floor":18},{"not_picked":["Wild Strike","Pommel Strike"],"picked":"Cleave","floor":19},{"not_picked":["Armaments+1","Headbutt+1"],"picked":"Spot Weakness","floor":20},{"not_picked":["Clothesline","Warcry+1"],"picked":"Reaper","floor":21}],"player_experience":319891,"relics_obtained":[{"floor":7,"key":"Shovel"},{"floor":9,"key":"Paper Frog"},{"floor":10,"key":"Letter Opener"},{"floor":13,"key":"Peace Pipe"},{"floor":15,"key":"Bronze Scales"}],"event_choices":[{"cards_removed":["Strike_R"],"damage_healed":0,"gold_gain":0,"player_choice":"Card Removal","damage_taken":7,"max_hp_gain":0,"max_hp_loss":0,"event_name":"Golden Wing","floor":5,"gold_loss":0},{"damage_healed":0,"gold_gain":75,"player_choice":"Gather Gold","damage_taken":11,"max_hp_gain":0,"max_hp_loss":0,"event_name":"World of Goop","floor":11,"gold_loss":0},{"damage_healed":26,"gold_gain":0,"player_choice":"Banana","damage_taken":0,"max_hp_gain":0,"max_hp_loss":0,"event_name":"Big Fish","floor":12,"gold_loss":0}],"is_beta":false,"boss_relics":[{"not_picked":["Runic Cube","Fusion Hammer"],"picked":"Coffee Dripper"}],"items_purged_floors":[],"is_endless":false,"potions_floor_spawned":[2,7,16,18,21],"killed_by":"Sentry and Sphere","ascension_level":7}