{"gold_per_floor":[114,131,206,186,30,30,55,55,55,68,68,98,111,140,140,211,211,221,121,137,137,137,137],"floor_reached":23,"playtime":772,"items_purged":["Strike_R","Strike_R"],"score":393,"play_id":"c7344aa4-3113-4085-be8e-eb78eca01227","local_time":"20190710191945","is_ascension_mode":true,"campfire_choices":[{"data":"Bludgeon","floor":6,"key":"SMITH"},{"data":"Inflame","floor":8,"key":"SMITH"},{"data":"Shrug It Off","floor":11,"key":"SMITH"},{"data":"Inflame","floor":15,"key":"SMITH"}],"neow_cost":"PERCENT_DAMAGE","seed_source_timestamp":4232061831934,"circlet_count":0,"master_deck":["AscendersBane","Strike_R+1","Strike_R","Strike_R+1","Defend_R","Defend_R","Defend_R","Defend_R","Bash","Bludgeon+1","Shrug It Off+1","Inflame+1","Corruption","Sword Boomerang","Clothesline","Headbutt","Shrug It Off","Inflame+1","Demon Form","Decay"],"relics":["Burning Blood","Bronze Scales","Whetstone","Calipers","Dodecahedron","Velvet Choker","Enchiridion"],"potions_floor_usage":[7,18,23,23],"damage_taken":[{"damage":12,"enemies":"Jaw Worm","floor":1,"turns":2},{"damage":7,"enemies":"Small Slimes","floor":2,"turns":3},{"damage":15,"enemies":"Lagavulin","floor":7,"turns":5},{"damage":1,"enemies":"Cultist","floor":10,"turns":3},{"damage":6,"enemies":"Gremlin Nob","floor":12,"turns":3},{"damage":6,"enemies":"Exordium Thugs","floor":13,"turns":3},{"damage":5,"enemies":"3 Sentries","floor":14,"turns":6},{"damage":18,"enemies":"Hexaghost","floor":16,"turns":9},{"damage":17,"enemies":"2 Thieves","floor":18,"turns":4},{"damage":0,"enemies":"Chosen","floor":20,"turns":3},{"damage":47,"enemies":"Slavers","floor":23,"turns":4}],"seed_played":"7318486147669528378","potions_obtained":[{"floor":2,"key":"SpeedPotion"},{"floor":4,"key":"Energy Potion"},{"floor":12,"key":"Fire Potion"},{"floor":18,"key":"Block Potion"},{"floor":20,"key":"Weak Potion"}],"is_trial":false,"path_per_floor":["M","M","?","?","$","R","E","R","T","M","R","E","M","E","R","B",null,"M","$","M","?","?","E"],"character_chosen":"IRONCLAD","items_purchased":["Corruption"],"campfire_rested":0,"item_purchase_floors":[5],"current_hp_per_floor":[44,43,32,32,32,32,23,23,23,28,28,28,28,29,29,17,61,50,50,56,35,35,0],"gold":137,"neow_bonus":"THREE_RARE_CARDS","is_prod":false,"is_daily":false,"chose_seed":false,"campfire_upgraded":4,"win_rate":0,"timestamp":1562804385,"path_taken":["M","M","?","?","$","R","E","R","T","?","R","E","M","E","R","BOSS","M","$","M","?","?","E"],"build_version":"2019-07-05","purchased_purges":2,"victory":false,"max_hp_per_floor":[75,75,75,75,75,75,75,75,75,75,75,75,75,75,75,75,75,75,75,75,75,75,75],"card_choices":[{"not_picked":["Impervious","Immolate"],"picked":"Bludgeon","floor":0},{"not_picked":["Body Slam","Flex"],"picked":"Shrug It Off","floor":1},{"not_picked":["Clash","Pummel"],"picked":"Inflame","floor":2},{"not_picked":["Twin Strike","Flex"],"picked":"Sword Boomerang","floor":7},{"not_picked":["Heavy Blade","Twin Strike"],"picked":"Clothesline","floor":10},{"not_picked":["Flex","Sword Boomerang"],"picked":"Headbutt","floor":12},{"not_picked":["Pommel Strike","Clothesline"],"picked":"Shrug It Off","floor":13},{"not_picked":["Hemokinesis","Rupture"],"picked":"Inflame","floor":14},{"not_picked":["Bludgeon","Brutality"],"picked":"Demon Form","floor":16},{"not_picked":["Headbutt","Anger","Thunderclap"],"picked":"SKIP","floor":18},{"not_picked":["Evolve+1","Armaments","Clash"],"picked":"SKIP","floor":20},{"not_picked":["Evolve+1","Armaments","Clash"],"picked":"SKIP","floor":20}],"player_experience":465118,"relics_obtained":[{"floor":7,"key":"Bronze Scales"},{"floor":9,"key":"Whetstone"},{"floor":12,"key":"Calipers"},{"floor":14,"key":"Dodecahedron"},{"floor":21,"key":"Enchiridion"}],"event_choices":[{"damage_healed":0,"gold_gain":75,"player_choice":"Gather Gold","damage_taken":11,"max_hp_gain":0,"max_hp_loss":0,"event_name":"World of Goop","floor":3,"gold_loss":0},{"damage_healed":0,"gold_gain":0,"player_choice":"Bought 1 Potion","damage_taken":0,"max_hp_gain":0,"max_hp_loss":0,"event_name":"The Woman in Blue","floor":4,"gold_loss":0},{"damage_healed":0,"gold_gain":0,"player_choice":"Obtained Book","damage_taken":21,"max_hp_gain":0,"max_hp_loss":0,"event_name":"Cursed Tome","floor":21,"gold_loss":0},{"damage_healed":0,"gold_gain":0,"player_choice":"Cursed","damage_taken":0,"max_hp_gain":0,"max_hp_loss":0,"event_name":"Wheel of Change","floor":22,"gold_loss":0,"cards_obtained":["Decay"]}],"is_beta":false,"boss_relics":[{"not_picked":["Orrery","Calling Bell"],"picked":"Velvet Choker"}],"items_purged_floors":[5,19],"is_endless":false,"potions_floor_spawned":[2,12,13,14,18,20],"killed_by":"Slavers","ascension_level":18}