{"gold_per_floor":[117,131,0,0,0,0,27,39,39,39,39,71,146,5,5,5],"floor_reached":16,"playtime":995,"items_purged":[],"score":175,"play_id":"a1994fcb-cdc8-4707-abf2-4075535c0bd9","local_time":"20190626183047","is_ascension_mode":true,"campfire_choices":[{"floor":6,"key":"REST"},{"floor":10,"key":"REST"},{"floor":15,"key":"REST"}],"neow_cost":"PERCENT_DAMAGE","seed_source_timestamp":20161578678504,"circlet_count":0,"master_deck":["AscendersBane","Strike_R","Strike_R","Defend_R","Defend_R","Defend_R","Defend_R","Bash","Pommel Strike","Second Wind","Seeing Red","True Grit","Armaments","Limit Break","Shrug It Off","Sword Boomerang","Battle Trance"],"relics":["Burning Blood","Ornamental Fan","Ancient Tea Set","Juzu Bracelet"],"potions_floor_usage":[7,7,12],"damage_taken":[{"damage":16,"enemies":"Small Slimes","floor":1,"turns":4},{"damage":7,"enemies":"2 Louse","floor":2,"turns":2},{"damage":36,"enemies":"Gremlin Nob","floor":7,"turns":5},{"damage":10,"enemies":"Cultist","floor":8,"turns":4},{"damage":21,"enemies":"Lagavulin","floor":12,"turns":9},{"damage":44,"enemies":"Slime Boss","floor":16,"turns":9}],"seed_played":"-4785793873963639452","potions_obtained":[{"floor":1,"key":"Block Potion"},{"floor":8,"key":"SpeedPotion"}],"is_trial":false,"path_per_floor":["M","M","$","?","?","R","E","M","T","R","$","E","?","$","R","B"],"character_chosen":"IRONCLAD","items_purchased":["AttackPotion","Second Wind","Shrug It Off","Sword Boomerang","Battle Trance"],"campfire_rested":3,"item_purchase_floors":[3,3,14,14,14],"current_hp_per_floor":[41,40,40,28,28,52,22,18,18,42,42,27,16,16,40,0],"gold":5,"neow_bonus":"REMOVE_TWO","is_prod":false,"is_daily":false,"chose_seed":false,"campfire_upgraded":0,"win_rate":0,"timestamp":1561591847,"path_taken":["M","M","$","?","?","R","E","M","T","R","$","E","?","$","R","BOSS"],"build_version":"2019-01-23","purchased_purges":0,"victory":false,"max_hp_per_floor":[80,80,80,80,80,80,80,80,80,80,80,80,80,80,80,80],"card_choices":[{"not_picked":["Evolve","Warcry"],"picked":"Pommel Strike","floor":1},{"not_picked":["Flex","Havoc","Pommel Strike"],"picked":"SKIP","floor":2},{"not_picked":["Heavy Blade","Headbutt"],"picked":"True Grit","floor":7},{"not_picked":["Juggernaut","Clash"],"picked":"Armaments","floor":8},{"not_picked":["Headbutt","Fire Breathing"],"picked":"Limit Break","floor":12}],"player_experience":407454,"relics_obtained":[{"floor":7,"key":"Ancient Tea Set"},{"floor":12,"key":"Juzu Bracelet"}],"event_choices":[{"damage_healed":0,"gold_gain":0,"player_choice":"Success","damage_taken":12,"relics_obtained":["Ornamental Fan"],"max_hp_gain":0,"max_hp_loss":0,"event_name":"Scrap Ooze","floor":4,"gold_loss":0},{"damage_healed":0,"gold_gain":0,"cards_transformed":["Strike_R"],"player_choice":"Transformed","damage_taken":0,"max_hp_gain":0,"max_hp_loss":0,"event_name":"Transmorgrifier","floor":5,"gold_loss":0,"cards_obtained":["Seeing Red"]},{"damage_healed":0,"gold_gain":75,"player_choice":"Gather Gold","damage_taken":11,"max_hp_gain":0,"max_hp_loss":0,"event_name":"World of Goop","floor":13,"gold_loss":0}],"is_beta":false,"boss_relics":[],"items_purged_floors":[],"is_endless":false,"potions_floor_spawned":[1,8],"killed_by":"Slime Boss","ascension_level":13}