{"gold_per_floor":[113,126,126,138,138,171,171,17,17,30,44,44,9,20,20,122,122,141,151,250,264,264,264,289,305,351,351,351,351,103,123,123,228,228,245,258,273,273,273,293,306,306,356,375,410,410,422,10,10,10],"floor_reached":51,"playtime":6757,"items_purged":["Writhe"],"score":701,"play_id":"ddb4607a-da06-4890-90de-5d58b18ea07e","local_time":"20190714230413","is_ascension_mode":false,"campfire_choices":[{"floor":12,"key":"REST"},{"data":"Fission","floor":15,"key":"SMITH"},{"data":"Rainbow","floor":23,"key":"SMITH"},{"floor":27,"key":"REST"},{"floor":29,"key":"REST"},{"floor":32,"key":"REST"},{"floor":42,"key":"REST"},{"data":"Transmutation","floor":46,"key":"SMITH"},{"floor":49,"key":"REST"}],"neow_cost":"NONE","seed_source_timestamp":0,"circlet_count":0,"master_deck":["Strike_B","Strike_B","Strike_B","Defend_B","Defend_B","Defend_B","Defend_B","Zap","Dualcast","Conserve Battery","FTL","Sunder+1","Compile Driver","Fission+1","Rebound","Darkness","Rainbow+1","Steam+1","Melter","Defragment+1","Defragment+1","Reinforced Body","Bandage Up","Transmutation+1","Glacier","Echo Form+1","Reprogram+1","Capacitor+1","Parasite","Conserve Battery+1","Mind Blast","Master of Strategy","Enlightenment","Writhe","Glacier+1","Static Discharge+1","Electrodynamics+1"],"special_seed":0,"relics":["Cracked Core","Question Card","Ancient Tea Set","Frozen Egg 2","Inserter","FossilizedHelix","Darkstone Periapt","Happy Flower","Cursed Key","Regal Pillow","Pen Nib","Bottled Lightning"],"potions_floor_usage":[16,18,24,25,50,50,50],"damage_taken":[{"damage":1.0,"enemies":"Jaw Worm","floor":1.0,"turns":4.0},{"damage":0.0,"enemies":"Small Slimes","floor":2.0,"turns":2.0},{"damage":0.0,"enemies":"2 Louse","floor":4.0,"turns":3.0},{"damage":21.0,"enemies":"3 Sentries","floor":6.0,"turns":5.0},{"damage":0.0,"enemies":"Exordium Wildlife","floor":10.0,"turns":2.0},{"damage":13.0,"enemies":"Large Slime","floor":11.0,"turns":5.0},{"damage":0,"enemies":"3 Louse","floor":14,"turns":3},{"damage":43,"enemies":"Hexaghost","floor":16,"turns":10},{"damage":14,"enemies":"2 Thieves","floor":18,"turns":5},{"damage":7,"enemies":"Shell Parasite","floor":19,"turns":4},{"damage":10,"enemies":"Snecko","floor":21,"turns":3},{"damage":20,"enemies":"Gremlin Leader","floor":24,"turns":7},{"damage":7,"enemies":"Snake Plant","floor":25,"turns":5},{"damage":15,"enemies":"Cultist and Chosen","floor":31,"turns":6},{"damage":20,"enemies":"Automaton","floor":33,"turns":12},{"damage":0,"enemies":"3 Darklings","floor":35,"turns":4},{"damage":0,"enemies":"Orb Walker","floor":36,"turns":4},{"damage":0,"enemies":"Writhing Mass","floor":37,"turns":9},{"damage":36,"enemies":"Transient","floor":40,"turns":5},{"damage":5,"enemies":"Sphere and 2 Shapes","floor":41,"turns":4},{"damage":14,"enemies":"3 Darklings","floor":44,"turns":6},{"damage":16,"enemies":"Reptomancer","floor":45,"turns":10},{"damage":26,"enemies":"Jaw Worm Horde","floor":47,"turns":5},{"damage":38,"enemies":"Donu and Deca","floor":50,"turns":8}],"seed_played":"-66348674224452990","potions_obtained":[{"floor":4.0,"key":"Weak Potion"},{"floor":11,"key":"Weak Potion"},{"floor":18,"key":"Fire Potion"},{"floor":24,"key":"EssenceOfSteel"},{"floor":33,"key":"SkillPotion"},{"floor":41,"key":"Dexterity Potion"},{"floor":44,"key":"Ancient Potion"},{"floor":45,"key":"Swift Potion"}],"is_trial":false,"path_per_floor":["M","M","?","M","?","E","?","$","T","M","M","R","?","M","R","B",null,"M","M","?","M","?","R","E","M","T","R","?","R","$","M","R","B",null,"M","M","M","?","?","M","M","R","T","M","E","R","M","$","R","B",null],"character_chosen":"DEFECT","items_purchased":["Ancient Tea Set","Transmutation","Bottled Lightning","Electrodynamics+1"],"campfire_rested":6,"item_purchase_floors":[8,30,48,48],"current_hp_per_floor":[81,81,86,86,86,65,58,58,58,58,45,71,71,71,71,28,87,73,66,66,56,56,56,36,29,29,55,39,65,65,54,80,64,87,87,87,93,88,78,46,45,71,77,67,55,55,33,33,76,42],"gold":10,"neow_bonus":"TEN_PERCENT_HP_BONUS","is_prod":false,"is_daily":false,"chose_seed":false,"campfire_upgraded":3,"win_rate":0.0,"timestamp":1563159853,"path_taken":["M","M","?","M","?","E","?","?","T","M","M","R","?","?","R","BOSS","M","M","?","M","?","R","E","M","T","R","?","R","$","M","R","BOSS","M","?","M","?","?","M","M","R","T","M","E","R","M","?","R","BOSS"],"build_version":"2019-07-05","purchased_purges":1,"victory":true,"max_hp_per_floor":[82,82,87,87,87,87,87,87,87,87,87,87,87,87,87,87,87,87,87,87,87,87,87,87,87,87,87,87,87,87,87,87,87,87,87,87,93,88,88,88,88,88,94,94,94,94,94,94,94,94],"card_choices":[{"not_picked":["Coolheaded","Barrage"],"picked":"Conserve Battery","floor":1.0},{"not_picked":["Rebound","Gash"],"picked":"FTL","floor":2.0},{"not_picked":["Undo","Hologram"],"picked":"Sunder","floor":4.0},{"not_picked":["Double Energy","Barrage"],"picked":"Compile Driver","floor":6.0},{"not_picked":["Redo","Heatsinks+1","Gash"],"picked":"Fission","floor":10.0},{"not_picked":["Heatsinks+1","Steam","Stack"],"picked":"Rebound","floor":11},{"not_picked":["Barrage","Chaos","Gash"],"picked":"Darkness","floor":14},{"not_picked":["Thunder Strike","Fission","All For One"],"picked":"Rainbow","floor":16},{"not_picked":["Go for the Eyes","Sweeping Beam","Beam Cell+1"],"picked":"Steam+1","floor":18},{"not_picked":["Skim+1","Ball Lightning","Gash+1"],"picked":"Melter","floor":19},{"not_picked":["White Noise","Doom and Gloom","Steam+1"],"picked":"Defragment+1","floor":21},{"not_picked":["Coolheaded","Rebound","Doom and Gloom"],"picked":"Defragment+1","floor":24},{"not_picked":["Go for the Eyes+1","Stack","White Noise"],"picked":"Reinforced Body","floor":25},{"not_picked":["Force Field","Cold Snap","Doom and Gloom"],"picked":"Glacier","floor":31},{"not_picked":["Meteor Strike","Machine Learning+1","Thunder Strike"],"picked":"Echo Form+1","floor":33},{"not_picked":["Self Repair+1","BootSequence+1","Redo+1"],"picked":"Reprogram+1","floor":35},{"not_picked":["Steam+1","Gash+1","Force Field+1"],"picked":"Capacitor+1","floor":36},{"not_picked":["Blizzard","Cold Snap","Stack"],"picked":"Conserve Battery+1","floor":37},{"not_picked":["PanicButton","Dark Shackles","Swift Strike"],"picked":"Mind Blast","floor":39},{"not_picked":["Metamorphosis","Transmutation","Dramatic Entrance"],"picked":"Master of Strategy","floor":39},{"not_picked":["Swift Strike","Apotheosis","HandOfGreed"],"picked":"Enlightenment","floor":39},{"not_picked":["Hologram","Compile Driver+1","Redo","Defragment+1"],"picked":"SKIP","floor":40},{"not_picked":["Barrage","Leap+1","Gash+1","Blizzard+1"],"picked":"SKIP","floor":41},{"not_picked":["Aggregate","Beam Cell","Conserve Battery+1","Turbo"],"picked":"SKIP","floor":44},{"not_picked":["Steam Power+1","Turbo","Streamline+1"],"picked":"Glacier+1","floor":45},{"not_picked":["Stack+1","Sweeping Beam","Cold Snap"],"picked":"Static Discharge+1","floor":47}],"player_experience":52177,"relics_obtained":[{"floor":6.0,"key":"Question Card"},{"floor":9.0,"key":"Frozen Egg 2"},{"floor":24,"key":"Darkstone Periapt"},{"floor":26,"key":"Happy Flower"},{"floor":43,"key":"Regal Pillow"},{"floor":45,"key":"Pen Nib"}],"event_choices":[{"damage_healed":0.0,"max_hp_gain":5.0,"max_hp_loss":0.0,"gold_gain":0.0,"event_name":"Big Fish","player_choice":"Donut","floor":3.0,"gold_loss":0.0,"damage_taken":0.0},{"damage_healed":0.0,"max_hp_gain":0.0,"max_hp_loss":0.0,"gold_gain":0.0,"event_name":"Living Wall","player_choice":"Grow","floor":5.0,"gold_loss":0.0,"damage_taken":0.0,"cards_upgraded":["Sunder"]},{"cards_removed":["Strike_B"],"damage_healed":0.0,"max_hp_gain":0.0,"max_hp_loss":0.0,"gold_gain":0.0,"event_name":"Golden Wing","player_choice":"Card Removal","floor":7.0,"gold_loss":0.0,"damage_taken":7.0},{"damage_healed":0,"gold_gain":0,"player_choice":"Left Gold","damage_taken":0,"max_hp_gain":0,"max_hp_loss":0,"event_name":"World of Goop","floor":13,"gold_loss":35},{"damage_healed":0,"gold_gain":99,"player_choice":"Stole From Cult","damage_taken":0,"max_hp_gain":0,"max_hp_loss":0,"event_name":"Nest","floor":20,"gold_loss":0},{"damage_healed":0,"gold_gain":0,"player_choice":"Opened","damage_taken":0,"relics_obtained":["FossilizedHelix"],"max_hp_gain":0,"max_hp_loss":0,"event_name":"The Mausoleum","floor":22,"gold_loss":0,"cards_obtained":["Writhe"]},{"damage_healed":0,"gold_gain":0,"player_choice":"CARD ","damage_taken":16,"max_hp_gain":0,"max_hp_loss":0,"event_name":"Knowing Skull","floor":28,"potions_obtained":[],"gold_loss":0,"cards_obtained":["Bandage Up"]},{"damage_healed":0,"gold_gain":0,"player_choice":"Max HP","damage_taken":0,"max_hp_gain":0,"max_hp_loss":5,"event_name":"Winding Halls","floor":38,"gold_loss":0},{"damage_healed":0,"gold_gain":0,"player_choice":"Memory 3","damage_taken":10,"max_hp_gain":0,"max_hp_loss":0,"event_name":"SensoryStone","floor":39,"gold_loss":0}],"is_beta":false,"boss_relics":[{"not_picked":["Runic Pyramid","Orrery"],"picked":"Inserter"},{"not_picked":["Astrolabe","Black Star"],"picked":"Cursed Key"}],"items_purged_floors":[30],"is_endless":false,"potions_floor_spawned":[4,11,18,24,33,41,44,45],"ascension_level":0}