{"gold_per_floor":[110,11,11,29,42,42,42,42,42,55,72,72,107,124,124,124],"floor_reached":16,"playtime":490,"items_purged":["Injury"],"score":194,"play_id":"43f4f27f-082e-421b-a310-c73874e730d4","local_time":"20190712135730","is_ascension_mode":true,"campfire_choices":[{"data":"True Grit","floor":6,"key":"SMITH"},{"data":"True Grit","floor":8,"key":"SMITH"},{"floor":15,"key":"REST"}],"neow_cost":"CURSE","seed_source_timestamp":157981220317542,"circlet_count":0,"master_deck":["AscendersBane","Strike_R","Strike_R","Strike_R","Strike_R","Defend_R","Defend_R","Defend_R","Defend_R","Bash","True Grit+1","Havoc","True Grit+1","Warcry","Wild Strike","Sword Boomerang","Anger"],"relics":["Burning Blood","Charon\u0027s Ashes","Vajra","StoneCalendar","Omamori"],"potions_floor_usage":[13,13],"damage_taken":[{"damage":6,"enemies":"2 Louse","floor":1,"turns":3},{"damage":4,"enemies":"Cultist","floor":4,"turns":4},{"damage":7,"enemies":"Jaw Worm","floor":5,"turns":3},{"damage":15,"enemies":"Large Slime","floor":10,"turns":5},{"damage":12,"enemies":"2 Fungi Beasts","floor":11,"turns":4},{"damage":31,"enemies":"Lagavulin","floor":13,"turns":5},{"damage":0,"enemies":"3 Louse","floor":14,"turns":3},{"damage":58,"enemies":"Slime Boss","floor":16,"turns":6}],"seed_played":"1454107026469751940","potions_obtained":[{"floor":4,"key":"Fire Potion"},{"floor":11,"key":"EntropicBrew"}],"is_trial":false,"path_per_floor":["M","$","?","M","M","R","?","R","T","M","M","$","E","M","R","B"],"character_chosen":"IRONCLAD","items_purchased":["True Grit"],"campfire_rested":1,"item_purchase_floors":[2],"current_hp_per_floor":[68,68,68,70,69,69,69,69,69,60,54,54,29,35,57,0],"gold":124,"neow_bonus":"ONE_RARE_RELIC","is_prod":false,"is_daily":false,"chose_seed":false,"campfire_upgraded":2,"win_rate":0,"timestamp":1562957850,"path_taken":["M","$","?","M","?","R","?","R","T","M","M","$","E","?","R","BOSS"],"build_version":"2019-07-05","purchased_purges":1,"victory":false,"max_hp_per_floor":[75,75,75,75,75,75,75,75,75,75,75,75,75,75,75,75],"card_choices":[{"not_picked":["Carnage","Thunderclap","Reckless Charge"],"picked":"SKIP","floor":1},{"not_picked":["Headbutt","Uppercut"],"picked":"Havoc","floor":4},{"not_picked":["Carnage","Flex"],"picked":"True Grit","floor":5},{"not_picked":["Armaments","Rage"],"picked":"Warcry","floor":10},{"not_picked":["Warcry","Intimidate"],"picked":"Wild Strike","floor":11},{"not_picked":["Infernal Blade","Entrench"],"picked":"Sword Boomerang","floor":13},{"not_picked":["Sword Boomerang","Perfected Strike"],"picked":"Anger","floor":14}],"player_experience":475960,"relics_obtained":[{"floor":9,"key":"StoneCalendar"},{"floor":13,"key":"Omamori"}],"event_choices":[{"cards_removed":["Strike_R"],"damage_healed":0,"gold_gain":0,"player_choice":"Purged","damage_taken":0,"max_hp_gain":0,"max_hp_loss":0,"event_name":"Purifier","floor":3,"gold_loss":0},{"damage_healed":0,"gold_gain":0,"player_choice":"Gave Potion","damage_taken":0,"relics_obtained":["Vajra"],"max_hp_gain":0,"max_hp_loss":0,"event_name":"WeMeetAgain","floor":7,"gold_loss":0}],"is_beta":false,"boss_relics":[],"items_purged_floors":[2],"is_endless":false,"potions_floor_spawned":[4,11],"killed_by":"Slime Boss","ascension_level":18}