{"gold_per_floor":[19,30,49,60,76,103,103,103,181,207,207,269,284,284,284,389,389,407,425,425,435,448,448,480,500,550,16,16,28,40,40,40,40],"floor_reached":33,"playtime":1743,"items_purged":[],"score":420,"play_id":"88e5a261-6d18-4899-b712-c3db8b8dbbfb","local_time":"20190601183527","is_ascension_mode":true,"campfire_choices":[{"data":"Demon Form","floor":7,"key":"SMITH"},{"data":"1","floor":11,"key":"LIFT"},{"floor":15,"key":"REST"},{"data":"2","floor":23,"key":"LIFT"},{"floor":32,"key":"REST"}],"neow_cost":"NO_GOLD","seed_source_timestamp":694881566341546,"circlet_count":0,"master_deck":["Strike_R+1","Strike_R+1","Strike_R+1","Strike_R+1","Defend_R+1","Defend_R+1","Defend_R+1","Defend_R+1","Bash+1","Anger","Warcry","Heavy Blade+1","Shrug It Off","Armaments","Demon Form+1","Feel No Pain","Shockwave","True Grit","Bludgeon","Offering","Rupture","Dropkick","Dual Wield","Flex","Ghostly Armor+1","Havoc","Inflame","Cleave","Shrug It Off+1","Sword Boomerang","J.A.X."],"special_seed":0,"relics":["Burning Blood","Ornamental Fan","Girya","Self Forming Clay","Red Skull","Tiny Chest","Black Star","Dodecahedron","Regal Pillow","Whetstone","Membership Card","Pear","Matryoshka"],"potions_floor_usage":[6,10,12,18,30,30,33],"damage_taken":[{"damage":10.0,"enemies":"Cultist","floor":1.0,"turns":5.0},{"damage":8.0,"enemies":"Small Slimes","floor":2.0,"turns":4.0},{"damage":10,"enemies":"2 Louse","floor":3,"turns":2},{"damage":12,"enemies":"Looter","floor":4,"turns":3},{"damage":10,"enemies":"Exordium Wildlife","floor":5,"turns":5},{"damage":42,"enemies":"3 Sentries","floor":6,"turns":10},{"damage":5,"enemies":"Lagavulin","floor":10,"turns":5},{"damage":16,"enemies":"Gremlin Nob","floor":12,"turns":3},{"damage":6,"enemies":"3 Louse","floor":13,"turns":3},{"damage":39,"enemies":"Hexaghost","floor":16,"turns":6},{"damage":6,"enemies":"3 Byrds","floor":18,"turns":4},{"damage":40,"enemies":"Spheric Guardian","floor":19,"turns":6},{"damage":10,"enemies":"Snake Plant","floor":21,"turns":3},{"damage":12,"enemies":"Cultist and Chosen","floor":22,"turns":7},{"damage":21,"enemies":"Gremlin Leader","floor":24,"turns":5},{"damage":15,"enemies":"Centurion and Healer","floor":25,"turns":4},{"damage":0,"enemies":"Snake Plant","floor":29,"turns":2},{"damage":6,"enemies":"Sentry and Sphere","floor":30,"turns":3},{"damage":84,"enemies":"Automaton","floor":33,"turns":6}],"seed_played":"53997909577737262","potions_obtained":[{"floor":3,"key":"Swift Potion"},{"floor":6,"key":"AttackPotion"},{"floor":10,"key":"SteroidPotion"},{"floor":12,"key":"LiquidBronze"},{"floor":16,"key":"Ancient Potion"},{"floor":21,"key":"FearPotion"},{"floor":24,"key":"FearPotion"},{"floor":30,"key":"SteroidPotion"}],"is_trial":false,"path_per_floor":["M","M","M","M","M","E","R","?","T","E","R","E","M","?","R","B",null,"M","M","?","M","M","R","E","M","T","$","?","M","M","?","R","B"],"character_chosen":"IRONCLAD","items_purchased":["Membership Card","Pear","Havoc","Inflame","Matryoshka","SteroidPotion"],"campfire_rested":2,"item_purchase_floors":[27,27,27,27,27,27],"current_hp_per_floor":[92,90,86,80,76,40,40,40,40,41,41,31,31,31,59,26,79,79,45,45,41,35,35,20,11,11,21,21,27,27,27,73,0],"gold":40,"neow_bonus":"TWENTY_PERCENT_HP_BONUS","is_prod":false,"is_daily":false,"chose_seed":false,"campfire_upgraded":1,"win_rate":0,"timestamp":1559432127,"path_taken":["M","M","?","M","M","E","R","?","T","E","R","E","?","?","R","BOSS","M","?","?","M","M","R","E","M","T","$","?","M","?","?","R","BOSS"],"build_version":"2019-01-23","purchased_purges":0,"victory":false,"max_hp_per_floor":[96,96,96,96,96,96,96,96,96,96,96,96,96,96,96,96,96,96,96,96,96,96,96,96,96,96,106,106,106,106,106,106,106],"card_choices":[{"not_picked":["Armaments","Wild Strike"],"picked":"Anger","floor":1.0},{"not_picked":["Clash","Reckless Charge"],"picked":"Warcry","floor":2.0},{"not_picked":["Twin Strike","Headbutt"],"picked":"Heavy Blade","floor":3},{"not_picked":["Havoc","Spot Weakness"],"picked":"Shrug It Off","floor":4},{"not_picked":["Evolve","Twin Strike"],"picked":"Armaments","floor":5},{"not_picked":["Berserk","Cleave"],"picked":"Demon Form","floor":6},{"not_picked":["Cleave","Armaments"],"picked":"Feel No Pain","floor":10},{"not_picked":["Twin Strike","Wild Strike"],"picked":"Shockwave","floor":12},{"not_picked":["Intimidate","Clothesline"],"picked":"True Grit","floor":13},{"not_picked":["Brutality","Berserk"],"picked":"Offering","floor":16},{"not_picked":["Warcry","Flame Barrier"],"picked":"Rupture","floor":18},{"not_picked":["Twin Strike+1","Cleave+1"],"picked":"Dropkick","floor":19},{"not_picked":["Rupture","Havoc+1"],"picked":"Dual Wield","floor":21},{"not_picked":["Shockwave","Intimidate"],"picked":"Flex","floor":22},{"not_picked":["Thunderclap","Infernal Blade+1"],"picked":"Ghostly Armor+1","floor":24},{"not_picked":["Combust","Body Slam","Bludgeon"],"picked":"SKIP","floor":25},{"not_picked":["Clothesline","Inflame"],"picked":"Shrug It Off+1","floor":29},{"not_picked":["Shockwave","Thunderclap"],"picked":"Sword Boomerang","floor":30}],"player_experience":247065,"relics_obtained":[{"floor":6,"key":"Ornamental Fan"},{"floor":8,"key":"Girya"},{"floor":9,"key":"Self Forming Clay"},{"floor":10,"key":"Red Skull"},{"floor":12,"key":"Tiny Chest"},{"floor":24,"key":"Dodecahedron"},{"floor":24,"key":"Regal Pillow"},{"floor":26,"key":"Whetstone"}],"event_choices":[{"damage_healed":0,"gold_gain":0,"player_choice":"Relic","damage_taken":0,"max_hp_gain":0,"max_hp_loss":0,"event_name":"Wheel of Change","floor":8,"gold_loss":0},{"damage_healed":0,"gold_gain":0,"cards_transformed":["Strike_R"],"player_choice":"Transformed","damage_taken":0,"max_hp_gain":0,"max_hp_loss":0,"event_name":"Transmorgrifier","floor":14,"gold_loss":0,"cards_obtained":["Bludgeon"]},{"damage_healed":0,"gold_gain":0,"player_choice":"Simplicity","damage_taken":0,"max_hp_gain":0,"max_hp_loss":0,"event_name":"Back to Basics","floor":20,"gold_loss":0,"cards_upgraded":["Strike_R","Strike_R","Strike_R","Strike_R","Defend_R","Defend_R","Defend_R","Defend_R"]},{"damage_healed":0,"gold_gain":0,"player_choice":"1 cards matched","damage_taken":0,"max_hp_gain":0,"max_hp_loss":0,"event_name":"Match and Keep!","floor":28,"gold_loss":0,"cards_obtained":["Cleave"]},{"damage_healed":0,"gold_gain":0,"player_choice":"Obtain J.A.X.","damage_taken":0,"max_hp_gain":0,"max_hp_loss":0,"event_name":"Drug Dealer","floor":31,"gold_loss":0,"cards_obtained":["J.A.X."]}],"is_beta":false,"boss_relics":[{"not_picked":["Runic Pyramid","Lizard Tail"],"picked":"Black Star"}],"items_purged_floors":[],"is_endless":false,"potions_floor_spawned":[3,6,10,12,16,21,24,29,30],"killed_by":"Automaton","ascension_level":5}