{"gold_per_floor":[112,262,317,335,348,348,379,454,504,519,519,34,34,62,62,62],"floor_reached":16,"playtime":582,"items_purged":["Doubt"],"score":211,"play_id":"2da14bd5-f00f-49af-b771-c90d5d4e3e69","local_time":"20190726225250","is_ascension_mode":true,"campfire_choices":[{"data":"Cleave","floor":6,"key":"SMITH"},{"data":"Rampage","floor":11,"key":"SMITH"},{"floor":13,"key":"REST"},{"floor":15,"key":"REST"}],"neow_cost":"NONE","seed_source_timestamp":357408464792220,"circlet_count":0,"master_deck":["AscendersBane","Strike_R","Strike_R","Strike_R","Strike_R","Strike_R","Defend_R","Defend_R","Defend_R","Defend_R","Bash","Cleave+1","Armaments","Intimidate","Battle Trance","Shockwave","Rampage+1","True Grit","The Bomb","Shrug It Off"],"relics":["Burning Blood","Happy Flower","Unceasing Top","Anchor","Orichalcum","Ancient Tea Set"],"potions_floor_usage":[7],"damage_taken":[{"damage":2,"enemies":"2 Louse","floor":1,"turns":3},{"damage":21,"enemies":"Jaw Worm","floor":4,"turns":5},{"damage":0,"enemies":"Small Slimes","floor":5,"turns":3},{"damage":51,"enemies":"Lagavulin","floor":7,"turns":10},{"damage":0,"enemies":"2 Fungi Beasts","floor":10,"turns":2},{"damage":18,"enemies":"3 Sentries","floor":14,"turns":6},{"damage":49,"enemies":"Hexaghost","floor":16,"turns":9}],"seed_played":"2637460472584456173","potions_obtained":[{"floor":5,"key":"SkillPotion"},{"floor":7,"key":"Explosive Potion"},{"floor":10,"key":"PowerPotion"}],"is_trial":false,"path_per_floor":["M","?","T","M","M","R","E","?","T","M","R","$","R","E","R","B"],"character_chosen":"IRONCLAD","items_purchased":["True Grit","Orichalcum","The Bomb"],"campfire_rested":2,"item_purchase_floors":[12,12,12],"current_hp_per_floor":[72,72,72,57,63,63,18,7,7,13,13,13,35,23,45,0],"gold":62,"neow_bonus":"THREE_CARDS","is_prod":false,"is_daily":false,"chose_seed":false,"campfire_upgraded":2,"win_rate":0,"timestamp":1564199570,"path_taken":["M","?","?","M","M","R","E","?","T","M","R","$","R","E","R","BOSS"],"build_version":"2019-07-17","purchased_purges":1,"victory":false,"max_hp_per_floor":[75,75,75,75,75,75,75,75,75,75,75,75,75,75,75,75],"card_choices":[{"not_picked":["Iron Wave","Clothesline"],"picked":"Cleave","floor":0},{"not_picked":["Fire Breathing","Body Slam"],"picked":"Armaments","floor":1},{"not_picked":["Ghostly Armor","Body Slam"],"picked":"Intimidate","floor":4},{"not_picked":["Hemokinesis","Seeing Red"],"picked":"Battle Trance","floor":5},{"not_picked":["Hemokinesis","Burning Pact"],"picked":"Shockwave","floor":7},{"not_picked":["Armaments","Twin Strike"],"picked":"Rampage","floor":10},{"not_picked":["Rupture","Clothesline"],"picked":"Shrug It Off","floor":14}],"player_experience":539723,"relics_obtained":[{"floor":3,"key":"Happy Flower"},{"floor":7,"key":"Unceasing Top"},{"floor":9,"key":"Anchor"},{"floor":14,"key":"Ancient Tea Set"}],"event_choices":[{"damage_healed":0,"gold_gain":150,"player_choice":"AGREE","damage_taken":0,"max_hp_gain":0,"max_hp_loss":0,"event_name":"Liars Game","floor":2,"gold_loss":0,"cards_obtained":["Doubt"]},{"damage_healed":0,"gold_gain":75,"player_choice":"Gather Gold","damage_taken":11,"max_hp_gain":0,"max_hp_loss":0,"event_name":"World of Goop","floor":8,"gold_loss":0}],"is_beta":false,"boss_relics":[],"items_purged_floors":[12],"is_endless":false,"potions_floor_spawned":[5,7,10],"killed_by":"Hexaghost","ascension_level":19}