{"gold_per_floor":[109,127,127,127,151,190,36,36,36,36,76,1,1,35,35,161,161,184,203,203,52,62,62,96,96,145,173,173,189,189,206,206,307,307,324,324,335,123,139,168,188,215,239,239,264,277,289,289,289,289],"floor_reached":51,"playtime":2744,"items_purged":["Strike_R","Strike_R"],"score":1030,"play_id":"1a9f9255-4d4c-4661-9135-359f0a3c51e9","local_time":"20190521184149","is_ascension_mode":true,"campfire_choices":[{"floor":8,"key":"REST"},{"data":"1","floor":10,"key":"LIFT"},{"data":"Whirlwind","floor":15,"key":"SMITH"},{"data":"2","floor":23,"key":"LIFT"},{"data":"3","floor":25,"key":"LIFT"},{"data":"Demon Form","floor":28,"key":"SMITH"},{"data":"Shockwave","floor":32,"key":"SMITH"},{"data":"Impervious","floor":44,"key":"SMITH"},{"data":"Feel No Pain","floor":49,"key":"SMITH"}],"neow_cost":"NONE","seed_source_timestamp":477974664732452,"circlet_count":0,"master_deck":["Strike_R","Strike_R","Strike_R","Defend_R","Defend_R","Defend_R","Defend_R","Bash","Demon Form+1","Seeing Red","Whirlwind+1","Shockwave+1","Spot Weakness","Impervious+1","Feel No Pain+1","True Grit","Thunderclap+1","Pommel Strike","Second Wind+1","Clumsy","Feed+1","Body Slam+1","Heavy Blade+1","Double Tap","Shrug It Off","Madness","Madness","Battle Trance","Pummel+1","Clumsy","Disarm"],"relics":["Burning Blood","Girya","Bloody Idol","Anchor","PreservedInsect","Charon\u0027s Ashes","Orichalcum","Question Card","Calipers","Cursed Key","Happy Flower","Ancient Tea Set","Bag of Preparation","Molten Egg 2","Busted Crown","Boot","Ornamental Fan","Dream Catcher"],"potions_floor_usage":[6,16,31,33,50,50,50],"damage_taken":[{"damage":7,"enemies":"Jaw Worm","floor":1,"turns":3},{"damage":0,"enemies":"Small Slimes","floor":2,"turns":3},{"damage":1,"enemies":"2 Louse","floor":5,"turns":2},{"damage":54,"enemies":"Lagavulin","floor":6,"turns":7},{"damage":0,"enemies":"3 Sentries","floor":11,"turns":3},{"damage":0,"enemies":"Gremlin Nob","floor":14,"turns":4},{"damage":17,"enemies":"Hexaghost","floor":16,"turns":7},{"damage":13,"enemies":"2 Thieves","floor":18,"turns":4},{"damage":13,"enemies":"Shell Parasite","floor":19,"turns":3},{"damage":3,"enemies":"3 Cultists","floor":22,"turns":4},{"damage":0,"enemies":"Gremlin Leader","floor":24,"turns":4},{"damage":0,"enemies":"Slavers","floor":27,"turns":2},{"damage":0,"enemies":"Centurion and Healer","floor":29,"turns":1},{"damage":21,"enemies":"Snecko","floor":31,"turns":7},{"damage":6,"enemies":"Collector","floor":33,"turns":6},{"damage":1,"enemies":"3 Darklings","floor":35,"turns":2},{"damage":19,"enemies":"Orb Walker","floor":37,"turns":5},{"damage":6,"enemies":"Jaw Worm Horde","floor":39,"turns":4},{"damage":10,"enemies":"Giant Head","floor":40,"turns":5},{"damage":6,"enemies":"4 Shapes","floor":41,"turns":5},{"damage":19,"enemies":"Reptomancer","floor":42,"turns":3},{"damage":0,"enemies":"Nemesis","floor":45,"turns":3},{"damage":5,"enemies":"3 Darklings","floor":46,"turns":2},{"damage":20,"enemies":"Spire Growth","floor":47,"turns":4},{"damage":33,"enemies":"Donu and Deca","floor":50,"turns":6}],"seed_played":"8700508218263487077","potions_obtained":[{"floor":2,"key":"Swift Potion"},{"floor":6,"key":"SkillPotion"},{"floor":11,"key":"AttackPotion"},{"floor":18,"key":"Dexterity Potion"},{"floor":22,"key":"Fruit Juice"},{"floor":33,"key":"BloodPotion"},{"floor":35,"key":"Strength Potion"},{"floor":45,"key":"Weak Potion"}],"is_trial":false,"path_per_floor":["M","M","?","?","M","E","$","R","T","R","E","$","T","E","R","B",null,"M","M","?","$","M","R","E","R","T","E","R","M","?","M","R","B",null,"M","?","M","$","M","E","M","E","T","R","E","M","M","?","R","B",null],"character_chosen":"IRONCLAD","items_purchased":["PreservedInsect","Happy Flower","Battle Trance","Pummel+1"],"campfire_rested":1,"item_purchase_floors":[7,21,38,38],"current_hp_per_floor":[79,80,73,53,58,10,10,34,34,34,40,40,40,46,46,35,80,76,69,69,69,80,80,86,86,86,89,89,89,89,88,88,97,102,106,93,88,88,96,100,112,104,109,109,123,128,119,119,119,92],"gold":289,"neow_bonus":"ONE_RANDOM_RARE_CARD","is_prod":false,"is_daily":false,"chose_seed":false,"campfire_upgraded":5,"win_rate":0,"timestamp":1558482109,"path_taken":["M","M","?","?","M","E","$","R","T","R","E","$","?","E","R","BOSS","M","M","?","$","M","R","E","R","T","E","R","M","?","M","R","BOSS","M","?","M","$","M","E","M","E","T","R","E","M","M","?","R","BOSS"],"build_version":"2019-01-23","purchased_purges":2,"victory":true,"max_hp_per_floor":[80,80,80,80,80,80,80,80,80,80,80,80,80,80,80,80,80,83,83,83,83,86,86,86,86,86,89,89,89,89,98,98,102,102,106,106,109,109,112,115,122,122,122,122,125,128,128,128,128,128],"card_choices":[{"not_picked":["Warcry","Pommel Strike"],"picked":"Seeing Red","floor":1},{"not_picked":["Perfected Strike","Blood for Blood"],"picked":"Whirlwind","floor":2},{"not_picked":["Flex","Blood for Blood"],"picked":"Shockwave","floor":5},{"not_picked":["Flame Barrier","True Grit"],"picked":"Spot Weakness","floor":6},{"not_picked":["Battle Trance","Dual Wield"],"picked":"Impervious","floor":11},{"not_picked":["Pommel Strike","Dropkick","Iron Wave"],"picked":"Feel No Pain","floor":14},{"not_picked":["Bludgeon","Double Tap","Demon Form"],"picked":"Feed","floor":16},{"not_picked":["Carnage","Sword Boomerang","Hemokinesis"],"picked":"True Grit","floor":18},{"not_picked":["Flame Barrier","Warcry","Rupture+1"],"picked":"Thunderclap+1","floor":19},{"not_picked":["Wild Strike","Blood for Blood","Anger"],"picked":"Pommel Strike","floor":22},{"not_picked":["Headbutt","Whirlwind","Armaments"],"picked":"Second Wind+1","floor":24},{"not_picked":["Intimidate","Body Slam","Metallicize"],"picked":"Feed","floor":27},{"not_picked":["Headbutt+1","Twin Strike+1","Warcry"],"picked":"Body Slam+1","floor":29},{"not_picked":["Havoc+1","Thunderclap+1","Flex"],"picked":"Heavy Blade+1","floor":31},{"not_picked":["Demon Form","Juggernaut","Brutality"],"picked":"Double Tap","floor":33},{"not_picked":["Rage"],"picked":"Shrug It Off","floor":35},{"not_picked":["Heavy Blade+1","Clothesline+1"],"picked":"SKIP","floor":37},{"not_picked":["Metallicize+1","Pommel Strike+1"],"picked":"SKIP","floor":39},{"not_picked":["Havoc","Uppercut+1"],"picked":"SKIP","floor":40},{"not_picked":["Havoc","Twin Strike+1"],"picked":"SKIP","floor":41},{"not_picked":["Armaments","Infernal Blade+1"],"picked":"SKIP","floor":42},{"not_picked":["Iron Wave+1"],"picked":"Disarm","floor":45},{"not_picked":["Clash+1","Bludgeon+1"],"picked":"SKIP","floor":46},{"not_picked":["Wild Strike+1","Reckless Charge+1"],"picked":"SKIP","floor":47}],"player_experience":121210,"relics_obtained":[{"floor":6,"key":"Anchor"},{"floor":9,"key":"Charon\u0027s Ashes"},{"floor":11,"key":"Orichalcum"},{"floor":13,"key":"Question Card"},{"floor":14,"key":"Calipers"},{"floor":24,"key":"Ancient Tea Set"},{"floor":26,"key":"Bag of Preparation"},{"floor":27,"key":"Molten Egg 2"},{"floor":40,"key":"Boot"},{"floor":42,"key":"Ornamental Fan"},{"floor":45,"key":"Dream Catcher"}],"event_choices":[{"damage_healed":0,"gold_gain":0,"player_choice":"Success","damage_taken":7,"relics_obtained":["Girya"],"max_hp_gain":0,"max_hp_loss":0,"event_name":"Scrap Ooze","floor":3,"gold_loss":0},{"damage_healed":0,"gold_gain":0,"player_choice":"Take Damage","damage_taken":20,"relics_obtained":["Golden Idol"],"max_hp_gain":0,"max_hp_loss":0,"event_name":"Golden Idol","floor":4,"gold_loss":0},{"damage_healed":0,"gold_gain":0,"player_choice":"Gave Idol","damage_taken":0,"relics_obtained":["Bloody Idol"],"max_hp_gain":0,"max_hp_loss":0,"event_name":"Forgotten Altar","floor":20,"relics_lost":["Golden Idol"],"gold_loss":0},{"damage_healed":0,"gold_gain":0,"player_choice":"Ignored","damage_taken":0,"max_hp_gain":0,"max_hp_loss":0,"event_name":"Cursed Tome","floor":30,"gold_loss":0},{"damage_healed":0,"gold_gain":0,"player_choice":"Embrace Madness","damage_taken":13,"max_hp_gain":0,"max_hp_loss":0,"event_name":"Winding Halls","floor":36,"gold_loss":0,"cards_obtained":["Madness","Madness"]},{"cards_removed":["Feed"],"damage_healed":0,"gold_gain":0,"player_choice":"Removed Attack","damage_taken":0,"max_hp_gain":0,"max_hp_loss":0,"event_name":"Falling","floor":48,"gold_loss":0}],"is_beta":false,"boss_relics":[{"not_picked":["Pandora\u0027s Box","Calling Bell"],"picked":"Cursed Key"},{"not_picked":["Velvet Choker","White Beast Statue"],"picked":"Busted Crown"}],"items_purged_floors":[12,38],"is_endless":false,"potions_floor_spawned":[2,6,11,18,22,24,33,35,39,45,46,47],"ascension_level":2}