{"gold_per_floor":[109,184,29,179,194,194,226,226,226,6,16,46,46,59,59,133,133,153,184,84,103,18,48,48,60,60,89,14,46,46,56,56,56],"floor_reached":33,"playtime":1570,"items_purged":["Strike_R"],"score":638,"play_id":"a343a8f7-9ec8-4b77-8e3b-8730e720f942","local_time":"20190711230018","is_ascension_mode":true,"campfire_choices":[{"data":"Brutality","floor":6,"key":"SMITH"},{"data":"Whirlwind","floor":8,"key":"SMITH"},{"data":"Rampage","floor":13,"key":"SMITH"},{"floor":15,"key":"REST"},{"data":"Armaments","floor":24,"key":"SMITH"},{"floor":30,"key":"REST"},{"floor":32,"key":"REST"}],"neow_cost":"NONE","seed_source_timestamp":103069362875078,"circlet_count":0,"master_deck":["AscendersBane","Strike_R","Strike_R","Strike_R","Strike_R","Defend_R","Defend_R","Defend_R","Defend_R","Bash","Shrug It Off","Corruption","Rampage+1","Doubt","Brutality+1","Whirlwind+1","Reaper","Shockwave","Shrug It Off","Combust","Impervious","Armaments+1","True Grit","Disarm","Metallicize+1","Combust"],"relics":["Burning Blood","NeowsBlessing","Letter Opener","Dream Catcher","PreservedInsect","Velvet Choker","Red Mask","Unceasing Top","Torii","Ornamental Fan","Lantern","Anchor"],"potions_floor_usage":[16,23,27,33],"damage_taken":[{"damage":0,"enemies":"Cultist","floor":1,"turns":1},{"damage":0,"enemies":"2 Louse","floor":5,"turns":1},{"damage":0,"enemies":"3 Sentries","floor":7,"turns":1},{"damage":15,"enemies":"Small Slimes","floor":11,"turns":5},{"damage":26,"enemies":"Lagavulin","floor":12,"turns":7},{"damage":21,"enemies":"Exordium Thugs","floor":14,"turns":5},{"damage":44,"enemies":"Slime Boss","floor":16,"turns":8},{"damage":6,"enemies":"3 Byrds","floor":18,"turns":4},{"damage":17,"enemies":"Masked Bandits","floor":19,"turns":4},{"damage":28,"enemies":"2 Thieves","floor":20,"turns":5},{"damage":32,"enemies":"Chosen and Byrds","floor":21,"turns":6},{"damage":28,"enemies":"Slavers","floor":23,"turns":4},{"damage":5,"enemies":"3 Cultists","floor":25,"turns":4},{"damage":38,"enemies":"Book of Stabbing","floor":27,"turns":5},{"damage":23,"enemies":"Slavers","floor":29,"turns":4},{"damage":17,"enemies":"Shelled Parasite and Fungi","floor":31,"turns":6},{"damage":72,"enemies":"Automaton","floor":33,"turns":8}],"seed_played":"-5308073284137449886","potions_obtained":[{"floor":12,"key":"BloodPotion"},{"floor":18,"key":"BloodPotion"},{"floor":25,"key":"Weak Potion"},{"floor":31,"key":"LiquidBronze"}],"is_trial":false,"path_per_floor":["M","?","$","?","M","R","E","R","T","$","M","E","R","M","R","B",null,"M","?","M","M","?","E","R","M","T","E","$","E","R","M","R","B"],"character_chosen":"IRONCLAD","items_purchased":["Corruption","Rampage","Reaper","Fire Potion"],"campfire_rested":3,"item_purchase_floors":[3,3,10,10],"current_hp_per_floor":[74,63,63,63,69,69,75,75,75,75,70,50,50,35,57,19,61,75,67,53,27,27,29,29,42,42,28,28,20,42,31,53,0],"gold":56,"neow_bonus":"THREE_ENEMY_KILL","is_prod":false,"is_daily":false,"chose_seed":false,"campfire_upgraded":4,"win_rate":0,"timestamp":1562904018,"path_taken":["M","?","$","?","M","R","E","R","T","$","M","E","R","M","R","BOSS","M","?","M","M","?","E","R","M","T","E","$","E","R","M","R","BOSS"],"build_version":"2019-07-05","purchased_purges":1,"victory":false,"max_hp_per_floor":[75,75,75,75,75,75,75,75,75,75,75,75,75,75,75,75,75,75,75,75,75,75,75,75,75,75,75,75,75,75,75,75,75],"card_choices":[{"not_picked":["Clash","Clothesline"],"picked":"Shrug It Off","floor":1},{"not_picked":["Heavy Blade","Armaments"],"picked":"Brutality","floor":5},{"not_picked":["Pommel Strike","Shrug It Off"],"picked":"Whirlwind","floor":7},{"not_picked":["Dropkick","Infernal Blade"],"picked":"Shockwave","floor":11},{"not_picked":["Cleave","Hemokinesis"],"picked":"Shrug It Off","floor":12},{"not_picked":["Anger","Flex","Infernal Blade"],"picked":"SKIP","floor":14},{"not_picked":["Hemokinesis","Fire Breathing"],"picked":"Combust","floor":15},{"not_picked":["Berserk","Reaper"],"picked":"Impervious","floor":16},{"not_picked":["Hemokinesis","Thunderclap","Warcry"],"picked":"SKIP","floor":18},{"not_picked":["Reckless Charge","Pommel Strike"],"picked":"Armaments","floor":20},{"not_picked":["Clothesline","Thunderclap+1","Entrench"],"picked":"SKIP","floor":21},{"not_picked":["Berserk","Armaments"],"picked":"True Grit","floor":23},{"not_picked":["Body Slam","Warcry","Thunderclap"],"picked":"SKIP","floor":25},{"not_picked":["Headbutt","Hemokinesis+1"],"picked":"Disarm","floor":27},{"not_picked":["Infernal Blade","Armaments","Burning Pact"],"picked":"SKIP","floor":29},{"not_picked":["Brutality","Entrench"],"picked":"Metallicize+1","floor":30},{"not_picked":["Body Slam","Perfected Strike+1","Uppercut"],"picked":"SKIP","floor":31},{"not_picked":["Power Through","Pommel Strike"],"picked":"Combust","floor":32}],"player_experience":471827,"relics_obtained":[{"floor":7,"key":"Letter Opener"},{"floor":9,"key":"Dream Catcher"},{"floor":12,"key":"PreservedInsect"},{"floor":19,"key":"Red Mask"},{"floor":23,"key":"Torii"},{"floor":26,"key":"Ornamental Fan"},{"floor":27,"key":"Lantern"},{"floor":29,"key":"Anchor"}],"event_choices":[{"damage_healed":0,"gold_gain":75,"player_choice":"Gather Gold","damage_taken":11,"max_hp_gain":0,"max_hp_loss":0,"event_name":"World of Goop","floor":2,"gold_loss":0},{"damage_healed":0,"gold_gain":150,"player_choice":"AGREE","damage_taken":0,"max_hp_gain":0,"max_hp_loss":0,"event_name":"Liars Game","floor":4,"gold_loss":0,"cards_obtained":["Doubt"]},{"damage_healed":0,"gold_gain":0,"player_choice":"Fought Bandits","damage_taken":0,"max_hp_gain":0,"max_hp_loss":0,"event_name":"Masked Bandits","floor":19,"gold_loss":0},{"damage_healed":0,"gold_gain":0,"player_choice":"Obtained Relic","damage_taken":0,"relics_obtained":["Unceasing Top"],"max_hp_gain":0,"max_hp_loss":0,"event_name":"Addict","floor":22,"gold_loss":85}],"is_beta":false,"boss_relics":[{"not_picked":["Tiny House","Black Blood"],"picked":"Velvet Choker"}],"items_purged_floors":[28],"is_endless":false,"potions_floor_spawned":[12,18,25,31],"killed_by":"Automaton","ascension_level":18}