{"gold_per_floor":[109,129,204,204,217,543,543,543,591,603,603],"floor_reached":11,"playtime":275,"items_purged":[],"score":142,"play_id":"d960c648-d208-4527-ad20-b5b01e632576","local_time":"20190803130843","is_ascension_mode":true,"campfire_choices":[{"data":"Shockwave","floor":8,"key":"SMITH"}],"neow_cost":"TEN_PERCENT_HP_LOSS","seed_source_timestamp":1013883747358145,"circlet_count":0,"master_deck":["AscendersBane","Strike_R","Strike_R","Strike_R","Strike_R","Strike_R","Defend_R","Defend_R","Defend_R","Defend_R","Bash","Bludgeon","Shockwave+1","Metallicize","Flame Barrier","Battle Trance","Dual Wield"],"relics":["Burning Blood","Old Coin","Paper Frog","Potion Belt"],"potions_floor_usage":[6],"damage_taken":[{"damage":14,"enemies":"Small Slimes","floor":1,"turns":3},{"damage":12,"enemies":"Jaw Worm","floor":2,"turns":2},{"damage":2,"enemies":"2 Louse","floor":5,"turns":3},{"damage":36,"enemies":"Lagavulin","floor":6,"turns":9},{"damage":7,"enemies":"Large Slime","floor":10,"turns":3},{"damage":46,"enemies":"Gremlin Nob","floor":11,"turns":4}],"seed_played":"4645079496813021925","potions_obtained":[{"floor":1,"key":"Dexterity Potion"},{"floor":2,"key":"SmokeBomb"},{"floor":5,"key":"Fruit Juice"},{"floor":10,"key":"Dexterity Potion"}],"is_trial":false,"path_per_floor":["M","M","?","?","M","E","T","R","T","M","E"],"character_chosen":"IRONCLAD","items_purchased":[],"campfire_rested":0,"item_purchase_floors":[],"current_hp_per_floor":[60,54,43,65,68,38,38,38,38,37,0],"gold":603,"neow_bonus":"THREE_RARE_CARDS","is_prod":false,"is_daily":false,"chose_seed":false,"campfire_upgraded":1,"win_rate":0,"timestamp":1564855723,"path_taken":["M","M","?","?","M","E","?","R","T","M","E"],"build_version":"2019-07-17","purchased_purges":0,"victory":false,"max_hp_per_floor":[68,68,68,68,68,68,68,68,68,68,68],"card_choices":[{"not_picked":["Brutality","Exhume"],"picked":"Bludgeon","floor":0},{"not_picked":["Disarm","Fire Breathing"],"picked":"Shockwave","floor":1},{"not_picked":["Pommel Strike","Pummel"],"picked":"Metallicize","floor":2},{"not_picked":["Iron Wave","Searing Blow"],"picked":"Flame Barrier","floor":5},{"not_picked":["Havoc","Flex"],"picked":"Battle Trance","floor":6},{"not_picked":["Iron Wave","Body Slam"],"picked":"Dual Wield","floor":10}],"player_experience":552260,"relics_obtained":[{"floor":6,"key":"Old Coin"},{"floor":7,"key":"Paper Frog"},{"floor":9,"key":"Potion Belt"}],"event_choices":[{"damage_healed":0,"gold_gain":75,"player_choice":"Gather Gold","damage_taken":11,"max_hp_gain":0,"max_hp_loss":0,"event_name":"World of Goop","floor":3,"gold_loss":0},{"damage_healed":22,"gold_gain":0,"player_choice":"Banana","damage_taken":0,"max_hp_gain":0,"max_hp_loss":0,"event_name":"Big Fish","floor":4,"gold_loss":0}],"is_beta":false,"boss_relics":[],"items_purged_floors":[],"is_endless":false,"potions_floor_spawned":[1,2,5,10],"killed_by":"Gremlin Nob","ascension_level":19}