{"gold_per_floor":[109,109,133,158,158,158,194,194,194,194,228,246,284,284,284,377,377,402,426,426,426,451,495,29,43,73,73,107,128,144,159,159,252,252,265,265,0,0,15,54,54,54,54,79,79,113,132,41,41,41],"floor_reached":51,"playtime":3508,"items_purged":["Strike_R"],"score":1487,"play_id":"0cabf041-af51-4799-8f83-f3ab5a6f8877","local_time":"20190709195453","is_ascension_mode":true,"campfire_choices":[{"data":"Sever Soul","floor":6,"key":"SMITH"},{"data":"Offering","floor":8,"key":"SMITH"},{"data":"True Grit","floor":10,"key":"SMITH"},{"data":"Whirlwind","floor":15,"key":"SMITH"},{"floor":27,"key":"REST"},{"data":"Barricade","floor":32,"key":"SMITH"},{"data":"Shockwave","floor":41,"key":"SMITH"},{"floor":49,"key":"REST"}],"neow_cost":"NONE","seed_source_timestamp":173291587251758,"circlet_count":0,"master_deck":["AscendersBane","Defend_R","Defend_R","Defend_R","Defend_R","Shockwave+1","Seeing Red","True Grit+1","Offering+1","Corruption","Havoc","Whirlwind+1","Demon Form","Shrug It Off","Rupture","Battle Trance","Seeing Red","Offering+1","Barricade+1","Dropkick+1","Pommel Strike+1","Metallicize","Impervious","Shrug It Off+1","Bandage Up","Thunderclap+1","Madness","Madness","Second Wind+1","Bandage Up"],"relics":["Burning Blood","Omamori","Golden Idol","Pantograph","Sundial","Charon\u0027s Ashes","Ice Cream","Runic Pyramid","Necronomicon","Blood Vial","DollysMirror","PreservedInsect","Tiny Chest","Strawberry","Empty Cage","Pen Nib","Darkstone Periapt","Pear","Whetstone"],"potions_floor_usage":[25,25,47],"damage_taken":[{"damage":7,"enemies":"Jaw Worm","floor":1,"turns":3},{"damage":4,"enemies":"Small Slimes","floor":3,"turns":4},{"damage":5,"enemies":"2 Louse","floor":4,"turns":3},{"damage":12,"enemies":"Gremlin Nob","floor":7,"turns":4},{"damage":22,"enemies":"Lagavulin","floor":11,"turns":4},{"damage":8,"enemies":"Exordium Wildlife","floor":12,"turns":3},{"damage":16,"enemies":"3 Sentries","floor":13,"turns":3},{"damage":42,"enemies":"The Guardian","floor":16,"turns":10},{"damage":7,"enemies":"Chosen","floor":18,"turns":4},{"damage":13,"enemies":"3 Byrds","floor":19,"turns":3},{"damage":6,"enemies":"Cultist and Chosen","floor":22,"turns":2},{"damage":9,"enemies":"Book of Stabbing","floor":23,"turns":4},{"damage":41,"enemies":"Shelled Parasite and Fungi","floor":25,"turns":3},{"damage":0,"enemies":"Slavers","floor":28,"turns":1},{"damage":12,"enemies":"Snake Plant","floor":29,"turns":3},{"damage":13,"enemies":"Centurion and Healer","floor":30,"turns":3},{"damage":13,"enemies":"Snecko","floor":31,"turns":3},{"damage":14,"enemies":"Collector","floor":33,"turns":6},{"damage":21,"enemies":"3 Shapes","floor":35,"turns":3},{"damage":10,"enemies":"3 Darklings","floor":39,"turns":3},{"damage":12,"enemies":"Giant Head","floor":40,"turns":6},{"damage":15,"enemies":"Spire Growth","floor":44,"turns":6},{"damage":12,"enemies":"Reptomancer","floor":46,"turns":4},{"damage":44,"enemies":"Transient","floor":47,"turns":6},{"damage":67,"enemies":"Time Eater","floor":50,"turns":8}],"seed_played":"9203057051108722711","potions_obtained":[{"floor":3,"key":"SpeedPotion"},{"floor":4,"key":"BloodPotion"},{"floor":11,"key":"Fire Potion"},{"floor":25,"key":"Explosive Potion"},{"floor":31,"key":"SteroidPotion"},{"floor":47,"key":"AttackPotion"}],"is_trial":false,"path_per_floor":["M","?","M","M","?","R","E","R","T","R","E","M","E","?","R","B",null,"M","M","?","?","M","E","$","M","T","R","E","M","M","M","R","B",null,"M","?","$","?","M","E","R","?","T","M","T","E","M","$","R","B",null],"character_chosen":"IRONCLAD","items_purchased":["DollysMirror","PreservedInsect","Pen Nib","Bandage Up","Bandage Up"],"campfire_rested":2,"item_purchase_floors":[24,24,37,37,48],"current_hp_per_floor":[67,67,69,70,70,70,64,64,64,64,48,46,36,29,29,18,61,60,53,53,32,32,29,29,14,14,36,51,47,42,37,37,56,76,63,63,63,63,65,65,65,50,50,47,57,57,25,25,52,26],"gold":41,"neow_bonus":"RANDOM_COMMON_RELIC","is_prod":false,"is_daily":false,"chose_seed":false,"campfire_upgraded":6,"win_rate":0,"timestamp":1562720093,"path_taken":["M","?","M","M","?","R","E","R","T","R","E","M","E","?","R","BOSS","M","M","?","?","?","E","$","M","T","R","E","M","?","M","R","BOSS","M","?","$","?","M","E","R","?","T","M","?","E","M","$","R","BOSS"],"build_version":"2019-07-05","purchased_purges":1,"victory":true,"max_hp_per_floor":[75,75,75,75,75,75,75,75,75,75,75,75,75,75,75,75,75,75,75,75,75,75,75,75,75,75,75,82,82,82,82,82,82,82,82,82,82,82,82,82,82,82,82,82,92,92,92,92,92,92],"card_choices":[{"not_picked":["Cleave","Armaments"],"picked":"Shockwave","floor":1},{"not_picked":["Reckless Charge","Entrench"],"picked":"Seeing Red","floor":3},{"not_picked":["Sentinel","Thunderclap"],"picked":"True Grit","floor":4},{"not_picked":["Armaments","Whirlwind"],"picked":"Offering","floor":7},{"not_picked":["Headbutt","Impervious"],"picked":"Corruption","floor":11},{"not_picked":["Clash","Dual Wield"],"picked":"Havoc","floor":12},{"not_picked":["Wild Strike","Heavy Blade"],"picked":"Whirlwind","floor":13},{"not_picked":["Exhume","Fiend Fire"],"picked":"Demon Form","floor":16},{"not_picked":["Pommel Strike","Anger"],"picked":"Shrug It Off","floor":18},{"not_picked":["Pommel Strike","Intimidate"],"picked":"Rupture","floor":19},{"not_picked":["Searing Blow","Headbutt"],"picked":"Battle Trance","floor":22},{"not_picked":["Rampage","Warcry"],"picked":"Seeing Red","floor":23},{"not_picked":["Clash","Pommel Strike"],"picked":"Barricade","floor":25},{"not_picked":["Havoc","Juggernaut"],"picked":"Dropkick","floor":28},{"not_picked":["Sever Soul","Shrug It Off","Intimidate"],"picked":"SKIP","floor":29},{"not_picked":["Iron Wave","Flex+1"],"picked":"Pommel Strike+1","floor":30},{"not_picked":["Pommel Strike","Shrug It Off"],"picked":"Metallicize","floor":31},{"not_picked":["Limit Break","Exhume"],"picked":"Impervious","floor":33},{"not_picked":["Rage","Whirlwind"],"picked":"Shrug It Off+1","floor":35},{"not_picked":["Rage","Twin Strike","Perfected Strike"],"picked":"SKIP","floor":39},{"not_picked":["Rupture","Clothesline"],"picked":"Thunderclap","floor":40},{"not_picked":["Armaments","Anger","Body Slam"],"picked":"SKIP","floor":44},{"not_picked":["Demon Form","Dark Embrace"],"picked":"Second Wind+1","floor":46},{"not_picked":["Havoc","Iron Wave","Perfected Strike"],"picked":"SKIP","floor":47}],"player_experience":457785,"relics_obtained":[{"floor":7,"key":"Pantograph"},{"floor":9,"key":"Sundial"},{"floor":11,"key":"Charon\u0027s Ashes"},{"floor":13,"key":"Ice Cream"},{"floor":21,"key":"Necronomicon"},{"floor":23,"key":"Blood Vial"},{"floor":26,"key":"Tiny Chest"},{"floor":28,"key":"Strawberry"},{"floor":40,"key":"Darkstone Periapt"},{"floor":45,"key":"Pear"},{"floor":46,"key":"Whetstone"}],"event_choices":[{"damage_healed":0,"gold_gain":0,"player_choice":"Take Wound","damage_taken":0,"relics_obtained":["Golden Idol"],"max_hp_gain":0,"max_hp_loss":0,"event_name":"Golden Idol","floor":2,"gold_loss":0,"cards_obtained":["Injury"]},{"damage_healed":0,"gold_gain":0,"cards_transformed":["Strike_R"],"player_choice":"Change","damage_taken":0,"max_hp_gain":0,"max_hp_loss":0,"event_name":"Living Wall","floor":5,"gold_loss":0,"cards_obtained":["Sever Soul"]},{"cards_removed":["Strike_R"],"damage_healed":0,"gold_gain":0,"player_choice":"Card Removal","damage_taken":7,"max_hp_gain":0,"max_hp_loss":0,"event_name":"Golden Wing","floor":14,"gold_loss":0},{"cards_removed":["Strike_R"],"damage_healed":0,"gold_gain":0,"player_choice":"Elegance","damage_taken":0,"max_hp_gain":0,"max_hp_loss":0,"event_name":"Back to Basics","floor":20,"gold_loss":0},{"damage_healed":0,"gold_gain":0,"player_choice":"Obtained Book","damage_taken":21,"max_hp_gain":0,"max_hp_loss":0,"event_name":"Cursed Tome","floor":21,"gold_loss":0},{"damage_healed":0,"gold_gain":0,"player_choice":"Ignored","damage_taken":0,"max_hp_gain":0,"max_hp_loss":0,"event_name":"Tomb of Lord Red Mask","floor":36,"gold_loss":0},{"cards_removed":["Bash"],"damage_healed":0,"gold_gain":0,"player_choice":"Removed Attack","damage_taken":0,"max_hp_gain":0,"max_hp_loss":0,"event_name":"Falling","floor":38,"gold_loss":0},{"damage_healed":0,"gold_gain":0,"player_choice":"Embrace Madness","damage_taken":15,"max_hp_gain":0,"max_hp_loss":0,"event_name":"Winding Halls","floor":42,"gold_loss":0,"cards_obtained":["Madness","Madness"]}],"is_beta":false,"boss_relics":[{"not_picked":["Busted Crown","Sozu"],"picked":"Runic Pyramid"},{"not_picked":["Mark of Pain","Astrolabe"],"picked":"Empty Cage"}],"items_purged_floors":[24],"is_endless":false,"potions_floor_spawned":[3,4,11,13,19,23,25,31,40,47],"ascension_level":17}