{"gold_per_floor":[110,120,45,64,80,80,114,114,114,134,134,144,144,44,44,149,149,149,149,149,149,149,149,149,149,149,149,24,24,24,24,24,24,24,24,24,24,24,24,24,24,24,24,24,24,24,24,24,24,24],"floor_reached":51,"playtime":3191,"items_purged":["Strike_B","Defend_B","Defend_B"],"score":690,"play_id":"2d175261-af7f-4e35-82b4-c2a50e3bbd64","local_time":"20180902210250","is_ascension_mode":false,"campfire_choices":[{"data":"Gash","floor":6.0,"key":"SMITH"},{"data":"Self Repair","floor":8.0,"key":"SMITH"},{"data":"Sweeping Beam","floor":13.0,"key":"SMITH"},{"data":"Gash","floor":15.0,"key":"SMITH"},{"data":"Leap","floor":24.0,"key":"SMITH"},{"data":"Glacier","floor":27,"key":"SMITH"},{"data":"All For One","floor":29,"key":"SMITH"},{"data":"Self Repair","floor":32,"key":"SMITH"},{"data":"Auto Shields","floor":40,"key":"SMITH"},{"data":"Steam","floor":44,"key":"SMITH"},{"data":"Steam","floor":49,"key":"SMITH"}],"neow_cost":"NONE","seed_source_timestamp":0,"circlet_count":0,"master_deck":["Zap","Dualcast","Gash+1","Machine Learning+1","Fusion+1","Glacier+1","Gash+1","Gash+1","All For One+1","Self Repair+1","Steam+1","Steam+1","Sweeping Beam+1","FTL+1","Leap+1","Self Repair+1","Streamline+1","Auto Shields+1","Streamline+1","Madness","Madness","Beam Cell+1","Sweeping Beam+1","Scrape+1"],"special_seed":0,"relics":["Astrolabe","Pen Nib","Ancient Tea Set","Ectoplasm","Molten Egg 2","Darkstone Periapt","Bottled Tornado","Cursed Key","Vajra","Spirit Poop"],"potions_floor_usage":[50,50,50],"damage_taken":[{"damage":1.0,"enemies":"2 Louse","floor":1.0,"turns":4.0},{"damage":5.0,"enemies":"Cultist","floor":2.0,"turns":4.0},{"damage":5.0,"enemies":"Small Slimes","floor":4.0,"turns":5.0},{"damage":7.0,"enemies":"Blue Slaver","floor":5.0,"turns":4.0},{"damage":11.0,"enemies":"Gremlin Nob","floor":7.0,"turns":4.0},{"damage":7.0,"enemies":"Exordium Thugs","floor":10.0,"turns":4.0},{"damage":5.0,"enemies":"Gremlin Gang","floor":12.0,"turns":4.0},{"damage":8.0,"enemies":"Hexaghost","floor":16.0,"turns":6.0},{"damage":0.0,"enemies":"Spheric Guardian","floor":18.0,"turns":3.0},{"damage":0.0,"enemies":"Shell Parasite","floor":19.0,"turns":5.0},{"damage":0.0,"enemies":"Centurion and Healer","floor":21.0,"turns":4.0},{"damage":16.0,"enemies":"Book of Stabbing","floor":23.0,"turns":5.0},{"damage":0.0,"enemies":"Gremlin Leader","floor":25.0,"turns":4.0},{"damage":0,"enemies":"Sentry and Sphere","floor":30,"turns":3},{"damage":2,"enemies":"Snecko","floor":31,"turns":5},{"damage":24,"enemies":"Collector","floor":33,"turns":6},{"damage":33,"enemies":"3 Darklings","floor":35,"turns":4},{"damage":0,"enemies":"Orb Walker","floor":36,"turns":2},{"damage":24,"enemies":"4 Shapes","floor":39,"turns":5},{"damage":1,"enemies":"Sphere and 2 Shapes","floor":41,"turns":5},{"damage":22,"enemies":"Reptomancer","floor":42,"turns":5},{"damage":36,"enemies":"4 Shapes","floor":47,"turns":5},{"damage":0,"enemies":"Spire Growth","floor":48,"turns":4},{"damage":52,"enemies":"Awakened One","floor":50,"turns":8}],"seed_played":"5027710874477129664","potions_obtained":[{"floor":4.0,"key":"FearPotion"},{"floor":5.0,"key":"Dexterity Potion"},{"floor":7.0,"key":"PowerPotion"},{"floor":16.0,"key":"Fire Potion"},{"floor":22.0,"key":"SteroidPotion"},{"floor":22.0,"key":"Strength Potion"},{"floor":23.0,"key":"PowerPotion"}],"is_trial":false,"path_per_floor":["M","M","$","M","M","R","E","R","T","M","?","M","R","$","R","B",null,"M","M","?","M","?","E","R","E","T","R","$","R","M","M","R","B",null,"M","M","?","?","M","R","M","M","T","R","?","$","M","M","R","B"],"character_chosen":"DEFECT","items_purchased":[],"campfire_rested":0,"item_purchase_floors":[],"current_hp_per_floor":[74,69,69,64,57,57,46,46,46,49,49,54,54,54,54,56,75,75,75,75,75,75,75,75,75,75,75,75,75,75,75,75,71,75,62,62,53,53,49,49,68,66,72,72,72,72,56,76,76,34],"gold":24,"neow_bonus":"BOSS_RELIC","is_prod":false,"is_daily":false,"chose_seed":false,"campfire_upgraded":11,"win_rate":0.0,"timestamp":1535943770,"path_taken":["M","M","$","M","M","R","E","R","T","M","?","M","R","$","R","BOSS","M","M","?","?","?","E","R","E","T","R","?","R","M","M","R","BOSS","M","M","?","?","M","R","M","?","T","R","?","$","M","M","R","BOSS"],"build_version":"2018-08-30","purchased_purges":3,"victory":true,"max_hp_per_floor":[75,75,75,75,75,75,75,75,75,75,75,75,75,75,75,75,75,75,75,75,75,75,75,75,75,75,75,75,75,75,75,75,75,75,75,75,75,75,75,75,75,75,81,81,81,81,81,81,81,81],"card_choices":[{"not_picked":["Hologram","Cold Snap"],"picked":"Glacier","floor":1.0},{"not_picked":["Melter","Barrage"],"picked":"Gash","floor":2.0},{"not_picked":["Ball Lightning","White Noise"],"picked":"Gash","floor":4.0},{"not_picked":["Hologram","Leap"],"picked":"All For One","floor":5.0},{"not_picked":["Rebound","Undo"],"picked":"Self Repair","floor":7.0},{"not_picked":["Lockon","Capacitor"],"picked":"Steam","floor":10.0},{"not_picked":["Force Field","Fusion"],"picked":"Sweeping Beam","floor":12.0},{"not_picked":["Amplify","Reboot"],"picked":"Fission","floor":16.0},{"not_picked":["Chill+1","Steam"],"picked":"FTL+1","floor":18.0},{"not_picked":["Rebound","Go for the Eyes"],"picked":"Leap","floor":19.0},{"not_picked":["Blizzard","Steam","Rebound"],"picked":"SKIP","floor":21.0},{"not_picked":["Ball Lightning","Chaos","Go for the Eyes"],"picked":"SKIP","floor":23.0},{"not_picked":["Biased Cognition","Loop","Coolheaded"],"picked":"SKIP","floor":25.0},{"not_picked":["Redo","Ball Lightning+1"],"picked":"Self Repair","floor":30},{"not_picked":["Steam Power","Heatsinks"],"picked":"Streamline+1","floor":31},{"not_picked":["Ball Lightning+1","Stack"],"picked":"Auto Shields","floor":35},{"not_picked":["Force Field+1","Barrage+1"],"picked":"Streamline+1","floor":36},{"not_picked":["Capacitor","Rebound+1"],"picked":"Beam Cell+1","floor":39},{"not_picked":["Chaos","White Noise"],"picked":"Sweeping Beam+1","floor":41},{"not_picked":["Ball Lightning+1","Beam Cell+1","Chaos+1"],"picked":"SKIP","floor":42},{"not_picked":["Barrage+1","Compile Driver+1"],"picked":"Scrape+1","floor":47},{"not_picked":["Ball Lightning+1","Chaos","Rip and Tear+1"],"picked":"SKIP","floor":48}],"player_experience":65483,"relics_obtained":[{"floor":7.0,"key":"Pen Nib"},{"floor":9.0,"key":"Ancient Tea Set"},{"floor":23.0,"key":"Molten Egg 2"},{"floor":25.0,"key":"Darkstone Periapt"},{"floor":26,"key":"Bottled Tornado"},{"floor":43,"key":"Vajra"}],"event_choices":[{"event_name":"Transmorgrifier","player_choice":"Transform","floor":11.0,"damage_taken":0.0},{"event_name":"Back to Basics","player_choice":"Elegance","floor":20.0,"damage_taken":0.0},{"event_name":"The Lab","player_choice":"Got Potions","floor":22.0,"damage_taken":0.0},{"event_name":"Winding Halls","player_choice":"Embrace Madness","floor":37,"damage_taken":0},{"event_name":"Falling","player_choice":"Removed Skill","floor":38,"damage_taken":0},{"event_name":"Bonfire Elementals","player_choice":"CURSE","floor":45,"damage_taken":0}],"is_beta":true,"boss_relics":[{"not_picked":["Pandora\u0027s Box","Runic Pyramid"],"picked":"Ectoplasm"},{"not_picked":["Calling Bell","Philosopher\u0027s Stone"],"picked":"Cursed Key"}],"items_purged_floors":[3,14,28],"is_endless":false,"potions_floor_spawned":[4,5,7,16,23,30,41,42,47,48],"ascension_level":0}