{"gold_per_floor":[112,125,125,23,23,23,42,42,89,104,117,130,130,130,130,235,235,253,272,272,272,289,289,309,309,335,335,335,353,199,199,199,300,300,313,313,18,18,18,18,18,18,44,61,61,78,3,3,3,3],"floor_reached":51,"playtime":5408,"items_purged":["Strike_B+1"],"score":708,"play_id":"c0142e6e-2a62-44c2-92dc-03d08bfbe29d","local_time":"20190804165813","is_ascension_mode":false,"campfire_choices":[{"data":"Static Discharge","floor":6.0,"key":"SMITH"},{"data":"Stack","floor":8.0,"key":"SMITH"},{"floor":13.0,"key":"REST"},{"data":"Streamline","floor":15.0,"key":"SMITH"},{"floor":23.0,"key":"REST"},{"floor":25.0,"key":"REST"},{"data":"Capacitor","floor":28.0,"key":"SMITH"},{"floor":32.0,"key":"REST"},{"floor":40.0,"key":"REST"},{"floor":42.0,"key":"REST"},{"data":"Compile Driver","floor":49,"key":"SMITH"}],"neow_cost":"TEN_PERCENT_HP_LOSS","seed_source_timestamp":699511996219700,"circlet_count":0,"master_deck":["Strike_B+1","Defend_B+1","Defend_B+1","Defend_B+1","Zap+1","Dualcast+1","Defragment+1","Hologram+1","Static Discharge+1","Hologram+1","Stack+1","Stack+1","Streamline+1","Streamline+1","Reboot+1","Ball Lightning+1","Force Field+1","Hello World+1","Biased Cognition+1","Coolheaded+1","Coolheaded+1","Capacitor+1","Skim+1","Static Discharge+1","Darkness+1","Ghostly+1","Ghostly+1","Ghostly+1","Ghostly+1","Ghostly+1","Echo Form+1","Compile Driver+1","Thunder Strike+1","Mayhem+1","Compile Driver+1","Streamline+1"],"special_seed":0,"relics":["Cracked Core","Gambling Chip","PreservedInsect","Sozu","Enchiridion","Bronze Scales","Runic Pyramid","Anchor","Juzu Bracelet","Mark of the Bloom","Regal Pillow","Bag of Marbles"],"potions_floor_usage":[],"damage_taken":[{"damage":1.0,"enemies":"Cultist","floor":1.0,"turns":3.0},{"damage":5.0,"enemies":"Small Slimes","floor":2.0,"turns":3.0},{"damage":2.0,"enemies":"2 Louse","floor":7.0,"turns":2.0},{"damage":5.0,"enemies":"Looter","floor":10.0,"turns":4.0},{"damage":13.0,"enemies":"2 Fungi Beasts","floor":11.0,"turns":4.0},{"damage":4.0,"enemies":"Blue Slaver","floor":12.0,"turns":2.0},{"damage":35.0,"enemies":"Hexaghost","floor":16.0,"turns":4.0},{"damage":18.0,"enemies":"Shell Parasite","floor":18.0,"turns":2.0},{"damage":15.0,"enemies":"2 Thieves","floor":19.0,"turns":3.0},{"damage":18.0,"enemies":"Shelled Parasite and Fungi","floor":22.0,"turns":4.0},{"damage":14.0,"enemies":"Sentry and Sphere","floor":24.0,"turns":4.0},{"damage":24.0,"enemies":"Centurion and Healer","floor":29.0,"turns":4.0},{"damage":9.0,"enemies":"Collector","floor":33.0,"turns":14.0},{"damage":14.0,"enemies":"3 Darklings","floor":35.0,"turns":4.0},{"damage":1.0,"enemies":"Orb Walker","floor":44.0,"turns":3.0},{"damage":0,"enemies":"Transient","floor":46,"turns":5},{"damage":0,"enemies":"Donu and Deca","floor":50,"turns":12}],"seed_played":"7671154208040970873","potions_obtained":[{"floor":1.0,"key":"Block Potion"},{"floor":2.0,"key":"Swift Potion"},{"floor":3.0,"key":"FocusPotion"},{"floor":16.0,"key":"SteroidPotion"}],"is_trial":false,"path_per_floor":["M","M","?","$","?","R","M","R","T","M","M","M","R","?","R","B",null,"M","M","?","?","M","R","M","R","T","?","R","M","$","?","R","B",null,"M","?","$","?","?","R","?","R","T","M","?","M","$","T","R","B",null],"character_chosen":"DEFECT","items_purchased":["Static Discharge","Hologram","Static Discharge","Darkness","Thunder Strike","Juzu Bracelet"],"campfire_rested":6,"item_purchase_floors":[4,4,30,30,37,37],"current_hp_per_floor":[67,62,62,62,62,62,60,60,60,55,42,38,58,58,58,23,68,50,35,19,19,1,21,7,27,27,27,27,3,3,3,13,4,34,20,20,20,20,20,20,20,20,20,19,19,19,19,19,19,19],"gold":3,"neow_bonus":"ONE_RARE_RELIC","is_prod":false,"is_daily":false,"chose_seed":false,"campfire_upgraded":5,"win_rate":0.0,"timestamp":1564952293,"path_taken":["M","M","?","?","?","R","M","R","T","?","M","M","R","?","R","BOSS","M","M","?","?","M","R","M","R","T","?","R","M","$","?","R","BOSS","M","?","?","?","?","R","?","R","T","M","?","M","$","?","R","BOSS"],"build_version":"2019-07-17","purchased_purges":1,"victory":true,"max_hp_per_floor":[68,68,68,68,68,68,68,68,68,68,68,68,68,68,68,68,68,68,68,68,68,68,68,68,68,68,68,68,68,68,34,34,34,34,34,34,34,34,34,34,32,32,32,32,32,32,32,32,32,32],"card_choices":[{"not_picked":["Sunder","Rebound"],"picked":"Defragment","floor":1.0},{"not_picked":["Barrage","Conserve Battery"],"picked":"Hologram","floor":2.0},{"not_picked":["Compile Driver","Barrage"],"picked":"Stack","floor":7.0},{"not_picked":["Rip and Tear","Go for the Eyes"],"picked":"Stack","floor":10.0},{"not_picked":["Sweeping Beam","Aggregate"],"picked":"Streamline","floor":11.0},{"not_picked":["Ball Lightning","Barrage"],"picked":"Streamline","floor":12.0},{"not_picked":["Multi-Cast","Rainbow"],"picked":"Reboot","floor":16.0},{"not_picked":["Compile Driver","Go for the Eyes"],"picked":"Ball Lightning","floor":18.0},{"not_picked":["Gash","Turbo"],"picked":"Force Field","floor":19.0},{"not_picked":["Rip and Tear","Ball Lightning"],"picked":"Coolheaded+1","floor":22.0},{"not_picked":["Sweeping Beam","Reprogram"],"picked":"Coolheaded","floor":24.0},{"not_picked":["Conserve Battery","Compile Driver"],"picked":"Skim","floor":29.0},{"not_picked":["Thunder Strike","Reboot"],"picked":"Echo Form","floor":33.0},{"not_picked":["Gash+1","Rebound+1"],"picked":"Compile Driver+1","floor":35.0},{"not_picked":["Purity","Discovery"],"picked":"Mayhem","floor":38.0},{"not_picked":["Ball Lightning+1","Aggregate"],"picked":"Compile Driver","floor":44.0},{"not_picked":["Cold Snap+1","Blizzard"],"picked":"Streamline+1","floor":46}],"player_experience":24907,"relics_obtained":[{"floor":9.0,"key":"PreservedInsect"},{"floor":20.0,"key":"Enchiridion"},{"floor":26.0,"key":"Bronze Scales"},{"floor":36.0,"key":"Anchor"},{"floor":43.0,"key":"Regal Pillow"},{"floor":48,"key":"Bag of Marbles"}],"event_choices":[{"damage_healed":0.0,"max_hp_gain":0.0,"max_hp_loss":0.0,"gold_gain":0.0,"event_name":"Lab","player_choice":"Got Potions","floor":3.0,"gold_loss":0.0,"damage_taken":0.0},{"damage_healed":0.0,"max_hp_gain":0.0,"max_hp_loss":0.0,"gold_gain":0.0,"event_name":"Upgrade Shrine","player_choice":"Upgraded","floor":5.0,"gold_loss":0.0,"damage_taken":0.0,"cards_upgraded":["Defragment"]},{"damage_healed":0.0,"max_hp_gain":0.0,"max_hp_loss":0.0,"gold_gain":0.0,"event_name":"Accursed Blacksmith","player_choice":"Forge","floor":14.0,"gold_loss":0.0,"damage_taken":0.0,"cards_upgraded":["Streamline"]},{"damage_healed":0.0,"max_hp_gain":0.0,"max_hp_loss":0.0,"gold_gain":0.0,"event_name":"Cursed Tome","player_choice":"Obtained Book","floor":20.0,"gold_loss":0.0,"damage_taken":16.0},{"damage_healed":0.0,"max_hp_gain":0.0,"max_hp_loss":0.0,"gold_gain":0.0,"cards_transformed":["Strike_B","Strike_B"],"event_name":"Drug Dealer","player_choice":"Became Test Subject","floor":21.0,"gold_loss":0.0,"damage_taken":0.0,"cards_obtained":["Hello World","Biased Cognition"]},{"damage_healed":0.0,"max_hp_gain":0.0,"max_hp_loss":0.0,"gold_gain":0.0,"event_name":"The Library","player_choice":"Read","floor":27.0,"gold_loss":0.0,"damage_taken":0.0,"cards_obtained":["Capacitor"]},{"damage_healed":0.0,"max_hp_gain":0.0,"max_hp_loss":34.0,"gold_gain":0.0,"event_name":"Ghosts","player_choice":"Became a Ghost","floor":31.0,"gold_loss":0.0,"damage_taken":0.0,"cards_obtained":["Ghostly","Ghostly","Ghostly","Ghostly","Ghostly"]},{"damage_healed":0.0,"max_hp_gain":0.0,"max_hp_loss":0.0,"gold_gain":0.0,"event_name":"Wheel of Change","player_choice":"Relic","floor":36.0,"gold_loss":0.0,"damage_taken":0.0},{"damage_healed":0.0,"max_hp_gain":0.0,"max_hp_loss":0.0,"gold_gain":0.0,"event_name":"SensoryStone","player_choice":"Memory 1","floor":38.0,"gold_loss":0.0,"damage_taken":0.0},{"damage_healed":0.0,"max_hp_gain":0.0,"max_hp_loss":0.0,"gold_gain":0.0,"event_name":"MindBloom","player_choice":"Upgrade","floor":39.0,"gold_loss":0.0,"damage_taken":0.0,"cards_upgraded":["Strike_B","Strike_B","Defend_B","Defend_B","Defend_B","Defend_B","Zap","Dualcast","Hologram","Hologram","Stack","Reboot","Ball Lightning","Force Field","Hello World","Biased Cognition","Coolheaded","Skim","Static Discharge","Darkness","Ghostly","Ghostly","Ghostly","Ghostly","Ghostly","Echo Form","Thunder Strike","Mayhem"],"relics_obtained":["Mark of the Bloom"]},{"damage_healed":0.0,"max_hp_gain":0.0,"max_hp_loss":2.0,"gold_gain":0.0,"event_name":"Winding Halls","player_choice":"Max HP","floor":41.0,"gold_loss":0.0,"damage_taken":0.0},{"cards_removed":["Defend_B"],"damage_healed":0.0,"max_hp_gain":0.0,"max_hp_loss":0.0,"gold_gain":0.0,"event_name":"Falling","player_choice":"Removed Skill","floor":45.0,"gold_loss":0.0,"damage_taken":0.0}],"is_beta":false,"boss_relics":[{"not_picked":["Black Star","Ectoplasm"],"picked":"Sozu"},{"not_picked":["Inserter","Orrery"],"picked":"Runic Pyramid"}],"items_purged_floors":[47],"is_endless":false,"potions_floor_spawned":[1,2,10,16,18,33,35],"ascension_level":0}