{"gold_per_floor":[117,42,54,64,76,76,102,102,151,166,166,166,184,211,223,337,349,371,383,409,437,466,511,523,535,617,629,676,688,600,619,619,716,716,726,741,165,165,184,184,217,227,227,227,77,90,108,108,108,108],"floor_reached":51,"playtime":3500,"items_purged":["Defend_R","Defend_R","Bash","Decay"],"score":754,"play_id":"1985a6ab-36e1-4c05-b599-2d4d54c2c942","local_time":"20180828180550","is_ascension_mode":false,"campfire_choices":[{"data":"Body Slam","floor":6,"key":"SMITH"},{"data":"Iron Wave","floor":8,"key":"SMITH"},{"data":"Iron Wave","floor":12,"key":"SMITH"},{"data":"Shockwave","floor":15,"key":"SMITH"},{"data":"Inflame","floor":24,"key":"SMITH"},{"data":"Flame Barrier","floor":27,"key":"SMITH"},{"data":"Flame Barrier","floor":29,"key":"SMITH"},{"data":"Limit Break","floor":32,"key":"SMITH"},{"data":"Heavy Blade","floor":40,"key":"SMITH"},{"data":"Ghostly Armor","floor":44,"key":"SMITH"},{"data":"Shrug It Off","floor":49,"key":"SMITH"}],"neow_cost":"NONE","seed_source_timestamp":1128349773510736,"circlet_count":0,"master_deck":["Strike_R","Strike_R","Strike_R","Strike_R","Strike_R","Shrug It Off+1","Iron Wave+1","Body Slam+1","Iron Wave+1","Disarm+1","Inflame+1","Shockwave+1","Limit Break+1","Twin Strike+1","Flame Barrier+1","Ghostly Armor+1","Heavy Blade+1","Battle Trance","Flame Barrier+1","Pummel","Limit Break","Disarm+1","Sword Boomerang+1","Dramatic Entrance","Bandage Up","Thinking Ahead","Iron Wave+1","Pummel+1","Madness","Madness"],"relics":["Burning Blood","Bag of Marbles","Shuriken","Pen Nib","MawBank","Empty Cage","Orichalcum","Boot","Gremlin Horn","Pear","Cursed Key","Lee\u0027s Waffle","Self Forming Clay","Regal Pillow","Mummified Hand"],"potions_floor_usage":[22,23,23,50,50,50],"damage_taken":[{"damage":1,"enemies":"Cultist","floor":1,"turns":3},{"damage":0,"enemies":"2 Louse","floor":3,"turns":2},{"damage":3,"enemies":"Jaw Worm","floor":4,"turns":4},{"damage":5,"enemies":"Looter","floor":5,"turns":3},{"damage":22,"enemies":"Gremlin Nob","floor":7,"turns":4},{"damage":0,"enemies":"Large Slime","floor":10,"turns":4},{"damage":0,"enemies":"3 Louse","floor":13,"turns":2},{"damage":11,"enemies":"3 Sentries","floor":14,"turns":7},{"damage":23,"enemies":"Slime Boss","floor":16,"turns":11},{"damage":13,"enemies":"Shell Parasite","floor":18,"turns":5},{"damage":15,"enemies":"Spheric Guardian","floor":20,"turns":5},{"damage":17,"enemies":"3 Cultists","floor":21,"turns":6},{"damage":22,"enemies":"Sentry and Sphere","floor":22,"turns":6},{"damage":12,"enemies":"Slavers","floor":23,"turns":5},{"damage":7,"enemies":"Book of Stabbing","floor":28,"turns":7},{"damage":6,"enemies":"Centurion and Healer","floor":31,"turns":5},{"damage":32,"enemies":"Champ","floor":33,"turns":11},{"damage":0,"enemies":"Flame Bruiser 1 Orb","floor":35,"turns":4},{"damage":38,"enemies":"3 Darklings","floor":36,"turns":5},{"damage":13,"enemies":"Spire Growth","floor":39,"turns":4},{"damage":19,"enemies":"2 Orb Walkers","floor":41,"turns":4},{"damage":0,"enemies":"Flame Bruiser 2 Orb","floor":42,"turns":3},{"damage":7,"enemies":"3 Darklings","floor":46,"turns":4},{"damage":1,"enemies":"Spire Growth","floor":47,"turns":4},{"damage":40,"enemies":"Awakened One","floor":50,"turns":13}],"seed_played":"3388793318052611520","potions_obtained":[{"floor":1,"key":"Weak Potion"},{"floor":3,"key":"PowerPotion"},{"floor":5,"key":"Weak Potion"},{"floor":16,"key":"Dexterity Potion"},{"floor":20,"key":"Block Potion"},{"floor":23,"key":"Ancient Potion"},{"floor":39,"key":"Dexterity Potion"},{"floor":42,"key":"SkillPotion"},{"floor":47,"key":"FearPotion"}],"is_trial":false,"path_per_floor":["M","$","M","M","M","R","E","R","T","M","?","R","M","E","R","B",null,"M","?","M","M","M","E","R","?","T","R","E","R","$","M","R","B",null,"M","M","$","?","M","R","E","M","T","R","$","M","M","?","R","B"],"character_chosen":"IRONCLAD","items_purchased":["Lee\u0027s Waffle","Self Forming Clay"],"campfire_rested":0,"item_purchase_floors":[37,37],"current_hp_per_floor":[80,80,80,80,80,80,64,64,64,70,70,70,76,71,71,54,80,73,73,64,53,37,31,31,31,31,31,40,40,40,40,40,14,90,90,58,97,87,84,84,75,85,85,85,85,88,97,85,85,55],"gold":108,"neow_bonus":"RANDOM_COMMON_RELIC","is_prod":false,"is_daily":false,"chose_seed":false,"campfire_upgraded":11,"win_rate":0.0,"timestamp":1535501150,"path_taken":["M","?","M","M","M","R","E","R","T","M","?","R","M","E","R","BOSS","M","?","M","M","M","E","R","?","T","R","E","R","$","M","R","BOSS","M","M","$","?","M","R","E","M","T","R","$","?","M","?","R","BOSS"],"build_version":"2018-08-27","purchased_purges":4,"victory":true,"max_hp_per_floor":[80,80,80,80,80,80,80,80,80,80,80,80,80,80,80,80,80,80,80,80,80,80,80,80,80,80,80,90,90,90,90,90,90,90,90,90,97,97,97,97,97,97,97,97,97,97,97,97,97,97],"card_choices":[{"not_picked":["Burning Pact","Body Slam"],"picked":"Shrug It Off","floor":1},{"not_picked":["Sword Boomerang","Bloodletting"],"picked":"Iron Wave","floor":3},{"not_picked":["Reckless Charge","Hemokinesis"],"picked":"Body Slam","floor":4},{"not_picked":["Inflame","Infernal Blade"],"picked":"Iron Wave","floor":5},{"not_picked":["Sever Soul","Anger","Clothesline"],"picked":"SKIP","floor":7},{"not_picked":["Clash","Spot Weakness"],"picked":"Disarm","floor":10},{"not_picked":["Thunderclap","Infernal Blade"],"picked":"Inflame","floor":13},{"not_picked":["Double Tap","Whirlwind"],"picked":"Shockwave","floor":14},{"not_picked":["Fiend Fire","Brutality"],"picked":"Limit Break","floor":16},{"not_picked":["Corruption","Body Slam"],"picked":"Twin Strike+1","floor":18},{"not_picked":["Reckless Charge","Thunderclap+1"],"picked":"Ghostly Armor","floor":20},{"not_picked":["Anger","Searing Blow"],"picked":"Heavy Blade","floor":21},{"not_picked":["Blood for Blood","True Grit"],"picked":"Battle Trance","floor":22},{"not_picked":["Blood for Blood","Inflame"],"picked":"Flame Barrier","floor":23},{"not_picked":["Twin Strike","Intimidate+1"],"picked":"Pummel","floor":28},{"not_picked":["Entrench+1","Rupture","True Grit+1"],"picked":"SKIP","floor":31},{"not_picked":["Bludgeon","Brutality"],"picked":"Limit Break","floor":33},{"not_picked":["Sever Soul+1","Thunderclap+1"],"picked":"Disarm+1","floor":35},{"not_picked":["Carnage+1","Anger+1"],"picked":"Sword Boomerang+1","floor":36},{"not_picked":["Dark Shackles","Violence"],"picked":"Dramatic Entrance","floor":38},{"not_picked":["Swift Strike","Trip"],"picked":"Bandage Up","floor":38},{"not_picked":["Good Instincts","Trip"],"picked":"Thinking Ahead","floor":38},{"not_picked":["Metallicize","Uppercut+1","Flex"],"picked":"SKIP","floor":39},{"not_picked":["Fiend Fire","Armaments+1","Headbutt"],"picked":"SKIP","floor":41},{"not_picked":["Inflame+1","Flame Barrier+1"],"picked":"Iron Wave+1","floor":42},{"not_picked":["Dual Wield+1","Clothesline+1","Combust"],"picked":"SKIP","floor":46},{"not_picked":["Bloodletting+1","Clash+1"],"picked":"Pummel+1","floor":47}],"player_experience":2286,"relics_obtained":[{"floor":7,"key":"Shuriken"},{"floor":9,"key":"Pen Nib"},{"floor":14,"key":"MawBank"},{"floor":23,"key":"Orichalcum"},{"floor":26,"key":"Gremlin Horn"},{"floor":28,"key":"Pear"},{"floor":41,"key":"Regal Pillow"},{"floor":43,"key":"Mummified Hand"}],"event_choices":[{"event_name":"Upgrade Shrine","player_choice":"Upgraded","floor":11,"damage_taken":0},{"event_name":"The Library","player_choice":"Read","floor":19,"damage_taken":0},{"event_name":"WeMeetAgain","player_choice":"Potion","floor":25,"damage_taken":0},{"event_name":"SensoryStone","player_choice":"Memory 3","floor":38,"damage_taken":0},{"event_name":"Winding Halls","player_choice":"Embrace Madness","floor":48,"damage_taken":0}],"is_beta":true,"boss_relics":[{"not_picked":["Runic Pyramid","Busted Crown"],"picked":"Empty Cage"},{"not_picked":["Mark of Pain","White Beast Statue"],"picked":"Cursed Key"}],"items_purged_floors":[2,30,37,45],"is_endless":false,"potions_floor_spawned":[1,3,5,16,20,21,23,39,42,47],"ascension_level":0}