{"gold_per_floor":[110,185,198,198,214,214,242,258,258,276,276,296,323,323],"floor_reached":14,"playtime":457,"items_purged":[],"score":189,"play_id":"af849b6f-acef-48fd-8480-9de126d63d9f","local_time":"20190705232505","is_ascension_mode":true,"campfire_choices":[{"data":"True Grit","floor":6,"key":"SMITH"},{"floor":11,"key":"REST"}],"neow_cost":"CURSE","seed_source_timestamp":639588733461967,"circlet_count":0,"master_deck":["AscendersBane","Strike_R","Strike_R","Strike_R","Strike_R","Strike_R","Defend_R","Defend_R","Defend_R","Defend_R","Bash","Writhe","Bludgeon+1","True Grit+1","Inflame","Headbutt","Flame Barrier","Juggernaut","True Grit","Spot Weakness","Disarm"],"relics":["Burning Blood","Pantograph","Dead Branch","Ice Cream"],"potions_floor_usage":[],"damage_taken":[{"damage":7,"enemies":"Small Slimes","floor":1,"turns":5},{"damage":0,"enemies":"Cultist","floor":3,"turns":2},{"damage":2,"enemies":"2 Louse","floor":5,"turns":3},{"damage":32,"enemies":"Gremlin Nob","floor":7,"turns":4},{"damage":11,"enemies":"Red Slaver","floor":8,"turns":3},{"damage":11,"enemies":"Looter","floor":10,"turns":3},{"damage":23,"enemies":"Lots of Slimes","floor":12,"turns":5},{"damage":23,"enemies":"3 Sentries","floor":13,"turns":7},{"damage":21,"enemies":"Large Slime","floor":14,"turns":2}],"seed_played":"-2512041953130174431","potions_obtained":[{"floor":10,"key":"Ancient Potion"},{"floor":12,"key":"Dexterity Potion"}],"is_trial":false,"path_per_floor":["M","?","M","?","M","R","E","M","T","M","R","M","E","M"],"character_chosen":"IRONCLAD","items_purchased":[],"campfire_rested":1,"item_purchase_floors":[],"current_hp_per_floor":[67,56,62,62,66,66,40,35,35,30,52,35,18,0],"gold":323,"neow_bonus":"THREE_RARE_CARDS","is_prod":false,"is_daily":false,"chose_seed":false,"campfire_upgraded":1,"win_rate":0,"timestamp":1562387105,"path_taken":["M","?","M","?","M","R","E","?","T","M","R","M","E","M"],"build_version":"2019-07-05","purchased_purges":0,"victory":false,"max_hp_per_floor":[75,75,75,75,75,75,75,75,75,75,75,75,75,75],"card_choices":[{"not_picked":["Double Tap","Fiend Fire"],"picked":"Bludgeon","floor":0},{"not_picked":["Cleave","Shrug It Off"],"picked":"True Grit","floor":1},{"not_picked":["Clothesline","Cleave"],"picked":"Inflame","floor":3},{"not_picked":["Combust","Dropkick"],"picked":"Headbutt","floor":5},{"not_picked":["Heavy Blade","Havoc"],"picked":"Flame Barrier","floor":7},{"not_picked":["Perfected Strike","Warcry"],"picked":"Juggernaut","floor":8},{"not_picked":["Clothesline","Iron Wave"],"picked":"True Grit","floor":10},{"not_picked":["Sentinel","Clash"],"picked":"Spot Weakness","floor":12},{"not_picked":["Perfected Strike","Clothesline"],"picked":"Disarm","floor":13}],"player_experience":448013,"relics_obtained":[{"floor":7,"key":"Pantograph"},{"floor":9,"key":"Dead Branch"},{"floor":13,"key":"Ice Cream"}],"event_choices":[{"damage_healed":0,"gold_gain":75,"player_choice":"Gather Gold","damage_taken":11,"max_hp_gain":0,"max_hp_loss":0,"event_name":"World of Goop","floor":2,"gold_loss":0},{"damage_healed":0,"gold_gain":0,"player_choice":"Upgraded","damage_taken":0,"max_hp_gain":0,"max_hp_loss":0,"event_name":"Upgrade Shrine","floor":4,"gold_loss":0,"cards_upgraded":["Bludgeon"]}],"is_beta":false,"boss_relics":[],"items_purged_floors":[],"is_endless":false,"potions_floor_spawned":[10,12],"killed_by":"Large Slime","ascension_level":17}