{"gold_per_floor":[119,139,152,152,40,40,40,56,102,102,22,36,56,88,88,185,185,199,211,227,142,154,154,73,89,89,89],"floor_reached":27,"playtime":4969,"items_purged":[],"score":217,"play_id":"0faf413b-b77e-4252-b1e7-539a04c15bf5","local_time":"20190804112555","is_ascension_mode":false,"campfire_choices":[{"data":"Fusion","floor":6,"key":"SMITH"},{"data":"Darkness","floor":10,"key":"SMITH"},{"floor":15,"key":"REST"},{"floor":23,"key":"REST"}],"neow_cost":"NONE","seed_source_timestamp":680248441183600,"circlet_count":0,"master_deck":["Strike_B","Strike_B","Strike_B","Strike_B","Defend_B","Defend_B","Defend_B","Defend_B","Zap","Dualcast","Genetic Algorithm","Hologram","Coolheaded","FTL","Fusion+1","Darkness+1","Chill","Barrage","Streamline","Electrodynamics","Seek","Go for the Eyes","Skim","Streamline","Redo","Redo","Darkness","Tempest"],"relics":["Cracked Core","Bottled Lightning","PreservedInsect","Vajra","Sozu","Gremlin Horn","Mercury Hourglass"],"potions_floor_usage":[16],"damage_taken":[{"damage":2,"enemies":"Jaw Worm","floor":1,"turns":5},{"damage":1,"enemies":"2 Louse","floor":2,"turns":4},{"damage":5,"enemies":"Cultist","floor":3,"turns":4},{"damage":16,"enemies":"Exordium Wildlife","floor":8,"turns":7},{"damage":4,"enemies":"2 Fungi Beasts","floor":12,"turns":5},{"damage":0,"enemies":"Large Slime","floor":13,"turns":3},{"damage":7,"enemies":"3 Sentries","floor":14,"turns":6},{"damage":4,"enemies":"Slime Boss","floor":16,"turns":8},{"damage":20,"enemies":"2 Thieves","floor":18,"turns":3},{"damage":8,"enemies":"Shell Parasite","floor":19,"turns":4},{"damage":6,"enemies":"Cultist and Chosen","floor":20,"turns":6},{"damage":15,"enemies":"3 Cultists","floor":22,"turns":5},{"damage":36,"enemies":"Centurion and Healer","floor":25,"turns":5},{"damage":24,"enemies":"Snake Plant","floor":27,"turns":2}],"seed_played":"-7007641383647208984","potions_obtained":[{"floor":2,"key":"Block Potion"},{"floor":14,"key":"FearPotion"}],"is_trial":false,"path_per_floor":["M","M","M","?","$","R","T","M","T","R","$","M","M","E","R","B",null,"M","M","M","?","M","R","$","M","T","M"],"character_chosen":"DEFECT","items_purchased":["FTL","Fusion","Chill","Redo","Darkness"],"campfire_rested":2,"item_purchase_floors":[5,5,11,24,24],"current_hp_per_floor":[80,79,74,74,74,74,74,58,58,58,58,54,54,47,71,67,82,62,54,48,48,33,57,57,21,21,0],"gold":89,"neow_bonus":"TEN_PERCENT_HP_BONUS","is_prod":false,"is_daily":false,"chose_seed":false,"campfire_upgraded":2,"win_rate":0.0,"timestamp":1564932355,"path_taken":["M","M","M","?","$","R","?","M","T","R","$","M","M","E","R","BOSS","M","M","M","?","M","R","$","M","T","M"],"build_version":"2019-07-17","purchased_purges":0,"victory":false,"max_hp_per_floor":[82,82,82,82,82,82,82,82,82,82,82,82,82,82,82,82,82,82,82,82,82,82,82,82,82,82,82],"card_choices":[{"not_picked":["Beam Cell","Stack"],"picked":"Genetic Algorithm","floor":1},{"not_picked":["Streamline","Go for the Eyes"],"picked":"Hologram","floor":2},{"not_picked":["Cold Snap","Leap"],"picked":"Coolheaded","floor":3},{"not_picked":["Coolheaded","Double Energy"],"picked":"Darkness","floor":8},{"not_picked":["Gash","Streamline"],"picked":"Barrage","floor":12},{"not_picked":["Double Energy","Hologram"],"picked":"Streamline","floor":13},{"not_picked":["Redo","Melter"],"picked":"Electrodynamics","floor":14},{"not_picked":["Electrodynamics","All For One"],"picked":"Seek","floor":16},{"not_picked":["Barrage","Streamline"],"picked":"Go for the Eyes","floor":18},{"not_picked":["Go for the Eyes","Leap"],"picked":"Skim","floor":19},{"not_picked":["Cold Snap+1","Hologram"],"picked":"Streamline","floor":20},{"not_picked":["Cold Snap+1","Sweeping Beam"],"picked":"Redo","floor":22},{"not_picked":["Steam Power","All For One"],"picked":"Tempest","floor":25}],"player_experience":7876,"relics_obtained":[{"floor":7,"key":"Bottled Lightning"},{"floor":9,"key":"PreservedInsect"},{"floor":14,"key":"Vajra"},{"floor":26,"key":"Mercury Hourglass"}],"event_choices":[{"damage_healed":0,"gold_gain":0,"player_choice":"Ignored","damage_taken":0,"max_hp_gain":0,"max_hp_loss":0,"event_name":"Liars Game","floor":4,"gold_loss":0},{"damage_healed":0,"gold_gain":0,"player_choice":"Obtained Relic","damage_taken":0,"relics_obtained":["Gremlin Horn"],"max_hp_gain":0,"max_hp_loss":0,"event_name":"Addict","floor":21,"gold_loss":85}],"is_beta":false,"boss_relics":[{"not_picked":["Inserter","Runic Dome"],"picked":"Sozu"}],"items_purged_floors":[],"is_endless":false,"potions_floor_spawned":[2,14,18,20],"killed_by":"Snake Plant","ascension_level":0}