{"gold_per_floor":[111,111,130,143,16,46,62,94,94,19,19,19,19,33,33,138,138,156,96,112,211,234,234,234],"floor_reached":24,"playtime":798,"items_purged":["Strike_R"],"score":255,"play_id":"235eb71b-a33e-4b60-b581-28a814a92559","local_time":"20190529183153","is_ascension_mode":true,"campfire_choices":[{"floor":13.0,"key":"REST"},{"data":"Barricade","floor":15.0,"key":"SMITH"},{"data":"Whirlwind","floor":23,"key":"SMITH"}],"neow_cost":"NONE","seed_source_timestamp":436383594811115,"circlet_count":0,"master_deck":["Strike_R","Strike_R","Strike_R","Strike_R","Defend_R","Defend_R","Defend_R+1","Defend_R","Bash","Metallicize","Corruption","Sword Boomerang","Inflame","Barricade+1","Inflame","Whirlwind+1","Bloodletting+1","Armaments","Demon Form","Heavy Blade","Thunderclap","Seeing Red"],"special_seed":0,"relics":["Black Blood","NeowsBlessing","StoneCalendar","Regal Pillow","Dream Catcher","Paper Frog","War Paint"],"potions_floor_usage":[18],"damage_taken":[{"damage":0.0,"enemies":"Jaw Worm","floor":1.0,"turns":1.0},{"damage":0.0,"enemies":"Cultist","floor":3.0,"turns":1.0},{"damage":0.0,"enemies":"Small Slimes","floor":4.0,"turns":1.0},{"damage":27.0,"enemies":"Gremlin Nob","floor":6.0,"turns":4.0},{"damage":40.0,"enemies":"Exordium Thugs","floor":7.0,"turns":6.0},{"damage":7.0,"enemies":"Lagavulin","floor":8.0,"turns":7.0},{"damage":10.0,"enemies":"3 Louse","floor":14.0,"turns":2.0},{"damage":10.0,"enemies":"The Guardian","floor":16.0,"turns":9.0},{"damage":9,"enemies":"3 Byrds","floor":18,"turns":6},{"damage":27,"enemies":"2 Thieves","floor":19,"turns":4},{"damage":15,"enemies":"Snake Plant","floor":20,"turns":4},{"damage":56,"enemies":"Slavers","floor":24,"turns":2}],"seed_played":"-740778382808732019","potions_obtained":[{"floor":2.0,"key":"SneckoOil"},{"floor":2.0,"key":"SkillPotion"},{"floor":2.0,"key":"Explosive Potion"},{"floor":7.0,"key":"Block Potion"},{"floor":8.0,"key":"Ancient Potion"},{"floor":16.0,"key":"Swift Potion"}],"is_trial":false,"path_per_floor":["M","?","M","M","$","E","M","E","T","$","?","$","R","M","R","B",null,"M","M","M","?","T","R","E"],"character_chosen":"IRONCLAD","items_purchased":["Inflame","SteroidPotion"],"campfire_rested":1,"item_purchase_floors":[5,5],"current_hp_per_floor":[80,80,80,80,80,59,25,24,24,24,24,24,63,59,59,55,74,75,58,53,53,53,53,0],"gold":234,"neow_bonus":"THREE_ENEMY_KILL","is_prod":false,"is_daily":false,"chose_seed":false,"campfire_upgraded":2,"win_rate":0,"timestamp":1559172713,"path_taken":["M","?","M","?","$","E","M","E","T","$","?","?","R","M","R","BOSS","M","M","M","?","?","R","E"],"build_version":"2019-01-23","purchased_purges":1,"victory":false,"max_hp_per_floor":[80,80,80,80,80,80,80,80,80,80,80,80,80,80,80,80,80,80,80,80,80,80,80,80],"card_choices":[{"not_picked":["Clothesline","Body Slam"],"picked":"Metallicize","floor":1.0},{"not_picked":["Blood for Blood","Uppercut"],"picked":"Corruption","floor":3.0},{"not_picked":["Warcry","Thunderclap"],"picked":"Sword Boomerang","floor":4.0},{"not_picked":["Shrug It Off","Armaments"],"picked":"Barricade","floor":6.0},{"not_picked":["Clash","Uppercut"],"picked":"Inflame","floor":7.0},{"not_picked":["Inflame","Thunderclap"],"picked":"Whirlwind","floor":8.0},{"not_picked":["Fire Breathing","Clash"],"picked":"Bloodletting","floor":13.0},{"not_picked":["Flex","Iron Wave"],"picked":"Armaments","floor":14.0},{"not_picked":["Reaper","Juggernaut"],"picked":"Demon Form","floor":16.0},{"not_picked":["Thunderclap","Spot Weakness+1"],"picked":"Heavy Blade","floor":18},{"not_picked":["Rampage+1","Warcry+1"],"picked":"Thunderclap","floor":19},{"not_picked":["Wild Strike","True Grit+1"],"picked":"Seeing Red","floor":20}],"player_experience":228653,"relics_obtained":[{"floor":6.0,"key":"StoneCalendar"},{"floor":8.0,"key":"Regal Pillow"},{"floor":9.0,"key":"Dream Catcher"},{"floor":22,"key":"War Paint"}],"event_choices":[{"damage_healed":0.0,"max_hp_gain":0.0,"max_hp_loss":0.0,"gold_gain":0.0,"event_name":"Lab","player_choice":"Got Potions","floor":2.0,"gold_loss":0.0,"damage_taken":0.0},{"damage_healed":0.0,"max_hp_gain":0.0,"max_hp_loss":0.0,"gold_gain":0.0,"event_name":"WeMeetAgain","player_choice":"Gave Potion","floor":11.0,"gold_loss":0.0,"damage_taken":0.0,"relics_obtained":["Paper Frog"]},{"damage_healed":0,"gold_gain":99,"player_choice":"Stole From Cult","damage_taken":0,"max_hp_gain":0,"max_hp_loss":0,"event_name":"Nest","floor":21,"gold_loss":0}],"is_beta":false,"boss_relics":[{"not_picked":["Ectoplasm","Lizard Tail"],"picked":"Black Blood"}],"items_purged_floors":[10],"is_endless":false,"potions_floor_spawned":[7,8,16],"killed_by":"Slavers","ascension_level":5}