{"gold_per_floor":[113,113,113,113,133,133,151,151,177,177,195,52,65,83,83,183,183,198,215,234,53,53,53,70,70,149,149,163,174,205,217,217,316,316,336,336,211,1210,1227,1227,1247,1247,1271,170,190,201,201,201,201,201],"floor_reached":51,"playtime":1848,"items_purged":["Strike_B","Strike_B","Strike_B+1","Normality"],"score":766,"play_id":"2381a6fe-7b76-4ff9-bceb-188657c4dd23","local_time":"20190731125537","is_ascension_mode":false,"campfire_choices":[{"data":"Electrodynamics","floor":6.0,"key":"SMITH"},{"data":"Tempest","floor":8.0,"key":"SMITH"},{"data":"Consume","floor":10.0,"key":"SMITH"},{"data":"Capacitor","floor":15.0,"key":"SMITH"},{"data":"Electrodynamics","floor":23.0,"key":"SMITH"},{"data":"Auto Shields","floor":25.0,"key":"SMITH"},{"data":"Sweeping Beam","floor":27.0,"key":"SMITH"},{"data":"Rainbow","floor":32.0,"key":"SMITH"},{"data":"Seek","floor":40,"key":"SMITH"},{"data":"Defragment","floor":47,"key":"SMITH"},{"floor":49,"key":"REST"}],"neow_cost":"TEN_PERCENT_HP_LOSS","seed_source_timestamp":1014738063421,"circlet_count":0,"master_deck":["Defend_B+1","Zap+1","Dualcast+1","Consume+1","Electrodynamics+1","Ball Lightning","Tempest+1","Capacitor+1","Ball Lightning","Conserve Battery","Electrodynamics+1","Conserve Battery+1","Good Instincts","Auto Shields+1","Sweeping Beam+1","Sweeping Beam+1","Rainbow+1","Seek+1","Clumsy","Defragment+1","Magnetism","Rip and Tear+1","Bandage Up+1"],"special_seed":0,"relics":["Cracked Core","Blood Vial","Nuclear Battery","Darkstone Periapt","Lantern","Sozu","Strawberry","Shuriken","PrismaticShard","Bottled Flame"],"potions_floor_usage":[48,50],"damage_taken":[{"damage":2.0,"enemies":"Small Slimes","floor":1.0,"turns":3.0},{"damage":0.0,"enemies":"2 Louse","floor":5.0,"turns":1.0},{"damage":0.0,"enemies":"Cultist","floor":7.0,"turns":2.0},{"damage":11.0,"enemies":"Gremlin Gang","floor":11.0,"turns":2.0},{"damage":3.0,"enemies":"Large Slime","floor":13.0,"turns":3.0},{"damage":12.0,"enemies":"Blue Slaver","floor":14.0,"turns":3.0},{"damage":13.0,"enemies":"The Guardian","floor":16.0,"turns":6.0},{"damage":0.0,"enemies":"Spheric Guardian","floor":18.0,"turns":2.0},{"damage":5.0,"enemies":"2 Thieves","floor":19.0,"turns":2.0},{"damage":0.0,"enemies":"3 Cultists","floor":20.0,"turns":1.0},{"damage":15.0,"enemies":"Chosen and Byrds","floor":24.0,"turns":3.0},{"damage":13.0,"enemies":"Shelled Parasite and Fungi","floor":28.0,"turns":3.0},{"damage":0.0,"enemies":"Sentry and Sphere","floor":29.0,"turns":3.0},{"damage":0.0,"enemies":"Slavers","floor":30.0,"turns":1.0},{"damage":0.0,"enemies":"Cultist and Chosen","floor":31.0,"turns":3.0},{"damage":27.0,"enemies":"Collector","floor":33.0,"turns":6.0},{"damage":7.0,"enemies":"3 Shapes","floor":35.0,"turns":2.0},{"damage":0,"enemies":"3 Darklings","floor":39,"turns":1},{"damage":28,"enemies":"Maw","floor":41,"turns":7},{"damage":11,"enemies":"Transient","floor":45,"turns":5},{"damage":0,"enemies":"Sphere and 2 Shapes","floor":46,"turns":3},{"damage":0,"enemies":"Nemesis","floor":48,"turns":2},{"damage":59,"enemies":"Awakened One","floor":50,"turns":10}],"seed_played":"4508148408587000344","potions_obtained":[{"floor":11.0,"key":"Fire Potion"},{"floor":13.0,"key":"Fruit Juice"},{"floor":16.0,"key":"SteroidPotion"},{"floor":18.0,"key":"AttackPotion"},{"floor":24.0,"key":"Strength Potion"},{"floor":30.0,"key":"FearPotion"},{"floor":33.0,"key":"SmokeBomb"}],"is_trial":false,"path_per_floor":["M","?","?","?","M","R","M","R","T","R","M","$","M","M","R","B",null,"M","M","M","$","?","R","M","R","T","R","M","M","E","M","R","B",null,"M","?","$","?","M","R","M","?","T","$","M","M","R","E","R","B",null],"character_chosen":"DEFECT","items_purchased":["Capacitor","Good Instincts","Defragment","Shuriken","PrismaticShard","Bottled Flame","Magnetism"],"campfire_rested":1,"item_purchase_floors":[12,21,44,44,44,44,44],"current_hp_per_floor":[66,66,52,52,52,52,52,52,52,52,43,43,42,37,37,26,73,73,68,70,70,70,70,57,57,57,57,46,48,50,52,52,27,73,66,66,66,78,80,80,54,60,67,67,58,60,60,68,97,45],"gold":201,"neow_bonus":"TRANSFORM_TWO_CARDS","is_prod":false,"is_daily":false,"chose_seed":false,"campfire_upgraded":10,"win_rate":0,"timestamp":1564599337,"path_taken":["M","?","?","?","M","R","?","R","T","R","M","$","M","M","R","BOSS","M","?","M","$","?","R","M","R","T","R","M","M","E","M","R","BOSS","M","?","$","?","M","R","M","?","T","$","M","?","R","E","R","BOSS"],"build_version":"2019-07-17","purchased_purges":4,"victory":true,"max_hp_per_floor":[68,68,68,68,68,68,68,68,68,68,68,68,68,73,73,73,73,73,73,73,73,73,73,73,73,73,73,73,73,73,73,73,73,73,73,73,73,85,85,85,85,91,98,98,98,98,98,98,98,98],"card_choices":[{"not_picked":["Steam","Hello World"],"picked":"Ball Lightning","floor":1.0},{"not_picked":["Doom and Gloom","Gash","Stack"],"picked":"SKIP","floor":5.0},{"not_picked":["Rebound","Blizzard"],"picked":"Tempest","floor":7.0},{"not_picked":["Self Repair","Stack","Rebound"],"picked":"SKIP","floor":11.0},{"not_picked":["Barrage","Sunder"],"picked":"Ball Lightning","floor":13.0},{"not_picked":["Melter","Cold Snap"],"picked":"Conserve Battery","floor":14.0},{"not_picked":["Fission","Multi-Cast"],"picked":"Electrodynamics","floor":16.0},{"not_picked":["Streamline","Compile Driver+1","Stack"],"picked":"SKIP","floor":18.0},{"not_picked":["Beam Cell","Go for the Eyes","Steam"],"picked":"SKIP","floor":19.0},{"not_picked":["Turbo","Leap+1"],"picked":"Conserve Battery+1","floor":20.0},{"not_picked":["Steam","Blizzard+1","Doom and Gloom"],"picked":"SKIP","floor":24.0},{"not_picked":["Rip and Tear","Hologram","Compile Driver+1"],"picked":"SKIP","floor":28.0},{"not_picked":["Gash","Skim+1","Sweeping Beam+1"],"picked":"SKIP","floor":29.0},{"not_picked":["Gash","Skim+1"],"picked":"Sweeping Beam+1","floor":29.0},{"not_picked":["Conserve Battery","Storm"],"picked":"Rainbow","floor":30.0},{"not_picked":["Compile Driver","Steam","Go for the Eyes"],"picked":"SKIP","floor":31.0},{"not_picked":["Echo Form","All For One"],"picked":"Seek","floor":33.0},{"not_picked":["Go for the Eyes","Rip and Tear","BootSequence+1"],"picked":"SKIP","floor":35.0},{"not_picked":["Heatsinks","Go for the Eyes","Cold Snap"],"picked":"SKIP","floor":39},{"not_picked":["FTL+1","Sweeping Beam","Chill"],"picked":"SKIP","floor":41},{"not_picked":["Dodge and Roll+1","Poisoned Stab+1"],"picked":"Rip and Tear+1","floor":45},{"not_picked":["Mayhem","Clash+1"],"picked":"Bandage Up+1","floor":46}],"player_experience":1604058,"relics_obtained":[{"floor":9.0,"key":"Blood Vial"},{"floor":26.0,"key":"Darkstone Periapt"},{"floor":30.0,"key":"Lantern"},{"floor":43,"key":"Strawberry"}],"event_choices":[{"damage_healed":0.0,"max_hp_gain":0.0,"max_hp_loss":0.0,"gold_gain":0.0,"event_name":"Living Wall","player_choice":"Grow","floor":2.0,"gold_loss":0.0,"damage_taken":0.0,"cards_upgraded":["Zap"]},{"damage_healed":0.0,"max_hp_gain":0.0,"max_hp_loss":0.0,"gold_gain":0.0,"event_name":"Shining Light","player_choice":"Entered Light","floor":3.0,"gold_loss":0.0,"damage_taken":14.0,"cards_upgraded":["Strike_B","Defend_B"]},{"damage_healed":0.0,"max_hp_gain":0.0,"max_hp_loss":0.0,"gold_gain":0.0,"event_name":"Accursed Blacksmith","player_choice":"Forge","floor":4.0,"gold_loss":0.0,"damage_taken":0.0,"cards_upgraded":["Dualcast"]},{"damage_healed":0.0,"max_hp_gain":0.0,"max_hp_loss":0.0,"gold_gain":0.0,"cards_transformed":["Defend_B","Defend_B"],"event_name":"Drug Dealer","player_choice":"Became Test Subject","floor":22.0,"gold_loss":0.0,"damage_taken":0.0,"cards_obtained":["Auto Shields","Sweeping Beam"]},{"damage_healed":0,"gold_gain":0,"player_choice":"Ignored","damage_taken":0,"max_hp_gain":0,"max_hp_loss":0,"event_name":"Mysterious Sphere","floor":36,"gold_loss":0},{"damage_healed":0,"gold_gain":999,"player_choice":"Gold","damage_taken":0,"max_hp_gain":0,"max_hp_loss":0,"event_name":"MindBloom","floor":38,"gold_loss":0,"cards_obtained":["Normality","Normality"]},{"damage_healed":0,"gold_gain":0,"cards_transformed":["Normality"],"player_choice":"Transformed","damage_taken":0,"max_hp_gain":0,"max_hp_loss":0,"event_name":"Transmorgrifier","floor":42,"gold_loss":0,"cards_obtained":["Clumsy"]}],"is_beta":false,"boss_relics":[{"not_picked":["Eternal Feather","Busted Crown"],"picked":"Nuclear Battery"},{"not_picked":["Lizard Tail","Cursed Key"],"picked":"Sozu"}],"items_purged_floors":[12,21,37,44],"is_endless":false,"potions_floor_spawned":[11,13,16,18,24,30,31,33,35,45,48],"ascension_level":0}