{"gold_per_floor":[111,286,286,306,318,350,364,364,415,61,61,61,100,123,123,242,242,262,38,163,6,6,6,25,25,52,88,119,142,142,178,178,297,297,316,649,749,971,987,987,1002,1030,1080,1080,414,414,432,778,778,778,778,778,136,169,169],"floor_reached":55,"playtime":5189,"items_purged":["Strike_R","Defend_R","Feed"],"score":1309,"play_id":"380d7891-c06f-4d79-82dc-f97cda0933ef","local_time":"20190623195414","is_ascension_mode":true,"campfire_choices":[{"floor":12.0,"key":"REST"},{"floor":15.0,"key":"REST"},{"data":"Offering","floor":23.0,"key":"SMITH"},{"data":"Uppercut","floor":25.0,"key":"SMITH"},{"data":"Rupture","floor":30.0,"key":"SMITH"},{"data":"Pommel Strike","floor":32.0,"key":"SMITH"},{"data":"True Grit","floor":40.0,"key":"SMITH"},{"data":"Limit Break","floor":44.0,"key":"SMITH"},{"floor":49.0,"key":"RECALL"},{"data":"Armaments","floor":52,"key":"SMITH"}],"neow_cost":"TEN_PERCENT_HP_LOSS","seed_source_timestamp":342135036716157,"circlet_count":0,"master_deck":["AscendersBane","Defend_R+1","Defend_R","Defend_R+1","Bash","Twin Strike+1","Doubt","Sword Boomerang+1","Uppercut+1","Hemokinesis+1","Shrug It Off","Blood for Blood+1","Injury","True Grit+1","Feel No Pain","Offering+1","Reaper+1","Body Slam+1","Entrench+1","Warcry+1","Feed+1","Headbutt","Clothesline+1","Shrug It Off+1","Pommel Strike+1","Rupture+1","Heavy Blade+1","Inflame+1","Limit Break+1","Dropkick","Violence","Combust","Warcry","Armaments+1","Writhe","Disarm+1","Seeing Red+1","Barricade","Ghostly Armor","True Grit","Entrench"],"special_seed":0,"relics":["Burning Blood","Du-Vu Doll","Ornamental Fan","Happy Flower","Sling","Bag of Preparation","Regal Pillow","Astrolabe","StoneCalendar","Question Card","Whetstone","Red Skull","Bronze Scales","Red Mask","Matryoshka","Snecko Eye","Nunchaku","Sundial","Membership Card","War Paint","Boot","Old Coin","Incense Burner","Mummified Hand","OrangePellets","Strawberry"],"potions_floor_usage":[50,54,54,55],"damage_taken":[{"damage":10.0,"enemies":"2 Louse","floor":1.0,"turns":2.0},{"damage":5.0,"enemies":"Small Slimes","floor":4.0,"turns":2.0},{"damage":12.0,"enemies":"Jaw Worm","floor":5.0,"turns":2.0},{"damage":33.0,"enemies":"Lagavulin","floor":6.0,"turns":5.0},{"damage":11.0,"enemies":"Lots of Slimes","floor":7.0,"turns":4.0},{"damage":2.0,"enemies":"Gremlin Nob","floor":13.0,"turns":2.0},{"damage":0.0,"enemies":"Exordium Wildlife","floor":14.0,"turns":3.0},{"damage":54.0,"enemies":"Hexaghost","floor":16.0,"turns":9.0},{"damage":22.0,"enemies":"2 Thieves","floor":18.0,"turns":3.0},{"damage":17.0,"enemies":"Colosseum Slavers","floor":20.0,"turns":4.0},{"damage":12.0,"enemies":"Colosseum Nobs","floor":20.0,"turns":4.0},{"damage":13.0,"enemies":"Chosen","floor":24.0,"turns":6.0},{"damage":35.0,"enemies":"Slavers","floor":27.0,"turns":3.0},{"damage":10.0,"enemies":"Masked Bandits","floor":28.0,"turns":3.0},{"damage":17.0,"enemies":"Snake Plant","floor":29.0,"turns":2.0},{"damage":20.0,"enemies":"Gremlin Leader","floor":31.0,"turns":5.0},{"damage":26.0,"enemies":"Collector","floor":33.0,"turns":6.0},{"damage":31.0,"enemies":"3 Shapes","floor":35.0,"turns":6.0},{"damage":7.0,"enemies":"Mind Bloom Boss Battle","floor":37.0,"turns":4.0},{"damage":14.0,"enemies":"3 Darklings","floor":39.0,"turns":4.0},{"damage":12.0,"enemies":"Maw","floor":41.0,"turns":5.0},{"damage":62.0,"enemies":"Nemesis","floor":42.0,"turns":7.0},{"damage":0.0,"enemies":"Writhing Mass","floor":47.0,"turns":1.0},{"damage":54.0,"enemies":"2 Orb Walkers","floor":48.0,"turns":4.0},{"damage":109,"enemies":"Donu and Deca","floor":50,"turns":7},{"damage":71,"enemies":"Shield and Spear","floor":54,"turns":6},{"damage":81,"enemies":"The Heart","floor":55,"turns":3}],"seed_played":"-8110888823427187964","potions_obtained":[{"floor":1.0,"key":"Fire Potion"},{"floor":6.0,"key":"Energy Potion"},{"floor":13.0,"key":"Energy Potion"},{"floor":14.0,"key":"Fire Potion"},{"floor":18.0,"key":"EntropicBrew"},{"floor":20.0,"key":"Regen Potion"},{"floor":27.0,"key":"SteroidPotion"},{"floor":33.0,"key":"Block Potion"},{"floor":35.0,"key":"AttackPotion"},{"floor":47.0,"key":"Energy Potion"},{"floor":54,"key":"AttackPotion"}],"is_trial":false,"path_per_floor":["M","?","?","M","M","E","M","?","T","$","?","R","E","M","R","B",null,"M","$","?","$","?","R","M","R","T","E","?","M","R","E","R","B",null,"M","?","?","?","M","R","M","E","T","R","$","?","M","?","R","B",null,"R","$","E","B"],"character_chosen":"IRONCLAD","items_purchased":["Sling","Bag of Preparation","Feed","Whetstone","Membership Card","War Paint","Dropkick","Violence","Combust","Explosive Potion","BloodPotion","Warcry","Armaments","Boot","Barricade","Incense Burner","Mummified Hand","OrangePellets","BloodPotion","BloodPotion","Ghostly Armor","True Grit"],"campfire_rested":2,"item_purchase_floors":[10,10,19,21,45,45,45,45,45,45,45,45,45,45,53,53,53,53,53,53,53,53],"current_hp_per_floor":[68,68,68,69,63,36,31,17,17,17,17,38,42,48,72,24,60,44,44,41,41,41,41,42,42,42,71,86,75,75,61,61,41,75,72,72,75,75,93,93,99,70,70,70,70,96,102,61,61,8,88,88,88,52,0],"gold":169,"neow_bonus":"ONE_RARE_RELIC","is_prod":false,"is_daily":false,"chose_seed":false,"campfire_upgraded":7,"win_rate":0,"timestamp":1561337654,"path_taken":["M","?","?","M","M","E","M","?","T","$","?","R","E","?","R","BOSS","M","?","?","$","?","R","?","R","T","E","?","M","R","E","R","BOSS","M","?","?","?","?","R","M","E","T","R","$","?","M","?","R","BOSS","R","$","E","BOSS"],"build_version":"2019-01-23","purchased_purges":3,"victory":false,"max_hp_per_floor":[72,72,72,72,72,72,72,72,72,72,72,72,72,72,72,72,72,72,72,78,78,78,78,78,78,78,82,86,86,86,86,86,86,86,93,93,97,97,101,101,105,105,105,105,105,105,105,112,112,115,115,115,115,122,122],"card_choices":[{"not_picked":["Clash","Body Slam"],"picked":"Twin Strike","floor":1.0},{"not_picked":["Clash","Entrench"],"picked":"Uppercut","floor":4.0},{"not_picked":["Evolve","Body Slam"],"picked":"Hemokinesis","floor":5.0},{"not_picked":["Dual Wield","Disarm"],"picked":"Shrug It Off","floor":6.0},{"not_picked":["Sword Boomerang","Sever Soul"],"picked":"Blood for Blood","floor":7.0},{"not_picked":["Iron Wave","Whirlwind"],"picked":"True Grit","floor":13.0},{"not_picked":["Warcry","Headbutt"],"picked":"Feel No Pain","floor":14.0},{"not_picked":["Bludgeon","Barricade"],"picked":"Offering","floor":16.0},{"not_picked":["Thunderclap","Body Slam"],"picked":"Warcry+1","floor":18.0},{"not_picked":["Perfected Strike","Combust+1"],"picked":"Headbutt","floor":20.0},{"not_picked":["Sever Soul","Brutality","Twin Strike"],"picked":"Clothesline+1","floor":24.0},{"not_picked":["Pommel Strike","Pummel","Heavy Blade"],"picked":"Shrug It Off+1","floor":27.0},{"not_picked":["Intimidate","Iron Wave","Clothesline+1"],"picked":"Pommel Strike","floor":28.0},{"not_picked":["Burning Pact+1","Cleave","Armaments+1"],"picked":"Rupture","floor":29.0},{"not_picked":["Bludgeon","Sever Soul","Twin Strike"],"picked":"Heavy Blade+1","floor":31.0},{"not_picked":["Exhume","Dark Embrace","Impervious"],"picked":"Feed","floor":33.0},{"not_picked":["Havoc","Sword Boomerang+1","Thunderclap+1","Headbutt"],"picked":"SKIP","floor":35.0},{"not_picked":["Clothesline+1","Flex","Havoc+1"],"picked":"Inflame+1","floor":37.0},{"not_picked":["Dual Wield","Dropkick+1","Cleave+1"],"picked":"Limit Break","floor":39.0},{"not_picked":["Hemokinesis","Body Slam","Iron Wave+1","Sword Boomerang"],"picked":"SKIP","floor":41.0},{"not_picked":["Entrench","Carnage+1","Iron Wave","Ghostly Armor"],"picked":"SKIP","floor":42.0},{"not_picked":["Havoc","Perfected Strike","Headbutt+1"],"picked":"Disarm+1","floor":47.0},{"not_picked":["Pommel Strike","Perfected Strike","Iron Wave"],"picked":"Seeing Red+1","floor":48.0},{"not_picked":["Armaments+1","Bludgeon","True Grit"],"picked":"Entrench","floor":54}],"player_experience":379623,"relics_obtained":[{"floor":6.0,"key":"Ornamental Fan"},{"floor":9.0,"key":"Happy Flower"},{"floor":13.0,"key":"Regal Pillow"},{"floor":20.0,"key":"StoneCalendar"},{"floor":20.0,"key":"Question Card"},{"floor":26.0,"key":"Red Skull"},{"floor":27.0,"key":"Bronze Scales"},{"floor":28.0,"key":"Red Mask"},{"floor":31.0,"key":"Matryoshka"},{"floor":37.0,"key":"Nunchaku"},{"floor":42.0,"key":"Sundial"},{"floor":48.0,"key":"Old Coin"},{"floor":54,"key":"Strawberry"}],"event_choices":[{"damage_healed":0.0,"max_hp_gain":0.0,"max_hp_loss":0.0,"gold_gain":175.0,"event_name":"Liars Game","player_choice":"AGREE","floor":2.0,"gold_loss":0.0,"damage_taken":0.0,"cards_obtained":["Doubt"]},{"damage_healed":0.0,"max_hp_gain":0.0,"max_hp_loss":0.0,"gold_gain":0.0,"cards_transformed":["Strike_R"],"event_name":"Living Wall","player_choice":"Change","floor":3.0,"gold_loss":0.0,"damage_taken":0.0,"cards_obtained":["Sword Boomerang"]},{"damage_healed":0.0,"max_hp_gain":0.0,"max_hp_loss":0.0,"gold_gain":0.0,"event_name":"Shining Light","player_choice":"Entered Light","floor":8.0,"gold_loss":0.0,"damage_taken":14.0,"cards_upgraded":["Hemokinesis","Blood for Blood"]},{"damage_healed":0.0,"max_hp_gain":0.0,"max_hp_loss":0.0,"gold_gain":0.0,"event_name":"Golden Idol","player_choice":"Take Wound","floor":11.0,"gold_loss":0.0,"damage_taken":0.0,"relics_obtained":["Golden Idol"],"cards_obtained":["Injury"]},{"damage_healed":0.0,"max_hp_gain":0.0,"max_hp_loss":0.0,"gold_gain":0.0,"event_name":"Colosseum","player_choice":"Fight","floor":20.0,"gold_loss":0.0,"damage_taken":0.0},{"damage_healed":0.0,"max_hp_gain":0.0,"max_hp_loss":0.0,"gold_gain":0.0,"event_name":"Colosseum","player_choice":"Fought Nobs","floor":20.0,"gold_loss":0.0,"damage_taken":0.0},{"damage_healed":0.0,"max_hp_gain":0.0,"max_hp_loss":0.0,"gold_gain":0.0,"event_name":"Upgrade Shrine","player_choice":"Upgraded","floor":22.0,"gold_loss":0.0,"damage_taken":0.0,"cards_upgraded":["Feed"]},{"damage_healed":0.0,"max_hp_gain":0.0,"max_hp_loss":0.0,"gold_gain":0.0,"event_name":"Masked Bandits","player_choice":"Fought Bandits","floor":28.0,"gold_loss":0.0,"damage_taken":0.0},{"damage_healed":0.0,"max_hp_gain":0.0,"max_hp_loss":0.0,"gold_gain":333.0,"event_name":"The Moai Head","player_choice":"Gave Idol","floor":36.0,"relics_lost":["Golden Idol"],"gold_loss":0.0,"damage_taken":0.0},{"damage_healed":0.0,"max_hp_gain":0.0,"max_hp_loss":0.0,"gold_gain":0.0,"event_name":"MindBloom","player_choice":"Fight","floor":37.0,"gold_loss":0.0,"damage_taken":0.0},{"damage_healed":0.0,"max_hp_gain":0.0,"max_hp_loss":0.0,"gold_gain":222.0,"event_name":"Tomb of Lord Red Mask","player_choice":"Wore Mask","floor":38.0,"gold_loss":0.0,"damage_taken":0.0},{"damage_healed":26.0,"max_hp_gain":0.0,"max_hp_loss":0.0,"gold_gain":0.0,"event_name":"Winding Halls","player_choice":"Writhe","floor":46.0,"gold_loss":0.0,"damage_taken":0.0,"cards_obtained":["Writhe"]},{"damage_healed":0.0,"max_hp_gain":0.0,"max_hp_loss":0.0,"gold_gain":0.0,"event_name":"Mysterious Sphere","player_choice":"Fight","floor":48.0,"gold_loss":0.0,"damage_taken":0.0}],"is_beta":false,"boss_relics":[{"not_picked":["Busted Crown","Runic Dome"],"picked":"Astrolabe"},{"not_picked":["Black Blood","Black Star"],"picked":"Snecko Eye"}],"items_purged_floors":[19,45,53],"is_endless":false,"potions_floor_spawned":[1,6,13,14,18,20,27,33,35,47,54],"killed_by":"The Heart","ascension_level":10}