{"gold_per_floor":[116,136,136,136,10,10,10,35,35,49,49,78,90,124,124,222,222,233,243,258,275,374,374],"floor_reached":23,"playtime":1577,"items_purged":["Pain"],"score":330,"play_id":"6e31aab3-9a61-4cc3-b974-52751afd4821","local_time":"20190616025346","is_ascension_mode":true,"campfire_choices":[{"data":"Clothesline","floor":6,"key":"SMITH"},{"data":"Hemokinesis","floor":11,"key":"SMITH"},{"data":"Offering","floor":15,"key":"SMITH"}],"neow_cost":"NONE","seed_source_timestamp":62819451237415,"circlet_count":0,"master_deck":["Strike_R","Strike_R","Strike_R","Strike_R","Strike_R","Defend_R","Defend_R","Defend_R","Defend_R","Bash","Clothesline+1","True Grit+1","Hemokinesis+1","True Grit","Pommel Strike","Dropkick","Offering+1","Demon Form","Metallicize","Carnage","Flame Barrier","Cleave"],"relics":["Burning Blood","NeowsBlessing","WarpedTongs","Mercury Hourglass","Meat on the Bone","Bag of Marbles","Omamori","Runic Pyramid"],"potions_floor_usage":[14,16,20,20],"damage_taken":[{"damage":0,"enemies":"Jaw Worm","floor":1,"turns":1},{"damage":0,"enemies":"2 Louse","floor":2,"turns":1},{"damage":0,"enemies":"Gremlin Nob","floor":8,"turns":1},{"damage":3,"enemies":"Cultist","floor":10,"turns":3},{"damage":18,"enemies":"3 Sentries","floor":12,"turns":6},{"damage":2,"enemies":"Exordium Wildlife","floor":13,"turns":3},{"damage":16,"enemies":"Lagavulin","floor":14,"turns":4},{"damage":26,"enemies":"Slime Boss","floor":16,"turns":6},{"damage":17,"enemies":"Shell Parasite","floor":18,"turns":5},{"damage":24,"enemies":"Spheric Guardian","floor":19,"turns":7},{"damage":45,"enemies":"Centurion and Healer","floor":20,"turns":6},{"damage":16,"enemies":"3 Cultists","floor":21,"turns":6},{"damage":42,"enemies":"Gremlin Leader","floor":23,"turns":4}],"seed_played":"-5781219975882071969","potions_obtained":[{"floor":1,"key":"BloodPotion"},{"floor":10,"key":"FearPotion"},{"floor":18,"key":"SteroidPotion"},{"floor":20,"key":"GamblersBrew"}],"is_trial":false,"path_per_floor":["M","M","?","?","$","R","$","E","T","M","R","E","M","E","R","B",null,"M","M","M","M","?","E"],"character_chosen":"IRONCLAD","items_purchased":["AttackPotion"],"campfire_rested":0,"item_purchase_floors":[5],"current_hp_per_floor":[78,80,80,80,80,80,80,80,80,80,80,68,72,62,62,54,74,63,57,38,40,40,0],"gold":374,"neow_bonus":"THREE_ENEMY_KILL","is_prod":false,"is_daily":false,"chose_seed":false,"campfire_upgraded":3,"win_rate":0,"timestamp":1560671626,"path_taken":["M","M","?","?","$","R","$","E","T","M","R","E","M","E","R","BOSS","M","M","M","M","?","E"],"build_version":"2019-01-23","purchased_purges":1,"victory":false,"max_hp_per_floor":[80,80,80,80,80,80,80,80,80,80,80,80,80,80,80,80,80,80,80,80,80,80,80],"card_choices":[{"not_picked":["True Grit","Cleave"],"picked":"Clothesline","floor":1},{"not_picked":["Clothesline","Uppercut"],"picked":"True Grit","floor":2},{"not_picked":["Clash","Heavy Blade"],"picked":"Hemokinesis","floor":8},{"not_picked":["Perfected Strike","Wild Strike"],"picked":"True Grit","floor":10},{"not_picked":["Flex","Uppercut"],"picked":"Pommel Strike","floor":12},{"not_picked":["Bloodletting","Pommel Strike"],"picked":"Dropkick","floor":13},{"not_picked":["Burning Pact","True Grit"],"picked":"Offering","floor":14},{"not_picked":["Limit Break","Berserk"],"picked":"Demon Form","floor":16},{"not_picked":["Iron Wave+1","Havoc+1"],"picked":"Metallicize","floor":18},{"not_picked":["Searing Blow","Headbutt"],"picked":"Carnage","floor":19},{"not_picked":["Body Slam","Sever Soul+1"],"picked":"Flame Barrier","floor":20},{"not_picked":["Iron Wave+1","Thunderclap"],"picked":"Cleave","floor":21}],"player_experience":343627,"relics_obtained":[{"floor":8,"key":"Mercury Hourglass"},{"floor":9,"key":"Meat on the Bone"},{"floor":12,"key":"Bag of Marbles"},{"floor":14,"key":"Omamori"}],"event_choices":[{"damage_healed":0,"gold_gain":0,"player_choice":"Grow","damage_taken":0,"max_hp_gain":0,"max_hp_loss":0,"event_name":"Living Wall","floor":3,"gold_loss":0,"cards_upgraded":["True Grit"]},{"damage_healed":0,"gold_gain":0,"player_choice":"Rummage","damage_taken":0,"relics_obtained":["WarpedTongs"],"max_hp_gain":0,"max_hp_loss":0,"event_name":"Accursed Blacksmith","floor":4,"gold_loss":0,"cards_obtained":["Pain"]},{"damage_healed":0,"gold_gain":99,"player_choice":"Stole From Cult","damage_taken":0,"max_hp_gain":0,"max_hp_loss":0,"event_name":"Nest","floor":22,"gold_loss":0}],"is_beta":false,"boss_relics":[{"not_picked":["Sozu","Calling Bell"],"picked":"Runic Pyramid"}],"items_purged_floors":[5],"is_endless":false,"potions_floor_spawned":[1,10,12,18,20],"killed_by":"Gremlin Leader","ascension_level":8}