{"gold_per_floor":[116,35,35,35,35,35,70,90,90,90,104,127,159,334,334,412,412,430,530,547,561,561,561,561,561,561,561,588,600,633,197,197,273,273,292,192,210,210,1209,1209,1238,1238,1263,1278,1306,1360,1379,1395,1395,1395],"floor_reached":51,"playtime":2366,"items_purged":["Strike_R","Regret"],"score":1393,"play_id":"427ee859-2eaf-4ea3-9b32-a2fbf55efdc6","local_time":"20190629001539","is_ascension_mode":true,"campfire_choices":[{"data":"Bash","floor":6,"key":"SMITH"},{"data":"True Grit","floor":10,"key":"SMITH"},{"data":"Heavy Blade","floor":15,"key":"SMITH"},{"data":"Offering","floor":23,"key":"SMITH"},{"data":"Limit Break","floor":25,"key":"SMITH"},{"data":"Shockwave","floor":27,"key":"SMITH"},{"data":"Seeing Red","floor":32,"key":"SMITH"},{"data":"Hemokinesis","floor":40,"key":"SMITH"},{"data":"Flame Barrier","floor":42,"key":"SMITH"},{"floor":49,"key":"REST"}],"neow_cost":"NONE","seed_source_timestamp":35895676681638,"circlet_count":0,"master_deck":["AscendersBane","Strike_R","Strike_R","Strike_R","Strike_R+1","Defend_R","Defend_R","Defend_R","Defend_R+1","Bash+1","True Grit+1","Hemokinesis+1","Offering+1","Power Through","Bludgeon","Headbutt","Heavy Blade+1","Doubt","Limit Break+1","Shockwave+1","Battle Trance","AscendersBane","Seeing Red+1","Immolate","Flame Barrier+1","Shrug It Off+1","Parasite"],"relics":["Burning Blood","NeowsBlessing","Oddly Smooth Stone","Paper Frog","Mango","Pantograph","Odd Mushroom","Du-Vu Doll","Philosopher\u0027s Stone","Pocketwatch","Bottled Lightning","Anchor","Omamori","Art of War","Potion Belt","Busted Crown","Toxic Egg 2","PreservedInsect","Incense Burner"],"potions_floor_usage":[19,28,41,50,50,50],"damage_taken":[{"damage":12,"enemies":"Small Slimes","floor":1,"turns":2},{"damage":1,"enemies":"Lagavulin","floor":7,"turns":2},{"damage":0,"enemies":"Jaw Worm","floor":8,"turns":1},{"damage":11,"enemies":"2 Louse","floor":11,"turns":2},{"damage":15,"enemies":"The Mushroom Lair","floor":12,"turns":6},{"damage":13,"enemies":"Gremlin Nob","floor":13,"turns":3},{"damage":42,"enemies":"The Guardian","floor":16,"turns":11},{"damage":0,"enemies":"Chosen","floor":18,"turns":3},{"damage":12,"enemies":"Colosseum Slavers","floor":19,"turns":4},{"damage":17,"enemies":"Colosseum Nobs","floor":19,"turns":3},{"damage":9,"enemies":"Spheric Guardian","floor":20,"turns":2},{"damage":9,"enemies":"Snake Plant","floor":21,"turns":2},{"damage":13,"enemies":"Gremlin Leader","floor":28,"turns":3},{"damage":9,"enemies":"Chosen and Byrds","floor":29,"turns":3},{"damage":15,"enemies":"Book of Stabbing","floor":30,"turns":2},{"damage":23,"enemies":"Champ","floor":33,"turns":4},{"damage":6,"enemies":"3 Shapes","floor":35,"turns":1},{"damage":9,"enemies":"3 Darklings","floor":37,"turns":3},{"damage":44,"enemies":"Reptomancer","floor":41,"turns":6},{"damage":6,"enemies":"Sphere and 2 Shapes","floor":44,"turns":2},{"damage":10,"enemies":"Giant Head","floor":45,"turns":5},{"damage":15,"enemies":"2 Orb Walkers","floor":46,"turns":3},{"damage":6,"enemies":"Writhing Mass","floor":47,"turns":3},{"damage":6,"enemies":"4 Shapes","floor":48,"turns":2},{"damage":61,"enemies":"Time Eater","floor":50,"turns":7}],"seed_played":"6606692201830530470","potions_obtained":[{"floor":1,"key":"Dexterity Potion"},{"floor":8,"key":"Fire Potion"},{"floor":11,"key":"Energy Potion"},{"floor":13,"key":"SkillPotion"},{"floor":19,"key":"SkillPotion"},{"floor":28,"key":"SpeedPotion"},{"floor":41,"key":"Swift Potion"},{"floor":48,"key":"FairyPotion"}],"is_trial":false,"path_per_floor":["M","$","?","?","?","R","E","M","T","R","M","?","E","?","R","B",null,"M","?","M","M","?","R","?","R","T","R","E","M","E","$","R","B",null,"M","$","M","?","?","R","E","R","T","M","E","?","M","M","R","B",null],"character_chosen":"IRONCLAD","items_purchased":["Hemokinesis","Potion Belt","BloodPotion","Regen Potion","Metallicize"],"campfire_rested":1,"item_purchase_floors":[2,31,31,31,31],"current_hp_per_floor":[66,66,66,50,50,50,69,75,75,75,70,61,54,54,54,43,81,87,70,67,64,64,64,64,64,64,64,57,54,45,45,45,53,84,84,84,81,81,81,81,43,43,43,43,39,30,30,30,58,51],"gold":1395,"neow_bonus":"THREE_ENEMY_KILL","is_prod":false,"is_daily":false,"chose_seed":false,"campfire_upgraded":9,"win_rate":0,"timestamp":1561785339,"path_taken":["M","$","?","?","?","R","E","?","T","R","M","?","E","?","R","BOSS","M","?","M","M","?","R","?","R","T","R","E","M","E","$","R","BOSS","M","$","M","?","?","R","E","R","T","M","E","?","M","M","R","BOSS"],"build_version":"2019-01-23","purchased_purges":2,"victory":true,"max_hp_per_floor":[80,80,80,80,80,80,94,94,94,94,94,94,94,94,94,94,94,94,94,94,94,94,94,94,94,94,94,94,94,94,94,94,94,94,94,94,94,94,94,94,94,94,94,94,94,94,94,94,94,94],"card_choices":[{"not_picked":["Dropkick","Sword Boomerang"],"picked":"True Grit","floor":1},{"not_picked":["Shrug It Off","Reckless Charge"],"picked":"Offering","floor":7},{"not_picked":["Twin Strike","Warcry"],"picked":"Power Through","floor":8},{"not_picked":["Iron Wave","Body Slam"],"picked":"Bludgeon","floor":11},{"not_picked":["Hemokinesis","Carnage"],"picked":"Headbutt","floor":12},{"not_picked":["Power Through","Anger"],"picked":"Heavy Blade","floor":13},{"not_picked":["Impervious","Bludgeon"],"picked":"Limit Break","floor":16},{"not_picked":["Iron Wave","Dual Wield","Rampage+1"],"picked":"SKIP","floor":18},{"not_picked":["Inflame","Perfected Strike"],"picked":"Shockwave","floor":19},{"not_picked":["Anger","Uppercut+1"],"picked":"Battle Trance","floor":20},{"not_picked":["Sword Boomerang","Havoc","Headbutt"],"picked":"SKIP","floor":21},{"not_picked":["Berserk","Rage","Clothesline"],"picked":"SKIP","floor":28},{"not_picked":["Body Slam","Warcry"],"picked":"Seeing Red","floor":29},{"not_picked":["Blood for Blood","Wild Strike","Dual Wield"],"picked":"SKIP","floor":30},{"not_picked":["Demon Form","Bludgeon"],"picked":"Immolate","floor":33},{"not_picked":["Wild Strike+1"],"picked":"SKIP","floor":35},{"not_picked":[],"picked":"Flame Barrier","floor":37},{"not_picked":["Sever Soul+1"],"picked":"SKIP","floor":41},{"not_picked":["Warcry+1"],"picked":"SKIP","floor":44},{"not_picked":["Whirlwind"],"picked":"SKIP","floor":45},{"not_picked":[],"picked":"Shrug It Off+1","floor":46},{"not_picked":["Fire Breathing"],"picked":"SKIP","floor":47},{"not_picked":["Evolve+1"],"picked":"SKIP","floor":48}],"player_experience":418616,"relics_obtained":[{"floor":7,"key":"Mango"},{"floor":9,"key":"Pantograph"},{"floor":12,"key":"Odd Mushroom"},{"floor":13,"key":"Du-Vu Doll"},{"floor":19,"key":"Pocketwatch"},{"floor":19,"key":"Bottled Lightning"},{"floor":26,"key":"Anchor"},{"floor":28,"key":"Omamori"},{"floor":30,"key":"Art of War"},{"floor":41,"key":"Toxic Egg 2"},{"floor":45,"key":"PreservedInsect"},{"floor":46,"key":"Incense Burner"}],"event_choices":[{"damage_healed":0,"gold_gain":0,"player_choice":"Box","damage_taken":0,"relics_obtained":["Oddly Smooth Stone"],"max_hp_gain":0,"max_hp_loss":0,"event_name":"Big Fish","floor":3,"gold_loss":0,"cards_obtained":["Regret"]},{"damage_healed":0,"gold_gain":0,"player_choice":"Entered Light","damage_taken":16,"max_hp_gain":0,"max_hp_loss":0,"event_name":"Shining Light","floor":4,"gold_loss":0,"cards_upgraded":["Strike_R","Defend_R"]},{"damage_healed":0,"gold_gain":0,"player_choice":"Gave Potion","damage_taken":0,"relics_obtained":["Paper Frog"],"max_hp_gain":0,"max_hp_loss":0,"event_name":"WeMeetAgain","floor":5,"gold_loss":0},{"damage_healed":0,"gold_gain":0,"player_choice":"Fought Mushrooms","damage_taken":0,"max_hp_gain":0,"max_hp_loss":0,"event_name":"Mushrooms","floor":12,"gold_loss":0},{"damage_healed":0,"gold_gain":175,"player_choice":"AGREE","damage_taken":0,"max_hp_gain":0,"max_hp_loss":0,"event_name":"Liars Game","floor":14,"gold_loss":0,"cards_obtained":["Doubt"]},{"damage_healed":0,"gold_gain":0,"player_choice":"Fight","damage_taken":0,"max_hp_gain":0,"max_hp_loss":0,"event_name":"Colosseum","floor":19,"gold_loss":0},{"damage_healed":0,"gold_gain":0,"player_choice":"Fought Nobs","damage_taken":0,"max_hp_gain":0,"max_hp_loss":0,"event_name":"Colosseum","floor":19,"gold_loss":0},{"damage_healed":0,"gold_gain":0,"player_choice":"Ignored","damage_taken":0,"max_hp_gain":0,"max_hp_loss":0,"event_name":"Vampires","floor":22,"gold_loss":0},{"damage_healed":0,"gold_gain":0,"player_choice":"Copied","damage_taken":0,"max_hp_gain":0,"max_hp_loss":0,"event_name":"Duplicator","floor":24,"gold_loss":0,"cards_obtained":["AscendersBane"]},{"cards_removed":["Metallicize"],"damage_healed":0,"gold_gain":0,"player_choice":"Removed Power","damage_taken":0,"max_hp_gain":0,"max_hp_loss":0,"event_name":"Falling","floor":38,"gold_loss":0},{"damage_healed":0,"gold_gain":999,"player_choice":"Gold","damage_taken":0,"max_hp_gain":0,"max_hp_loss":0,"event_name":"MindBloom","floor":39,"gold_loss":0,"cards_obtained":["Normality","Normality"]},{"damage_healed":0,"gold_gain":0,"player_choice":"Fight","damage_taken":0,"max_hp_gain":0,"max_hp_loss":0,"event_name":"Mysterious Sphere","floor":46,"gold_loss":0}],"is_beta":false,"boss_relics":[{"not_picked":["Runic Cube","Orrery"],"picked":"Philosopher\u0027s Stone"},{"not_picked":["Black Star","Fusion Hammer"],"picked":"Busted Crown"}],"items_purged_floors":[31,36],"is_endless":false,"potions_floor_spawned":[1,8,11,13,16,19,20,21,28,33,41,44,48],"ascension_level":13}