{"gold_per_floor":[110,25,40,40,40,69,69,69,95,95,122,160,183,208,208,301,301,320,320,320,49,69,69,93,93,93,117,117,117,138,162,162,162],"floor_reached":33,"playtime":793,"items_purged":[],"score":560,"play_id":"c83b2eff-cea5-4ed7-8f54-7ef23c6b5bd1","local_time":"20190803221901","is_ascension_mode":true,"campfire_choices":[{"data":"Defragment","floor":7.0,"key":"SMITH"},{"floor":10.0,"key":"REST"},{"floor":15.0,"key":"REST"},{"floor":23.0,"key":"REST"},{"data":"Zap","floor":25.0,"key":"SMITH"},{"floor":28.0,"key":"REST"},{"floor":32.0,"key":"REST"}],"neow_cost":"NONE","seed_source_timestamp":1043190934938900,"circlet_count":0,"master_deck":["AscendersBane","Strike_B+1","Strike_B+1","Defend_B+1","Defend_B+1","Defend_B+1","Defend_B+1","Zap+1","Dualcast","Go for the Eyes","Defragment+1","Cold Snap","Cold Snap","Conserve Battery","Hologram","Seek","Cold Snap","Static Discharge+1","Gash+1","Sunder","Gash+1"],"special_seed":0,"relics":["Cracked Core","NeowsBlessing","Whetstone","Golden Idol","Juzu Bracelet","Anchor","Pen Nib","Nuclear Battery","MutagenicStrength","Sundial","Pantograph"],"potions_floor_usage":[33],"damage_taken":[{"damage":0.0,"enemies":"Cultist","floor":1.0,"turns":1.0},{"damage":0.0,"enemies":"2 Louse","floor":3.0,"turns":1.0},{"damage":0.0,"enemies":"Gremlin Nob","floor":6.0,"turns":1.0},{"damage":12.0,"enemies":"Lagavulin","floor":12.0,"turns":7.0},{"damage":3.0,"enemies":"Small Slimes","floor":13.0,"turns":3.0},{"damage":6.0,"enemies":"Blue Slaver","floor":14.0,"turns":3.0},{"damage":11.0,"enemies":"Slime Boss","floor":16.0,"turns":13.0},{"damage":19.0,"enemies":"3 Byrds","floor":18.0,"turns":6.0},{"damage":3.0,"enemies":"Shell Parasite","floor":22.0,"turns":6.0},{"damage":0.0,"enemies":"Shelled Parasite and Fungi","floor":24.0,"turns":8.0},{"damage":33.0,"enemies":"Cultist and Chosen","floor":27.0,"turns":7.0},{"damage":11.0,"enemies":"3 Cultists","floor":30.0,"turns":4.0},{"damage":16.0,"enemies":"Sentry and Sphere","floor":31.0,"turns":4.0},{"damage":26,"enemies":"Collector","floor":33,"turns":6}],"seed_played":"-3499085412826728592","potions_obtained":[{"floor":3.0,"key":"Swift Potion"},{"floor":6.0,"key":"Weak Potion"},{"floor":12.0,"key":"Fire Potion"},{"floor":13.0,"key":"PowerPotion"},{"floor":31.0,"key":"Explosive Potion"}],"is_trial":false,"path_per_floor":["M","$","M","$","?","E","R","?","T","R","T","E","M","M","R","B",null,"M","?","?","$","M","R","M","R","T","M","R","?","M","M","R","B"],"character_chosen":"DEFECT","items_purchased":["Defragment","Sundial"],"campfire_rested":5,"item_purchase_floors":[2,21],"current_hp_per_floor":[64,64,64,64,57,57,57,57,57,64,64,52,49,43,62,51,61,42,42,42,42,39,58,58,58,58,25,44,44,33,17,36,35],"gold":162,"neow_bonus":"THREE_ENEMY_KILL","is_prod":false,"is_daily":false,"chose_seed":false,"campfire_upgraded":2,"win_rate":0,"timestamp":1564863541,"path_taken":["M","$","M","?","?","E","R","?","T","R","?","E","M","M","R","BOSS","M","?","?","$","M","R","M","R","T","M","R","?","M","M","R","BOSS"],"build_version":"2019-07-17","purchased_purges":0,"victory":false,"max_hp_per_floor":[71,71,71,71,71,71,71,64,64,64,64,64,64,64,64,64,64,64,64,64,64,64,64,64,64,64,64,64,64,64,64,64,64],"card_choices":[{"not_picked":["Hello World","Darkness"],"picked":"Go for the Eyes","floor":1.0},{"not_picked":["Gash","Tempest"],"picked":"Cold Snap","floor":3.0},{"not_picked":["Redo","Stack"],"picked":"Cold Snap","floor":6.0},{"not_picked":["Gash","Hyperbeam"],"picked":"Conserve Battery","floor":12.0},{"not_picked":["Heatsinks","Reprogram","Go for the Eyes"],"picked":"SKIP","floor":13.0},{"not_picked":["Ball Lightning","Turbo"],"picked":"Hologram","floor":14.0},{"not_picked":["Meteor Strike","Multi-Cast"],"picked":"Seek","floor":16.0},{"not_picked":["Gash","Undo"],"picked":"Cold Snap","floor":18.0},{"not_picked":["Barrage+1","Coolheaded","Compile Driver"],"picked":"SKIP","floor":22.0},{"not_picked":["Conserve Battery","Steam Power"],"picked":"Static Discharge+1","floor":24.0},{"not_picked":["Scrape","Tempest"],"picked":"Gash+1","floor":27.0},{"not_picked":["Scrape","Beam Cell"],"picked":"Sunder","floor":30.0},{"not_picked":["Chaos","Static Discharge"],"picked":"Gash+1","floor":31.0}],"player_experience":412692,"relics_obtained":[{"floor":6.0,"key":"Whetstone"},{"floor":9.0,"key":"Juzu Bracelet"},{"floor":11.0,"key":"Anchor"},{"floor":12.0,"key":"Pen Nib"},{"floor":26.0,"key":"Pantograph"}],"event_choices":[{"cards_removed":["Strike_B"],"damage_healed":0.0,"max_hp_gain":0.0,"max_hp_loss":0.0,"gold_gain":0.0,"event_name":"Golden Wing","player_choice":"Card Removal","floor":5.0,"gold_loss":0.0,"damage_taken":7.0},{"damage_healed":0.0,"max_hp_gain":0.0,"max_hp_loss":7.0,"gold_gain":0.0,"event_name":"Golden Idol","player_choice":"Lose Max HP","floor":8.0,"gold_loss":0.0,"damage_taken":0.0,"relics_obtained":["Golden Idol"]},{"damage_healed":0.0,"max_hp_gain":0.0,"max_hp_loss":0.0,"gold_gain":0.0,"event_name":"Drug Dealer","player_choice":"Inject Mutagens","floor":19.0,"gold_loss":0.0,"damage_taken":0.0,"relics_obtained":["MutagenicStrength"]},{"damage_healed":0.0,"max_hp_gain":0.0,"max_hp_loss":0.0,"gold_gain":0.0,"event_name":"Back to Basics","player_choice":"Simplicity","floor":20.0,"gold_loss":0.0,"damage_taken":0.0,"cards_upgraded":["Strike_B","Defend_B","Defend_B","Defend_B","Defend_B"]},{"cards_removed":["Strike_B"],"damage_healed":0.0,"max_hp_gain":0.0,"max_hp_loss":0.0,"gold_gain":0.0,"event_name":"Purifier","player_choice":"Purged","floor":29.0,"gold_loss":0.0,"damage_taken":0.0}],"is_beta":false,"boss_relics":[{"not_picked":["Busted Crown","Snecko Eye"],"picked":"Nuclear Battery"}],"items_purged_floors":[],"is_endless":false,"potions_floor_spawned":[3,6,12,13,31],"killed_by":"Collector","ascension_level":20}