{"gold_per_floor":[12,12,29,48,68,68,101,101,156,188,168,168,196,211,211,315,315,335,267,267,366,377,377,397,431,455,455,466,466,477,490,490,590,590,609,621,638,648,204,204,232,232,258,287,306,306,0,25,25,25],"floor_reached":50,"playtime":4413,"items_purged":[],"score":812,"play_id":"2691a01f-4e55-4c89-9806-32270be40a7b","local_time":"20190615200613","is_ascension_mode":true,"campfire_choices":[{"data":"Shockwave","floor":6.0,"key":"SMITH"},{"data":"Body Slam","floor":8.0,"key":"SMITH"},{"data":"Juggernaut","floor":12,"key":"SMITH"},{"floor":15,"key":"REST"},{"data":"Disarm","floor":23,"key":"SMITH"},{"floor":27,"key":"REST"},{"data":"Flame Barrier","floor":29,"key":"SMITH"},{"floor":32,"key":"REST"},{"floor":40,"key":"REST"},{"floor":42,"key":"REST"},{"floor":49,"key":"REST"}],"neow_cost":"NO_GOLD","seed_source_timestamp":35404879342349,"circlet_count":0,"master_deck":["Defend_R","Defend_R","Defend_R","Defend_R","Bash","Body Slam+1","Rage","Shockwave+1","Shrug It Off","Flame Barrier+1","Pommel Strike","Feed","Juggernaut+1","Shockwave","Double Tap","Battle Trance+1","Corruption+1","Dual Wield+1","Infernal Blade","Disarm+1","Feel No Pain","Havoc+1","Rage+1","Seeing Red","Battle Trance","Bloodletting","Iron Wave","Juggernaut","Havoc","True Grit","Second Wind","Secret Weapon","True Grit","Ghostly Armor","Dropkick"],"special_seed":0,"relics":["Burning Blood","Boot","Tiny Chest","Juzu Bracelet","Odd Mushroom","Astrolabe","Ornamental Fan","Bag of Marbles","Fusion Hammer","Anchor","Paper Frog","Smiling Mask","Girya","Red Mask","Vajra"],"potions_floor_usage":[24,24,25,25,28,30,33,37,41,41,48,48,50],"damage_taken":[{"damage":13.0,"enemies":"Cultist","floor":1.0,"turns":6.0},{"damage":2.0,"enemies":"Jaw Worm","floor":3.0,"turns":5.0},{"damage":5.0,"enemies":"Small Slimes","floor":4.0,"turns":4.0},{"damage":11.0,"enemies":"2 Fungi Beasts","floor":5.0,"turns":4.0},{"damage":20.0,"enemies":"Lagavulin","floor":7.0,"turns":8.0},{"damage":23,"enemies":"3 Sentries","floor":10,"turns":12},{"damage":12,"enemies":"The Mushroom Lair","floor":13,"turns":4},{"damage":13,"enemies":"Large Slime","floor":14,"turns":6},{"damage":31,"enemies":"The Guardian","floor":16,"turns":11},{"damage":22,"enemies":"Spheric Guardian","floor":18,"turns":4},{"damage":0,"enemies":"3 Byrds","floor":22,"turns":3},{"damage":30,"enemies":"3 Cultists","floor":24,"turns":6},{"damage":30,"enemies":"Book of Stabbing","floor":25,"turns":7},{"damage":21,"enemies":"Snake Plant","floor":28,"turns":3},{"damage":13,"enemies":"Centurion and Healer","floor":30,"turns":5},{"damage":5,"enemies":"Cultist and Chosen","floor":31,"turns":7},{"damage":40,"enemies":"Automaton","floor":33,"turns":9},{"damage":7,"enemies":"Orb Walker","floor":35,"turns":2},{"damage":17,"enemies":"3 Darklings","floor":36,"turns":4},{"damage":64,"enemies":"Sphere and 2 Shapes","floor":37,"turns":6},{"damage":0,"enemies":"Maw","floor":38,"turns":5},{"damage":38,"enemies":"Nemesis","floor":41,"turns":7},{"damage":21,"enemies":"Giant Head","floor":44,"turns":6},{"damage":14,"enemies":"Transient","floor":45,"turns":5},{"damage":14,"enemies":"Reptomancer","floor":48,"turns":4},{"damage":42,"enemies":"Donu and Deca","floor":50,"turns":6}],"seed_played":"5620123463405523852","potions_obtained":[{"floor":1.0,"key":"AttackPotion"},{"floor":2.0,"key":"SpeedPotion"},{"floor":2.0,"key":"FairyPotion"},{"floor":7.0,"key":"EntropicBrew"},{"floor":11,"key":"Strength Potion"},{"floor":25,"key":"LiquidBronze"},{"floor":28,"key":"BloodPotion"},{"floor":31,"key":"Weak Potion"},{"floor":36,"key":"Swift Potion"},{"floor":37,"key":"GamblersBrew"},{"floor":38,"key":"SmokeBomb"},{"floor":41,"key":"LiquidBronze"},{"floor":48,"key":"Ancient Potion"}],"is_trial":false,"path_per_floor":["M","?","M","M","M","R","E","R","T","E","?","R","?","M","R","B",null,"M","$","?","?","M","R","M","E","T","R","M","R","M","M","R","B",null,"M","M","M","M","$","R","E","R","T","E","M","?","?","E","R","B"],"character_chosen":"IRONCLAD","items_purchased":["Disarm","Anchor","Energy Potion","Fire Potion","Secret Weapon","True Grit"],"campfire_rested":6,"item_purchase_floors":[19,39,39,39,39,39],"current_hp_per_floor":[65,65,69,70,65,65,51,51,51,37,37,37,34,27,52,27,71,55,55,55,55,64,64,40,16,16,42,27,27,28,29,55,24,75,74,63,15,21,21,48,16,43,43,28,20,20,20,12,39,0],"gold":25,"neow_bonus":"TRANSFORM_TWO_CARDS","is_prod":false,"is_daily":false,"chose_seed":false,"campfire_upgraded":5,"win_rate":0,"timestamp":1560647173,"path_taken":["M","?","M","M","M","R","E","R","T","E","?","R","?","M","R","BOSS","M","$","?","?","M","R","M","E","T","R","M","R","M","M","R","BOSS","M","M","M","M","$","R","E","R","T","E","M","?","?","E","R","BOSS"],"build_version":"2019-01-23","purchased_purges":0,"victory":false,"max_hp_per_floor":[80,80,80,80,80,80,80,80,80,83,83,83,86,86,86,86,86,86,86,86,86,89,89,89,89,89,89,89,89,89,89,89,92,92,92,92,92,92,92,92,92,92,92,92,92,92,92,92,92,92],"card_choices":[{"not_picked":["Rupture","Cleave"],"picked":"Shockwave","floor":1.0},{"not_picked":["Cleave","Warcry"],"picked":"Shrug It Off","floor":3.0},{"not_picked":["Wild Strike","Warcry"],"picked":"Flame Barrier","floor":4.0},{"not_picked":["Havoc","Body Slam"],"picked":"Pommel Strike","floor":5.0},{"not_picked":["Clothesline","Armaments"],"picked":"Feed","floor":7.0},{"not_picked":["Clash","Searing Blow"],"picked":"Juggernaut","floor":10},{"not_picked":["Rupture","Twin Strike"],"picked":"Clothesline","floor":13},{"not_picked":["Clash","Armaments"],"picked":"Shockwave","floor":14},{"not_picked":["Bludgeon","Feed"],"picked":"Double Tap","floor":16},{"not_picked":["Thunderclap+1","Cleave+1"],"picked":"Infernal Blade","floor":18},{"not_picked":["Flex","Reckless Charge"],"picked":"Havoc+1","floor":22},{"not_picked":["Cleave","Intimidate+1"],"picked":"Rage+1","floor":24},{"not_picked":["Berserk","Perfected Strike"],"picked":"Seeing Red","floor":25},{"not_picked":["Pummel","Sword Boomerang"],"picked":"Battle Trance","floor":28},{"not_picked":["Headbutt","Clothesline+1"],"picked":"Bloodletting","floor":30},{"not_picked":["Disarm","Thunderclap+1"],"picked":"Iron Wave","floor":31},{"not_picked":["Brutality","Double Tap"],"picked":"Juggernaut","floor":33},{"not_picked":["Clash+1","Ghostly Armor+1"],"picked":"Havoc","floor":35},{"not_picked":["Clash","Fire Breathing+1","Ghostly Armor"],"picked":"SKIP","floor":36},{"not_picked":["Pummel","Uppercut"],"picked":"True Grit","floor":37},{"not_picked":["Clash","Shrug It Off"],"picked":"Second Wind","floor":38},{"not_picked":["Inflame","Combust+1"],"picked":"Ghostly Armor","floor":41},{"not_picked":["Cleave","Heavy Blade"],"picked":"Dropkick","floor":44},{"not_picked":["Bludgeon","Heavy Blade+1","Anger"],"picked":"SKIP","floor":45},{"not_picked":["Thunderclap","Rampage","Searing Blow"],"picked":"SKIP","floor":48}],"player_experience":336776,"relics_obtained":[{"floor":7.0,"key":"Boot"},{"floor":9.0,"key":"Tiny Chest"},{"floor":10,"key":"Juzu Bracelet"},{"floor":13,"key":"Odd Mushroom"},{"floor":25,"key":"Ornamental Fan"},{"floor":26,"key":"Bag of Marbles"},{"floor":41,"key":"Paper Frog"},{"floor":43,"key":"Smiling Mask"},{"floor":44,"key":"Girya"},{"floor":48,"key":"Vajra"}],"event_choices":[{"damage_healed":0.0,"max_hp_gain":0.0,"max_hp_loss":0.0,"gold_gain":0.0,"event_name":"Lab","player_choice":"Got Potions","floor":2.0,"gold_loss":0.0,"damage_taken":0.0},{"damage_healed":0,"gold_gain":0,"player_choice":"Bought 1 Potion","damage_taken":0,"max_hp_gain":0,"max_hp_loss":0,"event_name":"The Woman in Blue","floor":11,"gold_loss":0},{"damage_healed":0,"gold_gain":0,"player_choice":"Fought Mushrooms","damage_taken":0,"max_hp_gain":0,"max_hp_loss":0,"event_name":"Mushrooms","floor":13,"gold_loss":0},{"damage_healed":0,"gold_gain":0,"player_choice":"Read","damage_taken":0,"max_hp_gain":0,"max_hp_loss":0,"event_name":"The Library","floor":20,"gold_loss":0,"cards_obtained":["Feel No Pain"]},{"damage_healed":0,"gold_gain":99,"player_choice":"Stole From Cult","damage_taken":0,"max_hp_gain":0,"max_hp_loss":0,"event_name":"Nest","floor":21,"gold_loss":0},{"cards_removed":["Clothesline"],"damage_healed":0,"gold_gain":0,"player_choice":"Removed Attack","damage_taken":0,"max_hp_gain":0,"max_hp_loss":0,"event_name":"Falling","floor":46,"gold_loss":0},{"damage_healed":0,"gold_gain":0,"player_choice":"Paid","damage_taken":0,"relics_obtained":["Red Mask"],"max_hp_gain":0,"max_hp_loss":0,"event_name":"Tomb of Lord Red Mask","floor":47,"gold_loss":306}],"is_beta":false,"boss_relics":[{"not_picked":["Coffee Dripper","Pandora\u0027s Box"],"picked":"Astrolabe"},{"not_picked":["Black Star","Runic Cube"],"picked":"Fusion Hammer"}],"items_purged_floors":[],"is_endless":false,"potions_floor_spawned":[1,7,14,25,28,31,36,37,38,41,48],"killed_by":"Donu and Deca","ascension_level":8}