{"gold_per_floor":[115,115,131,141,153,187,187,187,187,212,232,32,52,68,68,170,170,187,112,112,112,112,19,19,45,119,137,166,166],"floor_reached":29,"playtime":2395,"items_purged":[],"score":273,"play_id":"7a9d8a37-1555-4a32-8118-9d0d013f3beb","local_time":"20190730192544","is_ascension_mode":false,"campfire_choices":[{"floor":8.0,"key":"REST"},{"floor":15.0,"key":"REST"},{"floor":24.0,"key":"REST"}],"neow_cost":"CURSE","seed_source_timestamp":0,"circlet_count":0,"master_deck":["Strike_R","Strike_R","Defend_R","Defend_R","Defend_R","Defend_R","Bash","Dark Shackles","PanicButton","Injury","Hemokinesis","Combust","Entrench","Sword Boomerang","Feel No Pain","Rage","Blood for Blood","Feed","Battle Trance","Berserk","Second Wind+1","Warcry","Offering","Trip","Battle Trance+1","True Grit","Inflame+1"],"special_seed":0,"relics":["Burning Blood","CultistMask","Shuriken","Paper Frog","Sundial","Strawberry","Bronze Scales","Sozu","Happy Flower","Frozen Egg 2","Mercury Hourglass"],"potions_floor_usage":[28,28],"damage_taken":[{"damage":3.0,"enemies":"Small Slimes","floor":1.0,"turns":4.0},{"damage":0.0,"enemies":"Cultist","floor":3.0,"turns":4.0},{"damage":8.0,"enemies":"2 Louse","floor":4.0,"turns":3.0},{"damage":3.0,"enemies":"Blue Slaver","floor":5.0,"turns":3.0},{"damage":16.0,"enemies":"Gremlin Nob","floor":6.0,"turns":4.0},{"damage":51.0,"enemies":"Lagavulin","floor":10.0,"turns":6.0},{"damage":16.0,"enemies":"Looter","floor":11.0,"turns":4.0},{"damage":5.0,"enemies":"Large Slime","floor":13.0,"turns":5.0},{"damage":10.0,"enemies":"Blue Slaver","floor":14.0,"turns":3.0},{"damage":34.0,"enemies":"Slime Boss","floor":16.0,"turns":9.0},{"damage":20.0,"enemies":"Spheric Guardian","floor":18.0,"turns":4.0},{"damage":42.0,"enemies":"Book of Stabbing","floor":25.0,"turns":5.0},{"damage":10.0,"enemies":"Chosen","floor":27.0,"turns":4.0},{"damage":34,"enemies":"Slavers","floor":28,"turns":7},{"damage":23,"enemies":"Shelled Parasite and Fungi","floor":29,"turns":3}],"seed_played":"4790566652274949837","potions_obtained":[{"floor":3.0,"key":"Strength Potion"},{"floor":5.0,"key":"Swift Potion"},{"floor":10.0,"key":"Energy Potion"},{"floor":13.0,"key":"AttackPotion"}],"is_trial":false,"path_per_floor":["M","?","M","M","M","E","?","R","T","E","M","$","M","M","R","B",null,"M","?","?","?","$","$","R","E","T","M","E","M"],"character_chosen":"IRONCLAD","items_purchased":["Bronze Scales","Fire Potion","Trip"],"campfire_rested":3,"item_purchase_floors":[12,12,23],"current_hp_per_floor":[80,80,80,78,80,70,52,76,76,38,28,28,29,25,51,23,87,73,73,73,64,64,64,87,51,51,47,19,0],"gold":166,"neow_bonus":"RANDOM_COLORLESS_2","is_prod":false,"is_daily":false,"chose_seed":false,"campfire_upgraded":0,"win_rate":0.0,"timestamp":1564529144,"path_taken":["M","?","M","?","M","E","?","R","T","E","M","$","M","M","R","BOSS","M","?","?","?","?","$","R","E","T","?","E","?"],"build_version":"2019-07-17","purchased_purges":0,"victory":false,"max_hp_per_floor":[80,80,80,80,80,80,80,80,80,87,87,87,87,87,87,87,87,87,87,87,87,87,87,87,87,87,87,87,87],"card_choices":[{"not_picked":["Perfected Strike","Clash"],"picked":"Hemokinesis","floor":1.0},{"not_picked":["Iron Wave","Sever Soul"],"picked":"Combust","floor":3.0},{"not_picked":["Warcry","Twin Strike"],"picked":"Entrench","floor":4.0},{"not_picked":["Clash","Wild Strike"],"picked":"Sword Boomerang","floor":5.0},{"not_picked":["Dual Wield","Combust"],"picked":"Feel No Pain","floor":6.0},{"not_picked":["Iron Wave","Warcry"],"picked":"Rage","floor":10.0},{"not_picked":["Cleave","Shrug It Off"],"picked":"Blood for Blood","floor":11.0},{"not_picked":["Shrug It Off","Wild Strike"],"picked":"Feed","floor":13.0},{"not_picked":["Clash","Body Slam"],"picked":"Battle Trance","floor":14.0},{"not_picked":["Immolate","Limit Break"],"picked":"Berserk","floor":16.0},{"not_picked":["Anger","Shockwave"],"picked":"Second Wind+1","floor":18.0},{"not_picked":["Shrug It Off","Dual Wield"],"picked":"Battle Trance+1","floor":25.0},{"not_picked":["Wild Strike","Pommel Strike+1"],"picked":"True Grit","floor":27.0},{"not_picked":["Warcry","Pummel"],"picked":"Inflame+1","floor":28}],"player_experience":85871,"relics_obtained":[{"floor":6.0,"key":"Shuriken"},{"floor":9.0,"key":"Sundial"},{"floor":10.0,"key":"Strawberry"},{"floor":25.0,"key":"Happy Flower"},{"floor":26.0,"key":"Frozen Egg 2"},{"floor":28,"key":"Mercury Hourglass"}],"event_choices":[{"damage_healed":0.0,"max_hp_gain":0.0,"max_hp_loss":0.0,"gold_gain":0.0,"event_name":"FaceTrader","player_choice":"Trade","floor":2.0,"gold_loss":0.0,"damage_taken":0.0,"relics_obtained":["CultistMask"]},{"damage_healed":0.0,"max_hp_gain":0.0,"max_hp_loss":0.0,"gold_gain":0.0,"event_name":"Scrap Ooze","player_choice":"Success","floor":7.0,"gold_loss":0.0,"damage_taken":18.0,"relics_obtained":["Paper Frog"]},{"cards_removed":["Strike_R"],"damage_healed":0.0,"max_hp_gain":0.0,"max_hp_loss":0.0,"gold_gain":0.0,"event_name":"Beggar","player_choice":"Gave Gold","floor":19.0,"gold_loss":75.0,"damage_taken":0.0},{"damage_healed":0.0,"max_hp_gain":0.0,"max_hp_loss":0.0,"gold_gain":0.0,"cards_transformed":["Strike_R","Strike_R"],"event_name":"Drug Dealer","player_choice":"Became Test Subject","floor":20.0,"gold_loss":0.0,"damage_taken":0.0,"cards_obtained":["Warcry","Offering"]},{"damage_healed":0.0,"max_hp_gain":0.0,"max_hp_loss":0.0,"gold_gain":0.0,"event_name":"Cursed Tome","player_choice":"Stopped","floor":21.0,"gold_loss":0.0,"damage_taken":9.0}],"is_beta":false,"boss_relics":[{"not_picked":["Ectoplasm","Runic Cube"],"picked":"Sozu"}],"items_purged_floors":[],"is_endless":false,"potions_floor_spawned":[3,5,10,13,18],"killed_by":"Shelled Parasite and Fungi","ascension_level":0}