{"gold_per_floor":[117,2,22,97,112,112,139,139,162,162,176,351,381,400,400,504,504,516,441,34,34,34,34,54,82,82,82,96,96,113,6,6,108,108,125,135,149,165,165,191,191,208,208,2,14,14],"floor_reached":46,"playtime":3055,"items_purged":["Strike_R","Strike_R","Writhe"],"score":722,"play_id":"8ef85ca6-2151-41c9-af02-6d6ca3b92781","local_time":"20190615160741","is_ascension_mode":true,"campfire_choices":[{"data":"Feed","floor":6,"key":"SMITH"},{"floor":8,"key":"REST"},{"data":"Bloodletting","floor":10,"key":"SMITH"},{"data":"Shockwave","floor":15,"key":"SMITH"},{"data":"Whirlwind","floor":23,"key":"SMITH"},{"data":"Inflame","floor":27,"key":"SMITH"},{"data":"True Grit","floor":29,"key":"SMITH"},{"data":"Shockwave","floor":32,"key":"SMITH"},{"floor":41,"key":"REST"}],"neow_cost":"CURSE","seed_source_timestamp":22548074529431,"circlet_count":0,"master_deck":["Strike_R+1","Strike_R+1","Defend_R","Defend_R","Defend_R","Defend_R","Bash","Feed+1","True Grit+1","Inflame+1","Whirlwind+1","Iron Wave","Seeing Red","Bloodletting+1","Clothesline","Headbutt","Shockwave+1","Dark Embrace","True Grit+1","Ghostly Armor+1","Shrug It Off","Burning Pact+1","Rupture","Shockwave+1","Limit Break+1","Metallicize","Havoc+1","Power Through+1","Entrench+1"],"special_seed":0,"relics":["Burning Blood","Whetstone","Omamori","Paper Frog","Snecko Eye","Membership Card","Bottled Tornado","MutagenicStrength","Bronze Scales","Pear","Anchor","Sozu","Blood Vial","Calipers"],"potions_floor_usage":[13,13,16,16,25,25,33,33],"damage_taken":[{"damage":7,"enemies":"Jaw Worm","floor":1,"turns":3},{"damage":7,"enemies":"2 Louse","floor":3,"turns":3},{"damage":10,"enemies":"Small Slimes","floor":5,"turns":2},{"damage":44,"enemies":"Lagavulin","floor":7,"turns":7},{"damage":11,"enemies":"Blue Slaver","floor":11,"turns":2},{"damage":8,"enemies":"3 Sentries","floor":13,"turns":3},{"damage":20,"enemies":"Lots of Slimes","floor":14,"turns":5},{"damage":10,"enemies":"Hexaghost","floor":16,"turns":9},{"damage":20,"enemies":"Spheric Guardian","floor":18,"turns":4},{"damage":0,"enemies":"Chosen","floor":24,"turns":4},{"damage":5,"enemies":"Book of Stabbing","floor":25,"turns":3},{"damage":0,"enemies":"Snake Plant","floor":28,"turns":3},{"damage":31,"enemies":"Snecko","floor":30,"turns":7},{"damage":52,"enemies":"Champ","floor":33,"turns":11},{"damage":26,"enemies":"3 Darklings","floor":35,"turns":4},{"damage":1,"enemies":"Orb Walker","floor":36,"turns":2},{"damage":32,"enemies":"Transient","floor":37,"turns":5},{"damage":8,"enemies":"Maw","floor":38,"turns":6},{"damage":64,"enemies":"Giant Head","floor":40,"turns":8},{"damage":45,"enemies":"Jaw Worm Horde","floor":42,"turns":4},{"damage":13,"enemies":"Sphere and 2 Shapes","floor":45,"turns":4},{"damage":32,"enemies":"Nemesis","floor":46,"turns":4}],"seed_played":"8028117136389927329","potions_obtained":[{"floor":3,"key":"Energy Potion"},{"floor":5,"key":"Poison Potion"},{"floor":11,"key":"Block Potion"},{"floor":14,"key":"Block Potion"},{"floor":18,"key":"Fire Potion"},{"floor":25,"key":"Dexterity Potion"},{"floor":28,"key":"AttackPotion"},{"floor":33,"key":"LiquidBronze"}],"is_trial":false,"path_per_floor":["M","$","M","?","M","R","E","R","T","R","M","?","E","M","R","B",null,"M","?","$","?","?","R","M","E","T","R","M","R","M","$","R","B",null,"M","M","M","M","?","E","R","M","T","$","M","E"],"character_chosen":"IRONCLAD","items_purchased":["Inflame","Whirlwind","Membership Card","Bottled Tornado","SneckoOil","Rupture","Shockwave","Calipers"],"campfire_rested":2,"item_purchase_floors":[2,2,20,20,20,31,31,44],"current_hp_per_floor":[74,74,76,65,61,61,23,48,48,48,43,43,41,31,31,31,78,68,68,68,68,68,68,78,93,93,93,103,103,82,82,82,40,106,86,95,69,71,71,17,59,26,26,26,25,0],"gold":14,"neow_bonus":"THREE_RARE_CARDS","is_prod":false,"is_daily":false,"chose_seed":false,"campfire_upgraded":7,"win_rate":0,"timestamp":1560632861,"path_taken":["M","$","M","?","M","R","E","R","T","R","M","?","E","M","R","BOSS","M","?","$","?","?","R","M","E","T","R","M","R","M","?","R","BOSS","M","M","?","M","?","E","R","M","T","$","?","E"],"build_version":"2019-01-23","purchased_purges":3,"victory":false,"max_hp_per_floor":[83,83,86,86,86,86,86,86,86,86,86,86,86,90,90,94,94,98,98,98,98,98,98,102,116,116,116,120,120,124,124,124,128,128,128,132,132,136,136,140,140,144,144,144,148,148],"card_choices":[{"not_picked":["Dark Embrace","Exhume"],"picked":"Feed","floor":0.0},{"not_picked":["Armaments","Blood for Blood"],"picked":"True Grit","floor":1},{"not_picked":["Twin Strike","Cleave"],"picked":"Iron Wave","floor":3},{"not_picked":["Clash","Perfected Strike"],"picked":"Seeing Red","floor":5},{"not_picked":["Heavy Blade","Dark Embrace"],"picked":"Bloodletting","floor":7},{"not_picked":["Combust","Seeing Red"],"picked":"Clothesline","floor":11},{"not_picked":["Perfected Strike","Armaments"],"picked":"Headbutt","floor":13},{"not_picked":["Anger","Inflame"],"picked":"Shockwave","floor":14},{"not_picked":["Brutality","Juggernaut"],"picked":"Dark Embrace","floor":16},{"not_picked":["Spot Weakness","Sword Boomerang+1"],"picked":"True Grit+1","floor":18},{"not_picked":["Cleave","Pummel+1"],"picked":"Ghostly Armor+1","floor":24},{"not_picked":["Clothesline","Bludgeon","Iron Wave"],"picked":"SKIP","floor":25},{"not_picked":["Clothesline","Armaments"],"picked":"Shrug It Off","floor":28},{"not_picked":["Cleave","Infernal Blade"],"picked":"Burning Pact+1","floor":30},{"not_picked":["Impervious","Barricade"],"picked":"Limit Break","floor":33},{"not_picked":["Body Slam","Clash+1"],"picked":"Metallicize","floor":35},{"not_picked":["Headbutt","Body Slam+1","Sever Soul+1"],"picked":"SKIP","floor":36},{"not_picked":["Cleave","Sword Boomerang","Perfected Strike"],"picked":"SKIP","floor":37},{"not_picked":["Thunderclap","Pummel+1"],"picked":"Havoc+1","floor":38},{"not_picked":["Reckless Charge+1","Perfected Strike+1","Shockwave"],"picked":"SKIP","floor":40},{"not_picked":["Thunderclap","Headbutt+1"],"picked":"Power Through+1","floor":42},{"not_picked":["Twin Strike+1","Evolve+1"],"picked":"Entrench+1","floor":45}],"player_experience":332019,"relics_obtained":[{"floor":7,"key":"Whetstone"},{"floor":9,"key":"Omamori"},{"floor":13,"key":"Paper Frog"},{"floor":25,"key":"Pear"},{"floor":26,"key":"Anchor"},{"floor":40,"key":"Blood Vial"}],"event_choices":[{"damage_healed":0,"gold_gain":75,"player_choice":"Gather Gold","damage_taken":11,"max_hp_gain":0,"max_hp_loss":0,"event_name":"World of Goop","floor":4,"gold_loss":0},{"damage_healed":0,"gold_gain":175,"player_choice":"AGREE","damage_taken":0,"max_hp_gain":0,"max_hp_loss":0,"event_name":"Liars Game","floor":12,"gold_loss":0,"cards_obtained":["Doubt"]},{"cards_removed":["Strike_R"],"damage_healed":0,"gold_gain":0,"player_choice":"Gave Gold","damage_taken":0,"max_hp_gain":0,"max_hp_loss":0,"event_name":"Beggar","floor":19,"gold_loss":75},{"damage_healed":0,"gold_gain":0,"player_choice":"Inject Mutagens","damage_taken":0,"relics_obtained":["MutagenicStrength"],"max_hp_gain":0,"max_hp_loss":0,"event_name":"Drug Dealer","floor":21,"gold_loss":0},{"damage_healed":0,"gold_gain":0,"player_choice":"Stole Relic","damage_taken":0,"relics_obtained":["Bronze Scales"],"max_hp_gain":0,"max_hp_loss":0,"event_name":"Addict","floor":22,"gold_loss":0,"cards_obtained":["Shame"]},{"damage_healed":0,"gold_gain":0,"player_choice":"Upgraded","damage_taken":0,"max_hp_gain":0,"max_hp_loss":0,"event_name":"Upgrade Shrine","floor":39,"gold_loss":0,"cards_upgraded":["Limit Break"]}],"is_beta":false,"boss_relics":[{"not_picked":["Astrolabe","Black Star"],"picked":"Snecko Eye"},{"not_picked":["Runic Pyramid","Black Blood"],"picked":"Sozu"}],"items_purged_floors":[20,31,44],"is_endless":false,"potions_floor_spawned":[3,5,11,14,18,25,28,33,35,36,37,42],"killed_by":"Nemesis","ascension_level":8}