{"gold_per_floor":[115,40,40,60,60,60,85,85,85,95,95,121,138,2,2,105,105,117,127,140,158,33,33,52,52,126,126,161,161,188,204,204,204],"floor_reached":33,"playtime":1953,"items_purged":["Strike_B","Strike_B","Amplify"],"score":364,"play_id":"0a23d30d-fd19-4c25-8ad1-e313ec394ab1","local_time":"20180903071042","is_ascension_mode":true,"campfire_choices":[{"data":"Zap","floor":6,"key":"SMITH"},{"data":"Defragment","floor":8,"key":"SMITH"},{"data":"Barrage","floor":11,"key":"SMITH"},{"data":"Defragment","floor":15,"key":"SMITH"},{"floor":23,"key":"REST"},{"data":"Capacitor","floor":27,"key":"SMITH"},{"floor":32,"key":"REST"}],"neow_cost":"NONE","seed_source_timestamp":1608992972357301,"circlet_count":0,"master_deck":["Defend_B+1","Defend_B+1","Zap+1","Sweeping Beam","Defragment+1","Ball Lightning","Barrage+1","Hologram","Defragment+1","Capacitor+1","Multi-Cast+1","Rainbow+1","Amplify+1","Genetic Algorithm+1","Compile Driver","Ghostly","Ghostly","Ghostly","Ghostly","Ghostly","Reinforced Body","Tempest","Cold Snap+1"],"relics":["Runic Dome","War Paint","Ornamental Fan","Bottled Flame","Astrolabe","Blue Candle","Juzu Bracelet","Torii"],"potions_floor_usage":[19,33],"damage_taken":[{"damage":0,"enemies":"Cultist","floor":1,"turns":4},{"damage":4,"enemies":"Jaw Worm","floor":4,"turns":3},{"damage":26,"enemies":"Gremlin Nob","floor":7,"turns":4},{"damage":1,"enemies":"Small Slimes","floor":10,"turns":2},{"damage":5,"enemies":"3 Sentries","floor":12,"turns":4},{"damage":0,"enemies":"Looter","floor":13,"turns":2},{"damage":13,"enemies":"Slime Boss","floor":16,"turns":7},{"damage":0,"enemies":"Spheric Guardian","floor":18,"turns":3},{"damage":17,"enemies":"2 Thieves","floor":19,"turns":3},{"damage":7,"enemies":"3 Cultists","floor":20,"turns":4},{"damage":35,"enemies":"Chosen and Byrds","floor":21,"turns":5},{"damage":24,"enemies":"Sentry and Sphere","floor":24,"turns":4},{"damage":7,"enemies":"Slavers","floor":28,"turns":5},{"damage":1,"enemies":"Book of Stabbing","floor":30,"turns":5},{"damage":5,"enemies":"Shelled Parasite and Fungi","floor":31,"turns":5},{"damage":12,"enemies":"Collector","floor":33,"turns":6}],"seed_played":"-2530932250820800050","potions_obtained":[{"floor":7,"key":"SpeedPotion"},{"floor":10,"key":"SteroidPotion"},{"floor":16,"key":"Block Potion"},{"floor":19,"key":"AttackPotion"},{"floor":20,"key":"FocusPotion"},{"floor":24,"key":"SpeedPotion"}],"is_trial":false,"path_per_floor":["M","$","$","M","?","R","E","R","T","M","R","E","M","$","R","B",null,"M","M","M","M","$","R","M","?","T","R","E","?","E","M","R"],"character_chosen":"DEFECT","items_purchased":["Capacitor"],"campfire_rested":2,"item_purchase_floors":[14],"current_hp_per_floor":[75,75,75,71,64,64,38,38,38,37,37,32,32,32,32,19,75,75,58,51,16,16,38,14,14,14,14,7,7,6,1,12,0],"gold":204,"neow_bonus":"BOSS_RELIC","is_prod":false,"is_daily":false,"chose_seed":false,"campfire_upgraded":5,"win_rate":0,"timestamp":1535980242,"path_taken":["M","?","$","M","?","R","E","R","T","M","R","E","M","?","R","BOSS","M","M","?","M","$","R","M","?","T","R","E","?","E","M","R","BOSS"],"build_version":"2018-08-30","purchased_purges":3,"victory":false,"max_hp_per_floor":[75,75,75,75,75,75,75,75,75,75,75,75,75,75,75,75,75,75,75,75,75,75,75,75,37,37,37,37,37,37,37,37,37],"card_choices":[{"not_picked":["Ball Lightning","Redo"],"picked":"Sweeping Beam","floor":1},{"not_picked":["Go for the Eyes","Compile Driver"],"picked":"Defragment","floor":4},{"not_picked":["Coolheaded","Reboot"],"picked":"Ball Lightning","floor":7},{"not_picked":["Darkness","Double Energy"],"picked":"Barrage","floor":10},{"not_picked":["Stack","Multi-Cast"],"picked":"Hologram","floor":12},{"not_picked":["Reprogram","Hello World"],"picked":"Defragment","floor":13},{"not_picked":["Fission","All For One"],"picked":"Amplify","floor":16},{"not_picked":["Gash","Chaos","Scrape+1"],"picked":"SKIP","floor":18},{"not_picked":["Chill","Streamline"],"picked":"Genetic Algorithm+1","floor":19},{"not_picked":["Turbo","Sweeping Beam","Rebound"],"picked":"SKIP","floor":20},{"not_picked":["Lockon","Ball Lightning","Chill"],"picked":"SKIP","floor":21},{"not_picked":["Stack","FTL"],"picked":"Compile Driver","floor":24},{"not_picked":["Rebound","Chaos"],"picked":"Reinforced Body","floor":28},{"not_picked":["Skim","Redo"],"picked":"Tempest","floor":30},{"not_picked":["Compile Driver","Sweeping Beam+1"],"picked":"Cold Snap+1","floor":31}],"player_experience":77955,"relics_obtained":[{"floor":7,"key":"War Paint"},{"floor":9,"key":"Ornamental Fan"},{"floor":12,"key":"Bottled Flame"},{"floor":26,"key":"Blue Candle"},{"floor":28,"key":"Juzu Bracelet"},{"floor":30,"key":"Torii"}],"event_choices":[{"event_name":"Golden Wing","player_choice":"Card Removal","floor":5,"damage_taken":0},{"event_name":"Ghosts","player_choice":"Became a Ghost","floor":25,"damage_taken":0},{"event_name":"Back to Basics","player_choice":"Elegance","floor":29,"damage_taken":0}],"is_beta":true,"boss_relics":[{"not_picked":["Pandora\u0027s Box","Nuclear Battery"],"picked":"Astrolabe"}],"items_purged_floors":[2,14,22],"is_endless":false,"potions_floor_spawned":[7,10,16,19,20,21,24],"killed_by":"Collector","ascension_level":3}