{"gold_per_floor":[119,44,63,38,57,57,87,87,87,87,87,87,99,114,114,186,186,198,113,123,123],"floor_reached":21,"playtime":559,"items_purged":["Strike_B"],"score":313,"play_id":"e967d25e-0034-4e44-b3a3-f7b54affb04d","local_time":"20190725201007","is_ascension_mode":true,"campfire_choices":[{"data":"Static Discharge","floor":6,"key":"SMITH"},{"floor":10,"key":"REST"},{"data":"Gash","floor":12,"key":"SMITH"},{"data":"Zap","floor":15,"key":"SMITH"}],"neow_cost":"NONE","seed_source_timestamp":258145668114600,"circlet_count":0,"master_deck":["AscendersBane","Strike_B","Strike_B","Defend_B","Defend_B","Defend_B","Zap+1","Dualcast","Gash+1","Static Discharge+1","FTL","Glacier","Creative AI","Glacier"],"relics":["Empty Cage","Regal Pillow","Bottled Tornado","Lizard Tail","PreservedInsect"],"potions_floor_usage":[7,16,16],"damage_taken":[{"damage":13,"enemies":"Jaw Worm","floor":1,"turns":5},{"damage":0,"enemies":"2 Louse","floor":3,"turns":4},{"damage":11,"enemies":"Cultist","floor":5,"turns":4},{"damage":25,"enemies":"3 Sentries","floor":7,"turns":6},{"damage":0,"enemies":"Large Slime","floor":13,"turns":5},{"damage":5,"enemies":"2 Fungi Beasts","floor":14,"turns":4},{"damage":9,"enemies":"Hexaghost","floor":16,"turns":10},{"damage":33,"enemies":"Chosen","floor":18,"turns":4},{"damage":29,"enemies":"2 Thieves","floor":20,"turns":3},{"damage":0,"enemies":"Cultist and Chosen","floor":21,"turns":1}],"seed_played":"9113430461935357402","potions_obtained":[{"floor":1,"key":"Poison Potion"},{"floor":3,"key":"EssenceOfSteel"},{"floor":11,"key":"FocusPotion"},{"floor":16,"key":"SteroidPotion"}],"is_trial":false,"path_per_floor":["M","$","M","$","M","R","E","?","T","R","?","R","M","M","R","B",null,"M","?","M","M"],"character_chosen":"DEFECT","items_purchased":["Gash"],"campfire_rested":1,"item_purchase_floors":[4],"current_hp_per_floor":[51,51,51,51,40,40,15,15,15,51,51,51,51,46,46,37,63,30,30,1,1],"gold":123,"neow_bonus":"BOSS_RELIC","is_prod":false,"is_daily":false,"chose_seed":false,"campfire_upgraded":3,"win_rate":0,"timestamp":1564078207,"path_taken":["M","$","M","$","M","R","E","?","T","R","?","R","?","M","R","BOSS","M","?","M","M"],"build_version":"2019-07-17","purchased_purges":1,"victory":false,"max_hp_per_floor":[71,71,71,71,71,71,71,71,71,71,71,71,71,71,71,71,71,71,71,71,71],"card_choices":[{"not_picked":["Undo","Coolheaded","Stack"],"picked":"SKIP","floor":1},{"not_picked":["Conserve Battery","Lockon","Undo"],"picked":"SKIP","floor":3},{"not_picked":["Steam Power","Static Discharge","Go for the Eyes"],"picked":"SKIP","floor":5},{"not_picked":["Steam Power","Go for the Eyes"],"picked":"Static Discharge","floor":5},{"not_picked":["Reprogram","Genetic Algorithm"],"picked":"FTL","floor":7},{"not_picked":["Sweeping Beam","Tempest"],"picked":"Glacier","floor":13},{"not_picked":["Turbo","Capacitor","Skim"],"picked":"SKIP","floor":14},{"not_picked":["Multi-Cast","Hyperbeam"],"picked":"Creative AI","floor":16},{"not_picked":["Skim","Go for the Eyes","Redo"],"picked":"SKIP","floor":18},{"not_picked":["Cold Snap","Barrage"],"picked":"Glacier","floor":20}],"player_experience":370341,"relics_obtained":[{"floor":7,"key":"Regal Pillow"},{"floor":9,"key":"Bottled Tornado"}],"event_choices":[{"damage_healed":0,"gold_gain":0,"player_choice":"Fled","damage_taken":0,"max_hp_gain":0,"max_hp_loss":0,"event_name":"Scrap Ooze","floor":8,"gold_loss":0},{"damage_healed":0,"gold_gain":0,"player_choice":"Got Potions","damage_taken":0,"max_hp_gain":0,"max_hp_loss":0,"event_name":"Lab","floor":11,"gold_loss":0},{"damage_healed":0,"gold_gain":0,"player_choice":"Obtained Relic","damage_taken":0,"relics_obtained":["PreservedInsect"],"max_hp_gain":0,"max_hp_loss":0,"event_name":"Addict","floor":19,"gold_loss":85}],"is_beta":false,"boss_relics":[{"not_picked":["Snecko Eye","Nuclear Battery"],"picked":"Lizard Tail"}],"items_purged_floors":[2],"is_endless":false,"potions_floor_spawned":[1,3,14,16],"killed_by":"Cultist and Chosen","ascension_level":15}