{"gold_per_floor":[112,112,112,15,30,30,41,68,146,172,172,185,185,200,200,301,301,313,328,328,52,66,66],"floor_reached":23,"playtime":1222,"items_purged":["Strike_R"],"score":241,"play_id":"e497064c-073b-4884-833a-770072942a80","local_time":"20190526005009","is_ascension_mode":true,"campfire_choices":[{"data":"Brutality","floor":6,"key":"SMITH"},{"data":"Searing Blow","floor":11,"key":"SMITH"},{"data":"Searing Blow+1","floor":13,"key":"SMITH"},{"data":"Searing Blow+2","floor":15,"key":"SMITH"}],"neow_cost":"NONE","seed_source_timestamp":113103154671678,"circlet_count":0,"master_deck":["Strike_R","Strike_R","Strike_R","Defend_R","Defend_R","Defend_R","Defend_R","Bash","Brutality+1","Warcry","Perfected Strike","Shrug It Off","Cleave","Metallicize","Searing Blow+3","Iron Wave","Corruption","Rupture","Limit Break","Inflame","Armaments","J.A.X.","Inflame"],"relics":["Burning Blood","Bag of Marbles","Letter Opener","Potion Belt","Philosopher\u0027s Stone","Sling"],"potions_floor_usage":[8,10,16,16,19,22,23],"damage_taken":[{"damage":11,"enemies":"Small Slimes","floor":1,"turns":4},{"damage":6,"enemies":"Cultist","floor":5,"turns":4},{"damage":1,"enemies":"2 Louse","floor":7,"turns":2},{"damage":9,"enemies":"Gremlin Nob","floor":8,"turns":3},{"damage":31,"enemies":"3 Sentries","floor":10,"turns":6},{"damage":3,"enemies":"Red Slaver","floor":12,"turns":3},{"damage":11,"enemies":"Large Slime","floor":14,"turns":5},{"damage":30,"enemies":"The Guardian","floor":16,"turns":12},{"damage":11,"enemies":"Chosen","floor":18,"turns":5},{"damage":23,"enemies":"3 Byrds","floor":19,"turns":4},{"damage":39,"enemies":"Snake Plant","floor":22,"turns":5},{"damage":29,"enemies":"Slavers","floor":23,"turns":2}],"seed_played":"2344522805639080937","potions_obtained":[{"floor":5,"key":"SteroidPotion"},{"floor":10,"key":"FearPotion"},{"floor":12,"key":"Swift Potion"},{"floor":14,"key":"Fire Potion"},{"floor":16,"key":"SteroidPotion"},{"floor":18,"key":"Poison Potion"},{"floor":22,"key":"SkillPotion"}],"is_trial":false,"path_per_floor":["M","?","?","$","M","R","M","E","T","E","R","M","R","M","R","B",null,"M","M","?","$","M","E"],"character_chosen":"IRONCLAD","items_purchased":["Shrug It Off","Fire Potion","Sling"],"campfire_rested":0,"item_purchase_floors":[4,4,21],"current_hp_per_floor":[75,75,67,67,67,67,72,69,69,44,44,47,47,42,42,18,80,75,58,58,58,25,0],"gold":66,"neow_bonus":"ONE_RANDOM_RARE_CARD","is_prod":false,"is_daily":false,"chose_seed":false,"campfire_upgraded":4,"win_rate":0,"timestamp":1558849809,"path_taken":["M","?","?","$","?","R","M","E","T","E","R","M","R","M","R","BOSS","M","M","?","$","M","E"],"build_version":"2019-01-23","purchased_purges":1,"victory":false,"max_hp_per_floor":[80,80,80,80,80,80,80,80,80,80,80,80,80,80,80,80,80,80,80,80,80,80,80],"card_choices":[{"not_picked":["Reckless Charge","Wild Strike"],"picked":"Warcry","floor":1},{"not_picked":["Warcry","Entrench"],"picked":"Cleave","floor":5},{"not_picked":["Havoc","Intimidate"],"picked":"Metallicize","floor":7},{"not_picked":["Wild Strike","Offering"],"picked":"Searing Blow","floor":8},{"not_picked":["Dark Embrace","Body Slam"],"picked":"Iron Wave","floor":10},{"not_picked":["Sever Soul","Blood for Blood"],"picked":"Corruption","floor":12},{"not_picked":["Wild Strike","Thunderclap"],"picked":"Rupture","floor":14},{"not_picked":["Berserk","Fiend Fire"],"picked":"Limit Break","floor":16},{"not_picked":["Anger","Heavy Blade+1"],"picked":"Inflame","floor":18},{"not_picked":["Flex","Twin Strike+1"],"picked":"Armaments","floor":19},{"not_picked":["Wild Strike","Thunderclap"],"picked":"Inflame","floor":22}],"player_experience":200801,"relics_obtained":[{"floor":8,"key":"Bag of Marbles"},{"floor":9,"key":"Letter Opener"},{"floor":10,"key":"Potion Belt"}],"event_choices":[{"damage_healed":0,"gold_gain":0,"cards_transformed":["Strike_R"],"player_choice":"Change","damage_taken":0,"max_hp_gain":0,"max_hp_loss":0,"event_name":"Living Wall","floor":2,"gold_loss":0,"cards_obtained":["Perfected Strike"]},{"damage_healed":0,"gold_gain":0,"player_choice":"Damaged","damage_taken":8,"max_hp_gain":0,"max_hp_loss":0,"event_name":"Wheel of Change","floor":3,"gold_loss":0},{"damage_healed":0,"gold_gain":0,"player_choice":"Obtain J.A.X.","damage_taken":0,"max_hp_gain":0,"max_hp_loss":0,"event_name":"Drug Dealer","floor":20,"gold_loss":0,"cards_obtained":["J.A.X."]}],"is_beta":false,"boss_relics":[{"not_picked":["Cursed Key","Empty Cage"],"picked":"Philosopher\u0027s Stone"}],"items_purged_floors":[21],"is_endless":false,"potions_floor_spawned":[5,10,12,14,16,18,22],"killed_by":"Slavers","ascension_level":4}