{"gold_per_floor":[116,128,128,142,160,160,191,191,266,298,298,325,343,373,373,373],"floor_reached":16,"playtime":741,"items_purged":[],"score":215,"play_id":"3ed945d7-caae-4dcd-bb58-d5a9d7e4aedd","local_time":"20190628163052","is_ascension_mode":true,"campfire_choices":[{"data":"Whirlwind","floor":6,"key":"SMITH"},{"data":"Pommel Strike","floor":8,"key":"SMITH"},{"floor":15,"key":"REST"}],"neow_cost":"NONE","seed_source_timestamp":9642298576740,"circlet_count":0,"master_deck":["AscendersBane","Strike_R","Strike_R","Strike_R","Strike_R","Defend_R","Defend_R","Defend_R","Defend_R","Bash","Metallicize","Pommel Strike+1","Limit Break","Whirlwind+1","Shockwave","Corruption","Shrug It Off","Rupture","Inflame"],"relics":["Burning Blood","NeowsBlessing","Peace Pipe","Molten Egg 2","Orichalcum","Kunai","PreservedInsect"],"potions_floor_usage":[10,12,12],"damage_taken":[{"damage":0,"enemies":"2 Louse","floor":1,"turns":2},{"damage":0,"enemies":"Cultist","floor":2,"turns":1},{"damage":0,"enemies":"Jaw Worm","floor":4,"turns":1},{"damage":10,"enemies":"2 Fungi Beasts","floor":5,"turns":3},{"damage":29,"enemies":"Lagavulin","floor":7,"turns":7},{"damage":23,"enemies":"3 Sentries","floor":10,"turns":6},{"damage":11,"enemies":"Gremlin Nob","floor":12,"turns":6},{"damage":4,"enemies":"Blue Slaver","floor":13,"turns":4},{"damage":32,"enemies":"Lagavulin","floor":14,"turns":7},{"damage":47,"enemies":"The Guardian","floor":16,"turns":12}],"seed_played":"4613089083542736621","potions_obtained":[{"floor":4,"key":"Fire Potion"},{"floor":7,"key":"Weak Potion"},{"floor":10,"key":"Regen Potion"}],"is_trial":false,"path_per_floor":["M","M","?","M","M","R","E","R","T","E","?","E","M","E","R","B"],"character_chosen":"IRONCLAD","items_purchased":[],"campfire_rested":1,"item_purchase_floors":[],"current_hp_per_floor":[78,80,80,80,76,76,53,53,53,36,36,46,48,22,46,0],"gold":373,"neow_bonus":"THREE_ENEMY_KILL","is_prod":false,"is_daily":false,"chose_seed":false,"campfire_upgraded":2,"win_rate":0,"timestamp":1561757452,"path_taken":["M","M","?","M","?","R","E","R","T","E","?","E","M","E","R","BOSS"],"build_version":"2019-01-23","purchased_purges":0,"victory":false,"max_hp_per_floor":[80,80,80,80,80,80,80,80,80,80,80,80,80,80,80,80],"card_choices":[{"not_picked":["Thunderclap","Armaments"],"picked":"Metallicize","floor":1},{"not_picked":["Clash","Perfected Strike"],"picked":"Pommel Strike","floor":2},{"not_picked":["Twin Strike","Heavy Blade"],"picked":"Whirlwind","floor":4},{"not_picked":["Flame Barrier","Inflame"],"picked":"Shockwave","floor":5},{"not_picked":["Havoc","Evolve"],"picked":"Corruption","floor":7},{"not_picked":["Sword Boomerang+1","Intimidate"],"picked":"Shrug It Off","floor":10},{"not_picked":["Body Slam+1","Armaments"],"picked":"Rupture","floor":12},{"not_picked":["Fire Breathing","Sever Soul+1","Rupture"],"picked":"SKIP","floor":13},{"not_picked":["Headbutt+1","Clothesline+1"],"picked":"Inflame","floor":14}],"player_experience":414924,"relics_obtained":[{"floor":7,"key":"Peace Pipe"},{"floor":9,"key":"Molten Egg 2"},{"floor":10,"key":"Orichalcum"},{"floor":12,"key":"Kunai"},{"floor":14,"key":"PreservedInsect"}],"event_choices":[{"damage_healed":0,"gold_gain":0,"cards_transformed":["Strike_R"],"player_choice":"Transformed","damage_taken":0,"max_hp_gain":0,"max_hp_loss":0,"event_name":"Transmorgrifier","floor":3,"gold_loss":0,"cards_obtained":["Limit Break"]},{"damage_healed":0,"gold_gain":0,"player_choice":"Ignored","damage_taken":0,"max_hp_gain":0,"max_hp_loss":0,"event_name":"Liars Game","floor":11,"gold_loss":0}],"is_beta":false,"boss_relics":[],"items_purged_floors":[],"is_endless":false,"potions_floor_spawned":[4,7,10],"killed_by":"The Guardian","ascension_level":13}