{"gold_per_floor":[119,136,101,101,101,127,127,161,188,188],"floor_reached":10,"playtime":1620,"items_purged":[],"score":89,"play_id":"c01e458c-9037-4989-82f0-865d64785d9d","local_time":"20190524210644","is_ascension_mode":true,"campfire_choices":[{"data":"Pommel Strike","floor":7,"key":"SMITH"}],"neow_cost":"PERCENT_DAMAGE","seed_source_timestamp":12899230730859,"circlet_count":0,"master_deck":["Strike_R","Strike_R","Strike_R","Strike_R","Strike_R","Defend_R","Defend_R","Defend_R","Defend_R","Bash","Pommel Strike+1","Cleave","Burning Pact","Sentinel"],"relics":["Burning Blood","Champion Belt","Oddly Smooth Stone","Blood Vial","The Courier","Anchor"],"potions_floor_usage":[8],"damage_taken":[{"damage":20,"enemies":"Small Slimes","floor":1,"turns":3},{"damage":1,"enemies":"2 Louse","floor":2,"turns":3},{"damage":39,"enemies":"Lagavulin","floor":6,"turns":6},{"damage":32,"enemies":"Gremlin Nob","floor":8,"turns":4},{"damage":20,"enemies":"Lagavulin","floor":10,"turns":2}],"seed_played":"4460931348030579013","potions_obtained":[{"floor":1,"key":"Swift Potion"},{"floor":8,"key":"Explosive Potion"}],"is_trial":false,"path_per_floor":["M","M","?","?","?","E","R","E","T","E"],"character_chosen":"IRONCLAD","items_purchased":[],"campfire_rested":0,"item_purchase_floors":[],"current_hp_per_floor":[42,47,67,60,65,32,32,8,8,0],"gold":188,"neow_bonus":"ONE_RARE_RELIC","is_prod":false,"is_daily":false,"chose_seed":false,"campfire_upgraded":1,"win_rate":0,"timestamp":1558750004,"path_taken":["M","M","?","?","?","E","R","E","T","E"],"build_version":"2019-01-23","purchased_purges":0,"victory":false,"max_hp_per_floor":[80,80,80,80,85,85,85,85,85,85],"card_choices":[{"not_picked":["Infernal Blade","Iron Wave"],"picked":"Pommel Strike","floor":1},{"not_picked":["Body Slam","Blood for Blood"],"picked":"Cleave","floor":2},{"not_picked":["Rupture","Body Slam"],"picked":"Burning Pact","floor":6},{"not_picked":["Pummel","Cleave"],"picked":"Sentinel","floor":8}],"player_experience":186176,"relics_obtained":[{"floor":6,"key":"Blood Vial"},{"floor":8,"key":"The Courier"},{"floor":9,"key":"Anchor"}],"event_choices":[{"damage_healed":20,"gold_gain":0,"player_choice":"Healed","damage_taken":0,"max_hp_gain":0,"max_hp_loss":0,"event_name":"The Cleric","floor":3,"gold_loss":35},{"damage_healed":0,"gold_gain":0,"player_choice":"Success","damage_taken":7,"relics_obtained":["Oddly Smooth Stone"],"max_hp_gain":0,"max_hp_loss":0,"event_name":"Scrap Ooze","floor":4,"gold_loss":0},{"damage_healed":0,"gold_gain":0,"player_choice":"Donut","damage_taken":0,"max_hp_gain":5,"max_hp_loss":0,"event_name":"Big Fish","floor":5,"gold_loss":0}],"is_beta":false,"boss_relics":[],"items_purged_floors":[],"is_endless":false,"potions_floor_spawned":[1,8],"killed_by":"Lagavulin","ascension_level":4}