{"gold_per_floor":[20,20,39,57,72,101,171,171,225,251,8,127,127,145,145,241,241,254,270,320,332,30,30,61,61,86,113,163,192,36,185,185,185],"floor_reached":33,"playtime":1768,"items_purged":[],"score":454,"play_id":"5cb36bb8-6561-48b4-9f05-0be16a1d6df3","local_time":"20190622232917","is_ascension_mode":true,"campfire_choices":[{"data":"Bash","floor":8,"key":"SMITH"},{"data":"Twin Strike","floor":13,"key":"SMITH"},{"data":"Clothesline","floor":15,"key":"SMITH"},{"data":"1","floor":23,"key":"LIFT"},{"data":"2","floor":25,"key":"LIFT"},{"floor":32,"key":"REST"}],"neow_cost":"NO_GOLD","seed_source_timestamp":272576649591049,"circlet_count":0,"master_deck":["Strike_R+1","Strike_R+1","Strike_R+1","Strike_R+1","Strike_R+1","Defend_R+1","Defend_R+1","Defend_R+1","Defend_R+1","Bash+1","Twin Strike+1","Intimidate","Shrug It Off","Clothesline+1","Power Through","Cleave","Corruption","Immolate","Iron Wave+1","Burning Pact","Heavy Blade+1"],"relics":["Burning Blood","StoneCalendar","SsserpentHead","Bag of Marbles","Vajra","Singing Bowl","Strange Spoon","Fusion Hammer","Girya","Bronze Scales","Orichalcum","Boot","Matryoshka","Omamori"],"potions_floor_usage":[6,16,16,24,24,27,29],"damage_taken":[{"damage":4,"enemies":"2 Louse","floor":1,"turns":4},{"damage":1,"enemies":"Cultist","floor":3,"turns":3},{"damage":15,"enemies":"Small Slimes","floor":4,"turns":5},{"damage":7,"enemies":"Blue Slaver","floor":5,"turns":6},{"damage":30,"enemies":"Lagavulin","floor":6,"turns":5},{"damage":0,"enemies":"Large Slime","floor":7,"turns":6},{"damage":20,"enemies":"3 Sentries","floor":10,"turns":6},{"damage":0,"enemies":"3 Louse","floor":14,"turns":3},{"damage":11,"enemies":"The Guardian","floor":16,"turns":9},{"damage":0,"enemies":"Chosen","floor":18,"turns":5},{"damage":22,"enemies":"Shell Parasite","floor":19,"turns":5},{"damage":8,"enemies":"Centurion and Healer","floor":21,"turns":5},{"damage":3,"enemies":"Book of Stabbing","floor":24,"turns":5},{"damage":17,"enemies":"Slavers","floor":27,"turns":4},{"damage":17,"enemies":"Book of Stabbing","floor":29,"turns":5},{"damage":81,"enemies":"Collector","floor":33,"turns":7}],"seed_played":"2869849312103115606","potions_obtained":[{"floor":3,"key":"Strength Potion"},{"floor":5,"key":"Explosive Potion"},{"floor":10,"key":"Explosive Potion"},{"floor":14,"key":"Weak Potion"},{"floor":16,"key":"LiquidBronze"},{"floor":19,"key":"EssenceOfSteel"},{"floor":21,"key":"Fire Potion"},{"floor":24,"key":"Block Potion"}],"is_trial":false,"path_per_floor":["M","?","M","M","M","E","M","R","T","E","$","?","R","M","R","B",null,"M","M","?","M","$","R","E","R","T","E","?","E","$","?","R","B"],"character_chosen":"IRONCLAD","items_purchased":["Strange Spoon","Strength Potion","Girya","Omamori"],"campfire_rested":1,"item_purchase_floors":[11,11,22,30],"current_hp_per_floor":[74,74,79,70,69,45,51,51,51,37,37,37,37,45,45,40,72,80,64,48,48,48,48,53,53,53,42,42,31,31,31,58,0],"gold":185,"neow_bonus":"ONE_RARE_RELIC","is_prod":false,"is_daily":false,"chose_seed":false,"campfire_upgraded":3,"win_rate":0,"timestamp":1561264157,"path_taken":["M","?","M","M","M","E","?","R","T","E","$","?","R","M","R","BOSS","M","M","?","M","$","R","E","R","T","E","?","E","$","?","R","BOSS"],"build_version":"2019-01-23","purchased_purges":0,"victory":false,"max_hp_per_floor":[80,80,80,80,80,80,80,80,80,80,80,80,80,82,82,82,82,84,84,89,91,91,91,93,93,93,93,93,93,93,93,93,93],"card_choices":[{"not_picked":["Warcry","Blood for Blood"],"picked":"Twin Strike","floor":1},{"not_picked":["Headbutt","Clothesline"],"picked":"Intimidate","floor":3},{"not_picked":["Anger","Uppercut"],"picked":"Shrug It Off","floor":4},{"not_picked":["Havoc","Pummel"],"picked":"Clothesline","floor":5},{"not_picked":["Flex","Infernal Blade"],"picked":"Power Through","floor":6},{"not_picked":["Blood for Blood","Havoc"],"picked":"Cleave","floor":7},{"not_picked":["Twin Strike","Bludgeon"],"picked":"Corruption","floor":10},{"not_picked":["Iron Wave","Headbutt","Rupture"],"picked":"Singing Bowl","floor":14},{"not_picked":["Limit Break","Juggernaut"],"picked":"Immolate","floor":16},{"not_picked":["Shrug It Off","Iron Wave","Anger+1"],"picked":"Singing Bowl","floor":18},{"not_picked":["Pommel Strike","Rage"],"picked":"Iron Wave+1","floor":19},{"not_picked":["Power Through","Corruption+1","Clothesline+1"],"picked":"Singing Bowl","floor":21},{"not_picked":["True Grit","Fire Breathing","Infernal Blade"],"picked":"Singing Bowl","floor":24},{"not_picked":["Reckless Charge","Entrench+1"],"picked":"Burning Pact","floor":27},{"not_picked":["Rupture+1","Pommel Strike+1"],"picked":"Heavy Blade+1","floor":29}],"player_experience":369649,"relics_obtained":[{"floor":6,"key":"Bag of Marbles"},{"floor":9,"key":"Vajra"},{"floor":10,"key":"Singing Bowl"},{"floor":24,"key":"Bronze Scales"},{"floor":26,"key":"Orichalcum"},{"floor":27,"key":"Boot"},{"floor":29,"key":"Matryoshka"}],"event_choices":[{"damage_healed":0,"gold_gain":0,"player_choice":"Trade","damage_taken":0,"relics_obtained":["SsserpentHead"],"max_hp_gain":0,"max_hp_loss":0,"event_name":"FaceTrader","floor":2,"gold_loss":0},{"damage_healed":0,"gold_gain":69,"player_choice":"Gained Gold","damage_taken":0,"max_hp_gain":0,"max_hp_loss":0,"event_name":"Golden Wing","floor":12,"gold_loss":0},{"damage_healed":0,"gold_gain":0,"player_choice":"Shed Blood","damage_taken":21,"max_hp_gain":5,"max_hp_loss":0,"event_name":"Forgotten Altar","floor":20,"gold_loss":0},{"damage_healed":0,"gold_gain":0,"player_choice":"Simplicity","damage_taken":0,"max_hp_gain":0,"max_hp_loss":0,"event_name":"Back to Basics","floor":28,"gold_loss":0,"cards_upgraded":["Strike_R","Strike_R","Strike_R","Strike_R","Strike_R","Defend_R","Defend_R","Defend_R","Defend_R"]},{"damage_healed":0,"gold_gain":99,"player_choice":"Stole From Cult","damage_taken":0,"max_hp_gain":0,"max_hp_loss":0,"event_name":"Nest","floor":31,"gold_loss":0}],"is_beta":false,"boss_relics":[{"not_picked":["Runic Cube","Runic Dome"],"picked":"Fusion Hammer"}],"items_purged_floors":[],"is_endless":false,"potions_floor_spawned":[3,5,10,14,16,19,21,24],"killed_by":"Collector","ascension_level":9}