{"gold_per_floor":[112,129,147,163,180,208,30,30,55,55,83,83,233,244,244,319,319,219,233,233],"floor_reached":20,"playtime":1357,"items_purged":[],"score":350,"play_id":"a96ae665-dab1-456c-88c4-838f1e74e4db","local_time":"20190710174723","is_ascension_mode":true,"campfire_choices":[{"data":"Heavy Blade","floor":8.0,"key":"SMITH"},{"data":"True Grit","floor":12.0,"key":"SMITH"},{"floor":15.0,"key":"REST"}],"neow_cost":"NONE","seed_source_timestamp":432140807084,"circlet_count":0,"master_deck":["AscendersBane","Strike_R","Strike_R","Strike_R","Strike_R","Defend_R","Defend_R","Defend_R","Defend_R","Bash","Clothesline","Dual Wield","True Grit+1","Feel No Pain","Disarm","Spot Weakness","Impervious","Heavy Blade+1","Sentinel","Doubt","Demon Form","Armaments","Headbutt"],"special_seed":0,"relics":["Burning Blood","NeowsBlessing","Matryoshka","Pen Nib","Juzu Bracelet","Centennial Puzzle","Runic Cube"],"potions_floor_usage":[20],"damage_taken":[{"damage":0.0,"enemies":"Cultist","floor":1.0,"turns":1.0},{"damage":0.0,"enemies":"Small Slimes","floor":2.0,"turns":1.0},{"damage":0.0,"enemies":"Jaw Worm","floor":3.0,"turns":1.0},{"damage":12.0,"enemies":"Looter","floor":4.0,"turns":4.0},{"damage":16.0,"enemies":"Blue Slaver","floor":5.0,"turns":6.0},{"damage":15.0,"enemies":"Lagavulin","floor":6.0,"turns":7.0},{"damage":20.0,"enemies":"3 Sentries","floor":11.0,"turns":9.0},{"damage":10.0,"enemies":"Exordium Thugs","floor":14.0,"turns":5.0},{"damage":31,"enemies":"The Guardian","floor":16,"turns":16},{"damage":14,"enemies":"2 Thieves","floor":18,"turns":5},{"damage":36,"enemies":"Shell Parasite","floor":19,"turns":9},{"damage":32,"enemies":"Chosen and Byrds","floor":20,"turns":7}],"seed_played":"-2827215913299123203","potions_obtained":[{"floor":1.0,"key":"AttackPotion"},{"floor":5.0,"key":"Strength Potion"},{"floor":6.0,"key":"FearPotion"},{"floor":19,"key":"Fire Potion"}],"is_trial":false,"path_per_floor":["M","M","M","M","M","E","$","R","T","?","E","R","?","M","R","B",null,"M","M","M"],"character_chosen":"IRONCLAD","items_purchased":["Impervious","Heavy Blade"],"campfire_rested":1,"item_purchase_floors":[7,7],"current_hp_per_floor":[74,75,75,69,59,50,50,50,50,50,36,36,36,32,54,29,64,56,26,0],"gold":233,"neow_bonus":"THREE_ENEMY_KILL","is_prod":false,"is_daily":false,"chose_seed":false,"campfire_upgraded":2,"win_rate":0,"timestamp":1562798843,"path_taken":["M","?","M","?","?","E","?","R","T","?","E","R","?","M","R","BOSS","M","M","M"],"build_version":"2019-07-05","purchased_purges":0,"victory":false,"max_hp_per_floor":[75,75,75,75,75,75,75,75,75,75,75,75,75,75,75,75,75,75,75,75],"card_choices":[{"not_picked":["Infernal Blade","Pommel Strike"],"picked":"Clothesline","floor":1.0},{"not_picked":["Heavy Blade","Anger"],"picked":"Dual Wield","floor":2.0},{"not_picked":["Headbutt","Pommel Strike"],"picked":"True Grit","floor":3.0},{"not_picked":["True Grit","Power Through"],"picked":"Feel No Pain","floor":4.0},{"not_picked":["Metallicize","Entrench"],"picked":"Disarm","floor":5.0},{"not_picked":["Entrench","Ghostly Armor"],"picked":"Spot Weakness","floor":6.0},{"not_picked":["Havoc","Combust","Wild Strike"],"picked":"SKIP","floor":11.0},{"not_picked":["Carnage","Body Slam","Dual Wield"],"picked":"SKIP","floor":14.0},{"not_picked":["Double Tap","Fiend Fire"],"picked":"Demon Form","floor":16},{"not_picked":["Body Slam","Heavy Blade"],"picked":"Armaments","floor":18},{"not_picked":["Rage","True Grit"],"picked":"Headbutt","floor":19}],"player_experience":463241,"relics_obtained":[{"floor":6.0,"key":"Matryoshka"},{"floor":9.0,"key":"Pen Nib"},{"floor":9.0,"key":"Juzu Bracelet"},{"floor":11.0,"key":"Centennial Puzzle"}],"event_choices":[{"damage_healed":0.0,"max_hp_gain":0.0,"max_hp_loss":0.0,"gold_gain":0.0,"cards_transformed":["Strike_R"],"event_name":"Living Wall","player_choice":"Change","floor":10.0,"gold_loss":0.0,"damage_taken":0.0,"cards_obtained":["Sentinel"]},{"damage_healed":0.0,"max_hp_gain":0.0,"max_hp_loss":0.0,"gold_gain":150.0,"event_name":"Liars Game","player_choice":"AGREE","floor":13.0,"gold_loss":0.0,"damage_taken":0.0,"cards_obtained":["Doubt"]}],"is_beta":false,"boss_relics":[{"not_picked":["Lizard Tail","Mark of Pain"],"picked":"Runic Cube"}],"items_purged_floors":[],"is_endless":false,"potions_floor_spawned":[1,5,6,19],"killed_by":"Chosen and Byrds","ascension_level":18}