{"gold_per_floor":[130,158,170,57,74,74,101,101,101,101,101,101,101,115,115,187,187,205,225,225,244,75,75,75,91,91,91,109,159,174,174,174,245,245,262,262,262,262,262],"floor_reached":40,"playtime":1997,"items_purged":[],"score":1061,"play_id":"b845826b-1bca-4f02-b9db-ab3abbb54407","local_time":"20190801185319","is_ascension_mode":true,"campfire_choices":[{"floor":6.0,"key":"REST"},{"data":"Zap","floor":8.0,"key":"SMITH"},{"data":"Dualcast","floor":11.0,"key":"SMITH"},{"data":"Defragment","floor":15.0,"key":"SMITH"},{"floor":23.0,"key":"REST"},{"floor":27.0,"key":"REST"},{"data":"Zap","floor":32.0,"key":"SMITH"}],"neow_cost":"NONE","seed_source_timestamp":856518589832600,"circlet_count":0,"master_deck":["AscendersBane","Strike_B","Strike_B","Defend_B","Defend_B","Defend_B","Zap+1","Dualcast+1","Defragment+1","Chill","Glacier","Ball Lightning","Defragment+1","Core Surge","Lockon+1","Zap+1","Steam","White Noise","Shame","Ball Lightning+1","Electrodynamics","Recycle+1","Blizzard+1","Buffer+1","Leap+1","Bandage Up"],"special_seed":0,"relics":["Cracked Core","MawBank","StoneCalendar","Letter Opener","Cursed Key","DataDisk","Regal Pillow","Astrolabe"],"potions_floor_usage":[39,39],"damage_taken":[{"damage":5.0,"enemies":"Small Slimes","floor":1.0,"turns":4.0},{"damage":1.0,"enemies":"Cultist","floor":2.0,"turns":3.0},{"damage":7.0,"enemies":"Jaw Worm","floor":5.0,"turns":4.0},{"damage":3.0,"enemies":"Lagavulin","floor":7.0,"turns":8.0},{"damage":1.0,"enemies":"Lots of Slimes","floor":14.0,"turns":3.0},{"damage":25.0,"enemies":"Hexaghost","floor":16.0,"turns":8.0},{"damage":5.0,"enemies":"3 Byrds","floor":18.0,"turns":5.0},{"damage":12.0,"enemies":"Shell Parasite","floor":19.0,"turns":3.0},{"damage":28.0,"enemies":"Snake Plant","floor":21.0,"turns":4.0},{"damage":0.0,"enemies":"Shelled Parasite and Fungi","floor":25.0,"turns":4.0},{"damage":0.0,"enemies":"3 Cultists","floor":28.0,"turns":6.0},{"damage":6.0,"enemies":"Centurion and Healer","floor":30.0,"turns":6.0},{"damage":61.0,"enemies":"Automaton","floor":33.0,"turns":11.0},{"damage":0.0,"enemies":"3 Darklings","floor":35.0,"turns":2.0},{"damage":43,"enemies":"Donu and Deca","floor":39,"turns":7}],"seed_played":"-2292838135403411655","potions_obtained":[{"floor":5.0,"key":"Fire Potion"},{"floor":16.0,"key":"SkillPotion"},{"floor":18.0,"key":"SkillPotion"},{"floor":21.0,"key":"Weak Potion"},{"floor":33.0,"key":"Swift Potion"},{"floor":35.0,"key":"Regen Potion"}],"is_trial":false,"path_per_floor":["M","M","?","$","M","R","E","R","T","$","R","?","?","M","R","B",null,"M","M","?","M","$","R","$","M","T","R","M","?","M","?","R","B",null,"M","?","?","?","B",null],"character_chosen":"DEFECT","items_purchased":["Chill","Glacier","DataDisk"],"campfire_rested":3,"item_purchase_floors":[4,4,22],"current_hp_per_floor":[59,58,58,58,51,71,68,68,68,68,68,68,71,70,70,45,65,60,48,48,20,20,41,41,41,41,71,71,71,65,65,65,4,54,54,54,54,54,30],"gold":262,"neow_bonus":"RANDOM_COMMON_RELIC","is_prod":false,"is_daily":false,"chose_seed":false,"campfire_upgraded":4,"win_rate":0,"timestamp":1564678399,"path_taken":["M","M","?","$","M","R","E","R","T","$","R","?","?","M","R","BOSS","M","?","?","?","$","R","$","M","T","R","M","?","?","?","R","BOSS","M","?","?","?","BOSS"],"build_version":"2019-07-17","purchased_purges":0,"victory":true,"max_hp_per_floor":[71,71,71,71,71,71,71,71,71,71,71,71,71,71,71,71,71,71,71,71,71,71,71,71,71,71,71,71,71,71,71,71,71,71,71,71,71,71,71],"card_choices":[{"not_picked":["Redo","Cold Snap"],"picked":"Defragment","floor":1.0},{"not_picked":["Barrage","Blizzard","Redo"],"picked":"SKIP","floor":2.0},{"not_picked":["Stack","Redo","Ball Lightning"],"picked":"SKIP","floor":5.0},{"not_picked":["Stack","Redo"],"picked":"Ball Lightning","floor":5.0},{"not_picked":["Beam Cell","Steam Power","Conserve Battery"],"picked":"SKIP","floor":7.0},{"not_picked":["Sweeping Beam","Ball Lightning"],"picked":"Defragment","floor":14.0},{"not_picked":["Hyperbeam","Thunder Strike"],"picked":"Core Surge","floor":16.0},{"not_picked":["Sweeping Beam","Ball Lightning"],"picked":"Lockon+1","floor":18.0},{"not_picked":["Redo","Go for the Eyes+1","Barrage"],"picked":"SKIP","floor":19.0},{"not_picked":["Recycle+1","Coolheaded","Conserve Battery"],"picked":"SKIP","floor":21.0},{"not_picked":["Machine Learning","Barrage"],"picked":"White Noise","floor":25.0},{"not_picked":["Lockon+1","Turbo+1","Beam Cell"],"picked":"SKIP","floor":28.0},{"not_picked":["Force Field+1","Turbo"],"picked":"Ball Lightning+1","floor":30.0},{"not_picked":["Echo Form","Amplify"],"picked":"Electrodynamics","floor":33.0},{"not_picked":["Redo","Stack"],"picked":"Leap+1","floor":35.0},{"not_picked":["Enlightenment","Secret Technique"],"picked":"Bandage Up","floor":37.0}],"player_experience":388421,"relics_obtained":[{"floor":7.0,"key":"StoneCalendar"},{"floor":9.0,"key":"Letter Opener"},{"floor":26.0,"key":"Regal Pillow"}],"event_choices":[{"damage_healed":0.0,"max_hp_gain":0.0,"max_hp_loss":0.0,"gold_gain":0.0,"event_name":"Living Wall","player_choice":"Grow","floor":3.0,"gold_loss":0.0,"damage_taken":0.0,"cards_upgraded":["Defragment"]},{"damage_healed":0.0,"max_hp_gain":0.0,"max_hp_loss":0.0,"gold_gain":0.0,"event_name":"Golden Wing","player_choice":"Ignored","floor":12.0,"gold_loss":0.0,"damage_taken":0.0},{"damage_healed":3.0,"max_hp_gain":0.0,"max_hp_loss":0.0,"gold_gain":0.0,"event_name":"Wheel of Change","player_choice":"Full Heal","floor":13.0,"gold_loss":0.0,"damage_taken":0.0},{"damage_healed":0.0,"max_hp_gain":0.0,"max_hp_loss":0.0,"gold_gain":0.0,"event_name":"Match and Keep!","player_choice":"2 cards matched","floor":20.0,"gold_loss":0.0,"damage_taken":0.0,"cards_obtained":["Zap","Steam"]},{"damage_healed":0.0,"max_hp_gain":0.0,"max_hp_loss":0.0,"gold_gain":50.0,"event_name":"Golden Shrine","player_choice":"Pray","floor":29.0,"gold_loss":0.0,"damage_taken":0.0},{"damage_healed":0.0,"max_hp_gain":0.0,"max_hp_loss":0.0,"gold_gain":0.0,"event_name":"Vampires","player_choice":"Ignored","floor":31.0,"gold_loss":0.0,"damage_taken":0.0},{"damage_healed":0.0,"max_hp_gain":0.0,"max_hp_loss":0.0,"gold_gain":0.0,"event_name":"Tomb of Lord Red Mask","player_choice":"Ignored","floor":36.0,"gold_loss":0.0,"damage_taken":0.0},{"damage_healed":0.0,"max_hp_gain":0.0,"max_hp_loss":0.0,"gold_gain":0.0,"event_name":"SensoryStone","player_choice":"Memory 1","floor":37.0,"gold_loss":0.0,"damage_taken":0.0},{"damage_healed":0.0,"max_hp_gain":0.0,"max_hp_loss":0.0,"gold_gain":0.0,"event_name":"SecretPortal","player_choice":"Took Portal","floor":38.0,"gold_loss":0.0,"damage_taken":0.0}],"is_beta":false,"boss_relics":[{"not_picked":["Coffee Dripper","Calling Bell"],"picked":"Cursed Key"},{"not_picked":["Tiny House","Pandora\u0027s Box"],"picked":"Astrolabe"}],"items_purged_floors":[],"is_endless":false,"potions_floor_spawned":[5,16,18,21,33,35],"ascension_level":18}