{"gold_per_floor":[110,125,200,200,220,220,240,240,240,137,153,164,164,174,174,250,250,265,282,16,35,0,0,0,14,66,83,83,100,100,131,131,131],"floor_reached":33,"playtime":703,"items_purged":[],"score":526,"play_id":"0b88c280-897a-41a8-bd12-8f61d6b41794","local_time":"20190803202630","is_ascension_mode":true,"campfire_choices":[{"data":"Zap","floor":6.0,"key":"SMITH"},{"data":"Beam Cell","floor":8.0,"key":"SMITH"},{"data":"Defragment","floor":13.0,"key":"SMITH"},{"floor":15.0,"key":"REST"},{"data":"Dualcast","floor":23.0,"key":"SMITH"},{"floor":30.0,"key":"REST"},{"floor":32,"key":"REST"}],"neow_cost":"NONE","seed_source_timestamp":1036483317443700,"circlet_count":0,"master_deck":["AscendersBane","Strike_B+1","Strike_B+1","Strike_B+1","Strike_B+1","Defend_B+1","Defend_B+1","Defend_B+1","Defend_B+1","Zap+1","Dualcast+1","Sunder+1","Cold Snap","Go for the Eyes","Beam Cell+1","Defragment+1","Cold Snap+1","BootSequence","Ball Lightning+1","Gash+1","All For One+1","Beam Cell+1"],"special_seed":0,"relics":["Cracked Core","NeowsBlessing","Molten Egg 2","Busted Crown","Mercury Hourglass","Potion Belt","Matryoshka"],"potions_floor_usage":[33],"damage_taken":[{"damage":0.0,"enemies":"Cultist","floor":1.0,"turns":1.0},{"damage":0.0,"enemies":"Small Slimes","floor":2.0,"turns":1.0},{"damage":0.0,"enemies":"Jaw Worm","floor":5.0,"turns":1.0},{"damage":0.0,"enemies":"2 Fungi Beasts","floor":7.0,"turns":2.0},{"damage":0.0,"enemies":"Exordium Wildlife","floor":11.0,"turns":2.0},{"damage":0.0,"enemies":"Looter","floor":12.0,"turns":2.0},{"damage":11.0,"enemies":"Exordium Thugs","floor":14.0,"turns":4.0},{"damage":25.0,"enemies":"Hexaghost","floor":16.0,"turns":6.0},{"damage":0.0,"enemies":"Spheric Guardian","floor":18.0,"turns":3.0},{"damage":8.0,"enemies":"2 Thieves","floor":19.0,"turns":3.0},{"damage":0.0,"enemies":"Chosen and Byrds","floor":21.0,"turns":4.0},{"damage":13.0,"enemies":"Centurion and Healer","floor":25.0,"turns":4.0},{"damage":0.0,"enemies":"3 Cultists","floor":27.0,"turns":4.0},{"damage":0.0,"enemies":"Snake Plant","floor":28.0,"turns":1.0},{"damage":9.0,"enemies":"Centurion and Healer","floor":29.0,"turns":4.0},{"damage":16,"enemies":"Slavers","floor":31,"turns":4},{"damage":59,"enemies":"Champ","floor":33,"turns":7}],"seed_played":"-7015672030828841240","potions_obtained":[{"floor":1.0,"key":"AttackPotion"},{"floor":11.0,"key":"SpeedPotion"},{"floor":12.0,"key":"SmokeBomb"},{"floor":14.0,"key":"FocusPotion"},{"floor":16.0,"key":"Block Potion"},{"floor":25.0,"key":"Energy Potion"},{"floor":27.0,"key":"PowerPotion"},{"floor":31,"key":"AttackPotion"}],"is_trial":false,"path_per_floor":["M","M","?","?","M","R","M","R","T","$","M","M","R","M","R","B",null,"M","M","$","M","?","R","?","M","T","M","M","M","R","E","R","B"],"character_chosen":"DEFECT","items_purchased":["Defragment","Cold Snap+1","Mercury Hourglass"],"campfire_rested":3,"item_purchase_floors":[10,10,20],"current_hp_per_floor":[64,64,53,53,53,53,53,53,53,53,53,53,53,42,63,38,63,63,55,55,55,55,55,55,42,42,42,42,33,54,38,59,0],"gold":131,"neow_bonus":"THREE_ENEMY_KILL","is_prod":false,"is_daily":false,"chose_seed":false,"campfire_upgraded":4,"win_rate":0,"timestamp":1564856790,"path_taken":["M","?","?","?","M","R","M","R","T","$","M","?","R","M","R","BOSS","M","M","$","M","?","R","?","M","T","?","M","M","R","E","R","BOSS"],"build_version":"2019-07-17","purchased_purges":0,"victory":false,"max_hp_per_floor":[71,71,71,71,71,71,71,71,71,71,71,71,71,71,71,71,71,71,71,71,71,71,71,71,71,71,71,71,71,71,71,71,71],"card_choices":[{"not_picked":["Loop","Go for the Eyes"],"picked":"Sunder","floor":1.0},{"not_picked":["Barrage","Turbo"],"picked":"Cold Snap","floor":2.0},{"not_picked":["Barrage","Cold Snap"],"picked":"Go for the Eyes","floor":5.0},{"not_picked":["Chaos","Skim"],"picked":"Beam Cell","floor":7.0},{"not_picked":["Double Energy","Stack"],"picked":"BootSequence","floor":11.0},{"not_picked":["Undo","Steam Power"],"picked":"Ball Lightning+1","floor":12.0},{"not_picked":["Reinforced Body","Compile Driver+1"],"picked":"Gash+1","floor":14.0},{"not_picked":["Buffer","Reboot"],"picked":"All For One+1","floor":16.0},{"not_picked":["Rebound+1"],"picked":"SKIP","floor":18.0},{"not_picked":["Blizzard+1"],"picked":"SKIP","floor":19.0},{"not_picked":["Barrage+1"],"picked":"SKIP","floor":21.0},{"not_picked":[],"picked":"Beam Cell+1","floor":25.0},{"not_picked":["Turbo"],"picked":"SKIP","floor":27.0},{"not_picked":["Steam"],"picked":"SKIP","floor":29.0},{"not_picked":["Thunder Strike+1"],"picked":"SKIP","floor":31}],"player_experience":407612,"relics_obtained":[{"floor":9.0,"key":"Molten Egg 2"},{"floor":26.0,"key":"Potion Belt"},{"floor":31,"key":"Matryoshka"}],"event_choices":[{"damage_healed":0.0,"max_hp_gain":0.0,"max_hp_loss":0.0,"gold_gain":75.0,"event_name":"World of Goop","player_choice":"Gather Gold","floor":3.0,"gold_loss":0.0,"damage_taken":11.0},{"damage_healed":0.0,"max_hp_gain":0.0,"max_hp_loss":0.0,"gold_gain":0.0,"event_name":"Accursed Blacksmith","player_choice":"Forge","floor":4.0,"gold_loss":0.0,"damage_taken":0.0,"cards_upgraded":["Sunder"]},{"damage_healed":0.0,"max_hp_gain":0.0,"max_hp_loss":0.0,"gold_gain":0.0,"event_name":"Masked Bandits","player_choice":"Paid Fearfully","floor":22.0,"gold_loss":35.0,"damage_taken":0.0},{"damage_healed":0.0,"max_hp_gain":0.0,"max_hp_loss":0.0,"gold_gain":0.0,"event_name":"Back to Basics","player_choice":"Simplicity","floor":24.0,"gold_loss":0.0,"damage_taken":0.0,"cards_upgraded":["Strike_B","Strike_B","Strike_B","Strike_B","Defend_B","Defend_B","Defend_B","Defend_B"]}],"is_beta":false,"boss_relics":[{"not_picked":["Snecko Eye","FrozenCore"],"picked":"Busted Crown"}],"items_purged_floors":[],"is_endless":false,"potions_floor_spawned":[1,11,12,14,16,18,19,25,27,31],"killed_by":"Champ","ascension_level":20}