{"gold_per_floor":[110,128,148,148,17,17,50,61,61,26,51,68,68,88,88,183,183,196,196],"floor_reached":19,"playtime":786,"items_purged":[],"score":211,"play_id":"bc305705-50a3-4735-b0c1-a36b113269bb","local_time":"20190528221445","is_ascension_mode":true,"campfire_choices":[{"data":"Rupture","floor":6,"key":"SMITH"},{"floor":13,"key":"REST"},{"floor":15,"key":"REST"}],"neow_cost":"PERCENT_DAMAGE","seed_source_timestamp":363419549439107,"circlet_count":0,"master_deck":["Strike_R","Strike_R","Strike_R","Strike_R","Defend_R","Defend_R","Defend_R","Defend_R","Bash","Brutality","Shockwave","Spot Weakness","Cleave","Shrug It Off","Rupture+1","Juggernaut","Shrug It Off","Sword Boomerang","Heavy Blade","Limit Break","Flame Barrier+1"],"relics":["Burning Blood","Ancient Tea Set","Self Forming Clay","Boot","Eternal Feather"],"potions_floor_usage":[7,7,16],"damage_taken":[{"damage":2,"enemies":"2 Louse","floor":1,"turns":2},{"damage":14,"enemies":"Jaw Worm","floor":2,"turns":4},{"damage":4,"enemies":"Small Slimes","floor":3,"turns":4},{"damage":31,"enemies":"Lagavulin","floor":7,"turns":7},{"damage":8,"enemies":"2 Fungi Beasts","floor":8,"turns":4},{"damage":34,"enemies":"Exordium Thugs","floor":12,"turns":7},{"damage":7,"enemies":"Blue Slaver","floor":14,"turns":3},{"damage":23,"enemies":"The Guardian","floor":16,"turns":9},{"damage":37,"enemies":"2 Thieves","floor":18,"turns":5},{"damage":40,"enemies":"Spheric Guardian","floor":19,"turns":6}],"seed_played":"-5017737136686466360","potions_obtained":[{"floor":2,"key":"Block Potion"},{"floor":3,"key":"Strength Potion"},{"floor":8,"key":"LiquidBronze"}],"is_trial":false,"path_per_floor":["M","M","M","?","$","R","E","M","T","?","T","M","R","M","R","B",null,"M","M"],"character_chosen":"IRONCLAD","items_purchased":["Shrug It Off","Rupture"],"campfire_rested":2,"item_purchase_floors":[5,5],"current_hp_per_floor":[60,52,54,47,47,47,22,20,20,40,40,12,36,35,59,42,71,40,0],"gold":196,"neow_bonus":"THREE_RARE_CARDS","is_prod":false,"is_daily":false,"chose_seed":false,"campfire_upgraded":1,"win_rate":0,"timestamp":1559099685,"path_taken":["M","M","M","?","$","R","E","M","T","?","?","M","R","M","R","BOSS","M","M"],"build_version":"2019-01-23","purchased_purges":0,"victory":false,"max_hp_per_floor":[80,80,80,80,80,80,80,80,80,80,80,80,80,80,80,80,80,80,80],"card_choices":[{"not_picked":["Dark Embrace","Double Tap"],"picked":"Brutality","floor":0},{"not_picked":["Wild Strike","Twin Strike"],"picked":"Shockwave","floor":1},{"not_picked":["Perfected Strike","Thunderclap"],"picked":"Spot Weakness","floor":2},{"not_picked":["Wild Strike","Sword Boomerang"],"picked":"Cleave","floor":3},{"not_picked":["Dropkick","Flex"],"picked":"Juggernaut","floor":7},{"not_picked":["Burning Pact","Pommel Strike"],"picked":"Shrug It Off","floor":8},{"not_picked":["Thunderclap","Feel No Pain"],"picked":"Sword Boomerang","floor":12},{"not_picked":["True Grit","Anger"],"picked":"Heavy Blade","floor":14},{"not_picked":["Reaper","Double Tap"],"picked":"Limit Break","floor":16},{"not_picked":["Iron Wave+1","Headbutt"],"picked":"Flame Barrier+1","floor":18}],"player_experience":225661,"relics_obtained":[{"floor":7,"key":"Ancient Tea Set"},{"floor":9,"key":"Self Forming Clay"},{"floor":11,"key":"Boot"}],"event_choices":[{"cards_removed":["Strike_R"],"damage_healed":0,"gold_gain":0,"player_choice":"Card Removal","damage_taken":7,"max_hp_gain":0,"max_hp_loss":0,"event_name":"Golden Wing","floor":4,"gold_loss":0},{"damage_healed":20,"gold_gain":0,"player_choice":"Healed","damage_taken":0,"max_hp_gain":0,"max_hp_loss":0,"event_name":"The Cleric","floor":10,"gold_loss":35}],"is_beta":false,"boss_relics":[{"not_picked":["Tiny House","Mark of Pain"],"picked":"Eternal Feather"}],"items_purged_floors":[],"is_endless":false,"potions_floor_spawned":[2,3,8],"killed_by":"Spheric Guardian","ascension_level":5}