{"gold_per_floor":[111,122,47,47,47,47,47,73,73,103,103,122,153,172,172,172],"floor_reached":16,"playtime":490,"items_purged":[],"score":272,"play_id":"68c8f81f-aeb8-4e04-bd62-587b563f9efc","local_time":"20190713203750","is_ascension_mode":true,"campfire_choices":[{"data":"Feel No Pain","floor":6,"key":"SMITH"},{"floor":11,"key":"REST"},{"floor":15,"key":"REST"}],"neow_cost":"NONE","seed_source_timestamp":268404608240007,"circlet_count":0,"master_deck":["AscendersBane","Strike_R+1","Strike_R+1","Strike_R","Strike_R","Strike_R","Defend_R","Defend_R","Defend_R","Defend_R","Bash","Twin Strike","Sword Boomerang","Feel No Pain+1","True Grit","Corruption","Inflame","Feed","Shrug It Off"],"relics":["Burning Blood","NeowsBlessing","Ginger","Ornamental Fan","Anchor","Potion Belt"],"potions_floor_usage":[10,16,16],"damage_taken":[{"damage":0,"enemies":"Cultist","floor":1,"turns":1},{"damage":0,"enemies":"2 Louse","floor":2,"turns":1},{"damage":0,"enemies":"3 Sentries","floor":8,"turns":1},{"damage":32,"enemies":"Gremlin Nob","floor":10,"turns":4},{"damage":4,"enemies":"Small Slimes","floor":12,"turns":3},{"damage":18,"enemies":"3 Sentries","floor":13,"turns":9},{"damage":34,"enemies":"Exordium Wildlife","floor":14,"turns":6},{"damage":52,"enemies":"Slime Boss","floor":16,"turns":9}],"seed_played":"4490340345974279036","potions_obtained":[{"floor":2,"key":"SpeedPotion"},{"floor":8,"key":"Fire Potion"},{"floor":12,"key":"GamblersBrew"}],"is_trial":false,"path_per_floor":["M","M","$","?","?","R","?","E","T","E","R","M","E","M","R","B"],"character_chosen":"IRONCLAD","items_purchased":["Feel No Pain"],"campfire_rested":2,"item_purchase_floors":[3],"current_hp_per_floor":[74,75,75,75,80,80,56,62,62,36,60,62,50,25,49,0],"gold":172,"neow_bonus":"THREE_ENEMY_KILL","is_prod":false,"is_daily":false,"chose_seed":false,"campfire_upgraded":1,"win_rate":0,"timestamp":1563068270,"path_taken":["M","M","$","?","?","R","?","E","T","E","R","M","E","?","R","BOSS"],"build_version":"2019-07-05","purchased_purges":0,"victory":false,"max_hp_per_floor":[75,75,75,75,80,80,80,80,80,80,80,80,80,83,83,83],"card_choices":[{"not_picked":["Flex","Wild Strike"],"picked":"Twin Strike","floor":1},{"not_picked":["Heavy Blade","Carnage"],"picked":"Sword Boomerang","floor":2},{"not_picked":["Iron Wave","Clothesline"],"picked":"True Grit","floor":8},{"not_picked":["Feed","Spot Weakness"],"picked":"Corruption","floor":10},{"not_picked":["Body Slam","Shrug It Off"],"picked":"Inflame","floor":12},{"not_picked":["Seeing Red","Sword Boomerang"],"picked":"Feed","floor":13},{"not_picked":["Flex","Perfected Strike"],"picked":"Shrug It Off","floor":14}],"player_experience":483014,"relics_obtained":[{"floor":8,"key":"Ginger"},{"floor":9,"key":"Ornamental Fan"},{"floor":10,"key":"Anchor"},{"floor":13,"key":"Potion Belt"}],"event_choices":[{"damage_healed":0,"gold_gain":0,"player_choice":"Leave","damage_taken":0,"max_hp_gain":0,"max_hp_loss":0,"event_name":"The Cleric","floor":4,"gold_loss":0},{"damage_healed":0,"gold_gain":0,"player_choice":"Donut","damage_taken":0,"max_hp_gain":5,"max_hp_loss":0,"event_name":"Big Fish","floor":5,"gold_loss":0},{"damage_healed":0,"gold_gain":0,"player_choice":"Entered Light","damage_taken":24,"max_hp_gain":0,"max_hp_loss":0,"event_name":"Shining Light","floor":7,"gold_loss":0,"cards_upgraded":["Strike_R","Strike_R"]}],"is_beta":false,"boss_relics":[],"items_purged_floors":[],"is_endless":false,"potions_floor_spawned":[2,8,12],"killed_by":"Slime Boss","ascension_level":18}