{"gold_per_floor":[112,14,14,14,14,55,80,80,80,80,119,119,139,39,39,162,162,186,39,54,72,72],"floor_reached":22,"playtime":1049,"items_purged":["Strike_B","Strike_B"],"score":298,"play_id":"bc1d3d5b-c9e3-4520-b8b6-e93b31c00de2","local_time":"20190730010356","is_ascension_mode":true,"campfire_choices":[{"data":"Barrage","floor":8,"key":"SMITH"},{"data":"Streamline","floor":12,"key":"SMITH"},{"data":"Zap","floor":15,"key":"SMITH"}],"neow_cost":"TEN_PERCENT_HP_LOSS","seed_source_timestamp":1655571635641400,"circlet_count":0,"master_deck":["AscendersBane","Defend_B","Defend_B","Defend_B","Defend_B","Zap+1","Dualcast","Streamline+1","Static Discharge","Glacier","Barrage+1","White Noise","Melter","Machine Learning","Tempest+1","Capacitor","Fission","Hologram+1","White Noise"],"relics":["Cracked Core","Golden Idol","StoneCalendar","Matryoshka","PreservedInsect","Bottled Flame","Bag of Marbles","Coffee Dripper"],"potions_floor_usage":[21],"damage_taken":[{"damage":0,"enemies":"Cultist","floor":1,"turns":3},{"damage":11,"enemies":"Lagavulin","floor":6,"turns":7},{"damage":0,"enemies":"Jaw Worm","floor":7,"turns":4},{"damage":10,"enemies":"3 Sentries","floor":11,"turns":4},{"damage":0,"enemies":"2 Louse","floor":13,"turns":3},{"damage":5,"enemies":"The Guardian","floor":16,"turns":8},{"damage":7,"enemies":"3 Byrds","floor":18,"turns":3},{"damage":18,"enemies":"2 Thieves","floor":20,"turns":4},{"damage":13,"enemies":"Centurion and Healer","floor":21,"turns":7},{"damage":19,"enemies":"Snake Plant","floor":22,"turns":1}],"seed_played":"-5634990675651638462","potions_obtained":[{"floor":1,"key":"FocusPotion"},{"floor":6,"key":"Block Potion"},{"floor":21,"key":"Explosive Potion"}],"is_trial":false,"path_per_floor":["M","$","$","?","?","E","M","R","T","$","E","R","M","$","R","B",null,"M","$","M","M","M"],"character_chosen":"DEFECT","items_purchased":["Barrage","Capacitor","Fission"],"campfire_rested":0,"item_purchase_floors":[2,19,19],"current_hp_per_floor":[68,68,68,51,44,33,33,33,33,33,23,23,23,23,23,18,56,49,49,31,18,0],"gold":72,"neow_bonus":"TRANSFORM_TWO_CARDS","is_prod":false,"is_daily":false,"chose_seed":false,"campfire_upgraded":3,"win_rate":0,"timestamp":1564470236,"path_taken":["M","?","$","?","?","E","M","R","T","?","E","R","?","$","R","BOSS","M","$","M","M","M"],"build_version":"2019-07-18","purchased_purges":2,"victory":false,"max_hp_per_floor":[68,68,68,68,68,68,68,68,68,68,68,68,68,68,68,68,68,68,68,68,68,68],"card_choices":[{"not_picked":["Barrage","Ball Lightning"],"picked":"Glacier","floor":1},{"not_picked":["Gash","Aggregate","Conserve Battery"],"picked":"SKIP","floor":6},{"not_picked":["Consume","Auto Shields"],"picked":"White Noise","floor":7},{"not_picked":["Hello World","Gash","Turbo"],"picked":"SKIP","floor":11},{"not_picked":["Fusion","Compile Driver"],"picked":"Melter","floor":13},{"not_picked":["Thunder Strike","Rainbow"],"picked":"Machine Learning","floor":16},{"not_picked":["Coolheaded","Gash+1"],"picked":"Tempest+1","floor":18},{"not_picked":["Redo","Hello World"],"picked":"Hologram+1","floor":20},{"not_picked":["Sweeping Beam","Chaos"],"picked":"White Noise","floor":21}],"player_experience":443188,"relics_obtained":[{"floor":6,"key":"Matryoshka"},{"floor":9,"key":"PreservedInsect"},{"floor":9,"key":"Bottled Flame"},{"floor":11,"key":"Bag of Marbles"}],"event_choices":[{"damage_healed":0,"gold_gain":0,"player_choice":"Take Damage","damage_taken":17,"relics_obtained":["Golden Idol"],"max_hp_gain":0,"max_hp_loss":0,"event_name":"Golden Idol","floor":4,"gold_loss":0},{"damage_healed":0,"gold_gain":0,"player_choice":"Success","damage_taken":7,"relics_obtained":["StoneCalendar"],"max_hp_gain":0,"max_hp_loss":0,"event_name":"Scrap Ooze","floor":5,"gold_loss":0}],"is_beta":true,"boss_relics":[{"not_picked":["Fusion Hammer","Velvet Choker"],"picked":"Coffee Dripper"}],"items_purged_floors":[2,14],"is_endless":false,"potions_floor_spawned":[1,6,21],"killed_by":"Snake Plant","ascension_level":11}