{"gold_per_floor":[216,226,246,206,57,57,68,68,68,68,82,82,82,93,93,188,188,199,199,219,318,333,30,46,46,72,72,88,88,88],"floor_reached":30,"playtime":1285,"items_purged":["Strike_B","Strike_B"],"score":336,"play_id":"148f2f9b-af08-43e7-a4bd-8f1b6d6dc632","local_time":"20181028123614","is_ascension_mode":true,"campfire_choices":[{"data":"Defragment","floor":6,"key":"SMITH"},{"data":"Zap","floor":8,"key":"SMITH"},{"data":"Redo","floor":12,"key":"SMITH"},{"data":"Electrodynamics","floor":15,"key":"SMITH"},{"data":"Multi-Cast","floor":27,"key":"SMITH"},{"data":"Leap","floor":29,"key":"SMITH"}],"neow_cost":"NONE","seed_source_timestamp":549232239527329,"circlet_count":0,"master_deck":["Strike_B","Defend_B","Defend_B","Defend_B","Defend_B","Zap+1","Dualcast+1","Leap+1","Go for the Eyes","Electrodynamics+1","Defragment+1","Redo+1","Skim","Multi-Cast+1","Force Field","Leap+1","Ball Lightning","Ghostly","Ghostly","Ghostly","Ghostly","Ghostly","FTL"],"relics":["Cracked Core","Symbiotic Virus","Inserter","Oddly Smooth Stone","Potion Belt"],"potions_floor_usage":[22,22,22,24,24],"damage_taken":[{"damage":0,"enemies":"Small Slimes","floor":1,"turns":2},{"damage":0,"enemies":"Cultist","floor":2,"turns":3},{"damage":6,"enemies":"Jaw Worm","floor":3,"turns":4},{"damage":20,"enemies":"Exordium Thugs","floor":7,"turns":4},{"damage":6,"enemies":"3 Louse","floor":11,"turns":3},{"damage":0,"enemies":"2 Fungi Beasts","floor":14,"turns":2},{"damage":8,"enemies":"Slime Boss","floor":16,"turns":6},{"damage":16,"enemies":"3 Byrds","floor":18,"turns":3},{"damage":35,"enemies":"2 Thieves","floor":20,"turns":4},{"damage":6,"enemies":"3 Cultists","floor":22,"turns":4},{"damage":0,"enemies":"Snake Plant","floor":24,"turns":3},{"damage":2,"enemies":"Snecko","floor":28,"turns":5},{"damage":4,"enemies":"Gremlin Leader","floor":30,"turns":1}],"seed_played":"-6590600236276034668","potions_obtained":[{"floor":1,"key":"Strength Potion"},{"floor":2,"key":"SmokeBomb"},{"floor":4,"key":"Strength Potion"},{"floor":4,"key":"EntropicBrew"},{"floor":7,"key":"AttackPotion"},{"floor":11,"key":"FearPotion"},{"floor":18,"key":"SkillPotion"},{"floor":28,"key":"SkillPotion"}],"is_trial":false,"path_per_floor":["M","M","M","?","$","R","M","R","T","$","M","R","?","M","R","B",null,"M","?","M","?","M","$","M","?","T","R","M","R"],"character_chosen":"DEFECT","items_purchased":["Defragment","Oddly Smooth Stone","Ball Lightning"],"campfire_rested":0,"item_purchase_floors":[5,23,23],"current_hp_per_floor":[68,68,62,62,62,62,42,42,42,42,36,36,36,36,36,28,63,47,47,12,12,6,6,6,6,6,6,4,4,0],"gold":88,"neow_bonus":"HUNDRED_GOLD","is_prod":false,"is_daily":false,"chose_seed":false,"campfire_upgraded":6,"win_rate":0,"timestamp":1540751774,"path_taken":["M","M","M","?","$","R","?","R","T","$","M","R","?","M","R","BOSS","M","?","M","?","M","$","M","?","T","R","M","R","E"],"build_version":"2018-10-25v2","purchased_purges":2,"victory":false,"max_hp_per_floor":[75,75,75,75,75,75,75,75,75,75,75,75,75,75,75,75,75,75,75,75,75,75,75,75,37,37,37,37,37,37],"card_choices":[{"not_picked":["Chaos","Hello World"],"picked":"Leap","floor":1},{"not_picked":["Gash","Beam Cell"],"picked":"Go for the Eyes","floor":2},{"not_picked":["Beam Cell","Genetic Algorithm"],"picked":"Electrodynamics","floor":3},{"not_picked":["Streamline","Steam Power","Force Field"],"picked":"SKIP","floor":7},{"not_picked":["Beam Cell","Aggregate"],"picked":"Redo","floor":11},{"not_picked":["Steam Power","Rebound"],"picked":"Skim","floor":14},{"not_picked":["Biased Cognition","Creative AI"],"picked":"Multi-Cast","floor":16},{"not_picked":["Go for the Eyes","Rebound+1"],"picked":"Force Field","floor":18},{"not_picked":["Double Energy","Gash+1"],"picked":"Leap+1","floor":20},{"not_picked":["Beam Cell+1","Coolheaded","Steam"],"picked":"SKIP","floor":22},{"not_picked":["Cold Snap","Echo Form","Aggregate"],"picked":"SKIP","floor":24},{"not_picked":["Streamline","Hologram"],"picked":"FTL","floor":28}],"player_experience":184031,"relics_obtained":[{"floor":9,"key":"Symbiotic Virus"},{"floor":26,"key":"Potion Belt"}],"event_choices":[{"damage_healed":0,"gold_gain":0,"player_choice":"Bought 3 Potions","damage_taken":0,"max_hp_gain":0,"max_hp_loss":0,"event_name":"The Woman in Blue","floor":4,"gold_loss":0},{"damage_healed":0,"gold_gain":0,"player_choice":"Upgraded","damage_taken":0,"max_hp_gain":0,"max_hp_loss":0,"event_name":"Upgrade Shrine","floor":13,"gold_loss":0,"cards_upgraded":["Dualcast"]},{"cards_removed":["Strike_B"],"damage_healed":0,"gold_gain":0,"player_choice":"Elegance","damage_taken":0,"max_hp_gain":0,"max_hp_loss":0,"event_name":"Back to Basics","floor":19,"gold_loss":0},{"damage_healed":0,"gold_gain":99,"player_choice":"Stole From Cult","damage_taken":0,"max_hp_gain":0,"max_hp_loss":0,"event_name":"Nest","floor":21,"gold_loss":0},{"damage_healed":0,"gold_gain":0,"player_choice":"Became a Ghost","damage_taken":0,"max_hp_gain":0,"max_hp_loss":38,"event_name":"Ghosts","floor":25,"gold_loss":0,"cards_obtained":["Ghostly","Ghostly","Ghostly","Ghostly","Ghostly"]}],"is_beta":true,"boss_relics":[{"not_picked":["Runic Pyramid","Philosopher\u0027s Stone"],"picked":"Inserter"}],"items_purged_floors":[5,23],"is_endless":false,"potions_floor_spawned":[1,2,7,11,18,28],"killed_by":"Gremlin Leader","ascension_level":8}