{"gold_per_floor":[118,193,213,230,230,230,259,272,299,47,47,62,62,75,75,173,173,189,189,209,209,225,225,245,245,245,245],"floor_reached":27,"playtime":1306,"items_purged":["Strike_R"],"score":333,"play_id":"30b70d08-b425-4598-9d7f-5d95f67c4b96","local_time":"20190624201341","is_ascension_mode":true,"campfire_choices":[{"data":"Searing Blow+1","floor":6,"key":"SMITH"},{"floor":11,"key":"REST"},{"data":"Searing Blow+2","floor":13,"key":"SMITH"},{"data":"Searing Blow+3","floor":15,"key":"SMITH"},{"data":"Searing Blow+4","floor":23,"key":"SMITH"},{"data":"Searing Blow+5","floor":25,"key":"SMITH"}],"neow_cost":"NONE","seed_source_timestamp":434107134239664,"circlet_count":0,"master_deck":["AscendersBane","Strike_R","Strike_R","Strike_R","Strike_R","Defend_R","Defend_R","Defend_R","Defend_R","Bash","Shrug It Off","Bloodletting","Searing Blow+6","Whirlwind","Juggernaut","Secret Weapon","Armaments","Brutality","Iron Wave+1","Shrug It Off"],"relics":["Black Blood","Omamori","Oddly Smooth Stone","Bag of Marbles","Matryoshka"],"potions_floor_usage":[8,27],"damage_taken":[{"damage":2,"enemies":"2 Louse","floor":1,"turns":4},{"damage":5,"enemies":"Small Slimes","floor":3,"turns":3},{"damage":3,"enemies":"Jaw Worm","floor":4,"turns":3},{"damage":53,"enemies":"3 Sentries","floor":7,"turns":10},{"damage":10,"enemies":"Looter","floor":8,"turns":3},{"damage":4,"enemies":"Blue Slaver","floor":12,"turns":5},{"damage":0,"enemies":"Lots of Slimes","floor":14,"turns":1},{"damage":43,"enemies":"Slime Boss","floor":16,"turns":8},{"damage":3,"enemies":"3 Byrds","floor":18,"turns":5},{"damage":20,"enemies":"Chosen","floor":20,"turns":5},{"damage":31,"enemies":"3 Cultists","floor":22,"turns":6},{"damage":16,"enemies":"Snake Plant","floor":24,"turns":2},{"damage":54,"enemies":"Gremlin Leader","floor":27,"turns":4}],"seed_played":"-6903615383333916329","potions_obtained":[{"floor":4,"key":"Explosive Potion"},{"floor":14,"key":"Ancient Potion"},{"floor":16,"key":"GamblersBrew"},{"floor":20,"key":"Strength Potion"}],"is_trial":false,"path_per_floor":["M","?","M","M","?","R","E","M","T","$","R","M","R","M","R","B",null,"M","?","M","?","M","R","M","R","T","E"],"character_chosen":"IRONCLAD","items_purchased":["Secret Weapon"],"campfire_rested":1,"item_purchase_floors":[10],"current_hp_per_floor":[76,65,66,69,69,69,22,18,18,18,42,44,44,50,50,13,63,70,70,60,80,59,59,53,53,53,0],"gold":245,"neow_bonus":"THREE_CARDS","is_prod":false,"is_daily":false,"chose_seed":false,"campfire_upgraded":5,"win_rate":0,"timestamp":1561425221,"path_taken":["M","?","M","M","?","R","E","M","T","?","R","M","R","M","R","BOSS","M","?","M","?","?","R","M","R","T","E"],"build_version":"2019-01-23","purchased_purges":1,"victory":false,"max_hp_per_floor":[80,80,80,80,80,80,80,80,80,80,80,80,80,80,80,80,80,80,80,80,80,80,80,80,80,80,80],"card_choices":[{"not_picked":["Uppercut","Headbutt"],"picked":"Shrug It Off","floor":0},{"not_picked":["Perfected Strike","Anger"],"picked":"Bloodletting","floor":1},{"not_picked":["Shrug It Off","Perfected Strike"],"picked":"Searing Blow","floor":3},{"not_picked":["Body Slam","Thunderclap","Sword Boomerang"],"picked":"SKIP","floor":4},{"not_picked":["Searing Blow","Dropkick"],"picked":"Whirlwind","floor":7},{"not_picked":["Flex","Wild Strike"],"picked":"Juggernaut","floor":8},{"not_picked":["Cleave","Thunderclap","Twin Strike"],"picked":"SKIP","floor":12},{"not_picked":["Spot Weakness","Havoc"],"picked":"Armaments","floor":14},{"not_picked":["Immolate","Dark Embrace"],"picked":"Brutality","floor":16},{"not_picked":["Armaments","Heavy Blade"],"picked":"Combust+1","floor":18},{"not_picked":["Twin Strike","Thunderclap","Havoc"],"picked":"SKIP","floor":20},{"not_picked":["Perfected Strike","Twin Strike"],"picked":"Iron Wave+1","floor":22},{"not_picked":["Iron Wave","Rampage"],"picked":"Shrug It Off","floor":24}],"player_experience":391327,"relics_obtained":[{"floor":7,"key":"Omamori"},{"floor":9,"key":"Oddly Smooth Stone"},{"floor":26,"key":"Matryoshka"}],"event_choices":[{"damage_healed":0,"gold_gain":75,"player_choice":"Gather Gold","damage_taken":11,"max_hp_gain":0,"max_hp_loss":0,"event_name":"World of Goop","floor":2,"gold_loss":0},{"damage_healed":0,"gold_gain":0,"player_choice":"Grow","damage_taken":0,"max_hp_gain":0,"max_hp_loss":0,"event_name":"Living Wall","floor":5,"gold_loss":0,"cards_upgraded":["Searing Blow"]},{"damage_healed":0,"gold_gain":0,"player_choice":"Stole Relic","damage_taken":0,"relics_obtained":["Bag of Marbles"],"max_hp_gain":0,"max_hp_loss":0,"event_name":"Addict","floor":19,"gold_loss":0,"cards_obtained":["Shame"]},{"cards_removed":["Combust"],"damage_healed":20,"gold_gain":0,"player_choice":"Offered Uncommon","damage_taken":0,"max_hp_gain":0,"max_hp_loss":0,"event_name":"Bonfire Elementals","floor":21,"gold_loss":0}],"is_beta":false,"boss_relics":[{"not_picked":["Ectoplasm","Runic Pyramid"],"picked":"Black Blood"}],"items_purged_floors":[10],"is_endless":false,"potions_floor_spawned":[4,14,16,20,22],"killed_by":"Gremlin Leader","ascension_level":11}