{"gold_per_floor":[16,32,43,43,118,118,151,151,151,151,162,162,189,28,28,102,102,122,75,75,75,0,0],"floor_reached":23,"playtime":877,"items_purged":[],"score":409,"play_id":"59b27cb5-f7cd-4ac8-b29e-3cdf6d863b3b","local_time":"20190726215727","is_ascension_mode":true,"campfire_choices":[{"data":"Feel No Pain","floor":6,"key":"SMITH"},{"data":"Armaments","floor":8,"key":"SMITH"},{"data":"Cleave","floor":10,"key":"SMITH"},{"floor":15,"key":"REST"}],"neow_cost":"NO_GOLD","seed_source_timestamp":353790823081613,"circlet_count":0,"master_deck":["AscendersBane","Strike_R","Defend_R","Defend_R","Defend_R","Defend_R","Bash","Feel No Pain+1","Headbutt","Cleave+1","Armaments+1","Ghostly Armor","Reckless Charge","Immolate","Feed","Feed+1","Entrench+1","Intimidate"],"relics":["Burning Blood","Blue Candle","Pear","Juzu Bracelet","Orichalcum","Astrolabe","Nilry\u0027s Codex"],"potions_floor_usage":[7,23,23],"damage_taken":[{"damage":6,"enemies":"Cultist","floor":1,"turns":3},{"damage":9,"enemies":"2 Louse","floor":2,"turns":3},{"damage":2,"enemies":"Jaw Worm","floor":3,"turns":3},{"damage":50,"enemies":"Lagavulin","floor":7,"turns":8},{"damage":5,"enemies":"Blue Slaver","floor":11,"turns":5},{"damage":30,"enemies":"3 Sentries","floor":13,"turns":9},{"damage":43,"enemies":"The Guardian","floor":16,"turns":15},{"damage":35,"enemies":"Chosen","floor":18,"turns":9},{"damage":35,"enemies":"2 Thieves","floor":19,"turns":5},{"damage":11,"enemies":"Gremlin Leader","floor":23,"turns":2}],"seed_played":"3416204547238497703","potions_obtained":[{"floor":1,"key":"Fire Potion"},{"floor":3,"key":"EssenceOfSteel"},{"floor":11,"key":"PowerPotion"},{"floor":18,"key":"SkillPotion"}],"is_trial":false,"path_per_floor":["M","M","M","?","?","R","E","R","T","R","M","?","E","$","R","B",null,"M","M","?","?","?","E"],"character_chosen":"IRONCLAD","items_purchased":["Orichalcum"],"campfire_rested":1,"item_purchase_floors":[14],"current_hp_per_floor":[82,79,83,88,77,77,33,33,43,43,44,44,20,20,51,14,82,57,28,7,7,7,0],"gold":0,"neow_bonus":"TWENTY_PERCENT_HP_BONUS","is_prod":false,"is_daily":false,"chose_seed":false,"campfire_upgraded":3,"win_rate":0,"timestamp":1564196247,"path_taken":["M","M","M","?","?","R","E","R","T","R","M","?","E","$","R","BOSS","M","M","?","?","?","E"],"build_version":"2019-07-17","purchased_purges":0,"victory":false,"max_hp_per_floor":[89,89,89,94,94,94,94,94,104,104,104,104,104,104,104,104,104,108,108,108,108,108,108],"card_choices":[{"not_picked":["Sword Boomerang","Dual Wield"],"picked":"Feel No Pain","floor":1},{"not_picked":["Twin Strike","Rampage"],"picked":"Headbutt","floor":2},{"not_picked":["Clothesline","Havoc"],"picked":"Cleave","floor":3},{"not_picked":["Clash","Evolve"],"picked":"Armaments","floor":7},{"not_picked":["Seeing Red","Wild Strike"],"picked":"Ghostly Armor","floor":11},{"not_picked":["Entrench","True Grit"],"picked":"Immolate","floor":13},{"not_picked":["Exhume","Double Tap"],"picked":"Feed","floor":16},{"not_picked":["Wild Strike","Clothesline","Clash"],"picked":"SKIP","floor":18},{"not_picked":["Entrench","Fire Breathing"],"picked":"Intimidate","floor":19}],"player_experience":538846,"relics_obtained":[{"floor":7,"key":"Blue Candle"},{"floor":9,"key":"Pear"},{"floor":13,"key":"Juzu Bracelet"},{"floor":20,"key":"Nilry\u0027s Codex"}],"event_choices":[{"damage_healed":0,"gold_gain":0,"player_choice":"Donut","damage_taken":0,"max_hp_gain":5,"max_hp_loss":0,"event_name":"Big Fish","floor":4,"gold_loss":0},{"damage_healed":0,"gold_gain":75,"player_choice":"Gather Gold","damage_taken":11,"max_hp_gain":0,"max_hp_loss":0,"event_name":"World of Goop","floor":5,"gold_loss":0},{"damage_healed":0,"gold_gain":0,"cards_transformed":["Strike_R"],"player_choice":"Change","damage_taken":0,"max_hp_gain":0,"max_hp_loss":0,"event_name":"Living Wall","floor":12,"gold_loss":0,"cards_obtained":["Reckless Charge"]},{"damage_healed":0,"gold_gain":0,"player_choice":"Obtained Book","damage_taken":21,"max_hp_gain":0,"max_hp_loss":0,"event_name":"Cursed Tome","floor":20,"gold_loss":0},{"damage_healed":0,"gold_gain":0,"player_choice":"Got Potions","damage_taken":0,"max_hp_gain":0,"max_hp_loss":0,"event_name":"Lab","floor":21,"gold_loss":0},{"cards_removed":["Clash"],"damage_healed":0,"gold_gain":0,"player_choice":"Gave Gold","damage_taken":0,"max_hp_gain":0,"max_hp_loss":0,"event_name":"Beggar","floor":22,"gold_loss":75}],"is_beta":false,"boss_relics":[{"not_picked":["Black Star","Runic Cube"],"picked":"Astrolabe"}],"items_purged_floors":[],"is_endless":false,"potions_floor_spawned":[1,3,11,18],"killed_by":"Gremlin Leader","ascension_level":19}