{"gold_per_floor":[109,120,139,214,234,234,269,283,308,330,330],"floor_reached":11,"playtime":589,"items_purged":[],"score":131,"play_id":"ab2920a1-08bc-4c40-bdd4-c95f6e7cdc4b","local_time":"20190701191543","is_ascension_mode":true,"campfire_choices":[{"data":"Uppercut","floor":6,"key":"SMITH"}],"neow_cost":"TEN_PERCENT_HP_LOSS","seed_source_timestamp":278888055732474,"circlet_count":0,"master_deck":["AscendersBane","Strike_R","Strike_R","Strike_R","Strike_R","Strike_R","Defend_R","Defend_R","Defend_R","Defend_R","Bash","Uppercut+1","Cleave","Havoc","Armaments","Corruption","Body Slam","Entrench"],"relics":["Burning Blood","Charon\u0027s Ashes","Bottled Flame","Dream Catcher","Odd Mushroom"],"potions_floor_usage":[7,10,10],"damage_taken":[{"damage":13,"enemies":"Jaw Worm","floor":1,"turns":4},{"damage":4,"enemies":"Small Slimes","floor":2,"turns":3},{"damage":3,"enemies":"2 Louse","floor":3,"turns":2},{"damage":18,"enemies":"Looter","floor":5,"turns":4},{"damage":25,"enemies":"3 Sentries","floor":7,"turns":6},{"damage":6,"enemies":"Red Slaver","floor":8,"turns":4},{"damage":17,"enemies":"The Mushroom Lair","floor":10,"turns":4},{"damage":15,"enemies":"Exordium Thugs","floor":11,"turns":2}],"seed_played":"7002195668958359553","potions_obtained":[{"floor":3,"key":"Block Potion"},{"floor":7,"key":"Poison Potion"},{"floor":8,"key":"Block Potion"}],"is_trial":false,"path_per_floor":["M","M","M","?","M","R","E","M","T","?","M"],"character_chosen":"IRONCLAD","items_purchased":[],"campfire_rested":0,"item_purchase_floors":[],"current_hp_per_floor":[61,63,66,55,43,43,24,24,24,13,0],"gold":330,"neow_bonus":"ONE_RARE_RELIC","is_prod":false,"is_daily":false,"chose_seed":false,"campfire_upgraded":1,"win_rate":0,"timestamp":1562026543,"path_taken":["M","M","M","?","M","R","E","M","T","?","M"],"build_version":"2019-07-01","purchased_purges":0,"victory":false,"max_hp_per_floor":[68,68,68,68,68,68,68,68,68,68,68],"card_choices":[{"not_picked":["Thunderclap","Heavy Blade"],"picked":"Uppercut","floor":1},{"not_picked":["Warcry","Clothesline"],"picked":"Cleave","floor":2},{"not_picked":["Clothesline","Pommel Strike"],"picked":"Havoc","floor":3},{"not_picked":["Cleave","Sword Boomerang"],"picked":"Armaments","floor":5},{"not_picked":["Armaments","Brutality"],"picked":"Corruption","floor":7},{"not_picked":["Armaments","Whirlwind"],"picked":"Body Slam","floor":8},{"not_picked":["Rupture","Warcry"],"picked":"Entrench","floor":10}],"player_experience":428122,"relics_obtained":[{"floor":7,"key":"Bottled Flame"},{"floor":9,"key":"Dream Catcher"},{"floor":10,"key":"Odd Mushroom"}],"event_choices":[{"damage_healed":0,"gold_gain":75,"player_choice":"Gather Gold","damage_taken":11,"max_hp_gain":0,"max_hp_loss":0,"event_name":"World of Goop","floor":4,"gold_loss":0},{"damage_healed":0,"gold_gain":0,"player_choice":"Fought Mushrooms","damage_taken":0,"max_hp_gain":0,"max_hp_loss":0,"event_name":"Mushrooms","floor":10,"gold_loss":0}],"is_beta":false,"boss_relics":[],"items_purged_floors":[],"is_endless":false,"potions_floor_spawned":[3,7,8],"killed_by":"Exordium Thugs","ascension_level":15}