{"gold_per_floor":[112,122,141,91,16,43,43,118,194,194,206,206,219,232,232,328,328,343,353,148,168,187,221,221,221,248,278,294,294,309,309,309,412,412,429,429,235,235,247,247,281,293,350,373,432,444,470,482,494,506],"floor_reached":51,"playtime":3896,"items_purged":["Defend_B","Strike_B","Defend_B"],"score":1039,"play_id":"8f1ffed2-5a35-4225-9826-8e666d505b25","local_time":"20181029000701","is_ascension_mode":true,"campfire_choices":[{"data":"Zap","floor":7,"key":"SMITH"},{"data":"Streamline","floor":10,"key":"SMITH"},{"data":"Dualcast","floor":12,"key":"SMITH"},{"data":"Defragment","floor":15,"key":"SMITH"},{"data":"Loop","floor":25,"key":"SMITH"},{"data":"Turbo","floor":29,"key":"SMITH"},{"data":"Blizzard","floor":32,"key":"SMITH"},{"data":"Conserve Battery","floor":40,"key":"SMITH"},{"data":"Aggregate","floor":42,"key":"SMITH"},{"data":"Skim","floor":46,"key":"SMITH"},{"floor":49,"key":"REST"}],"neow_cost":"NONE","seed_source_timestamp":588057044901887,"circlet_count":0,"master_deck":["Defend_B","Defend_B","Zap+1","Dualcast+1","Genetic Algorithm","Streamline+1","Self Repair","Cold Snap","Go for the Eyes","Turbo+1","Conserve Battery+1","Defragment+1","Machine Learning","Chill","White Noise","Loop+1","Genetic Algorithm","Skim+1","Seek","Chill","Coolheaded+1","Blizzard+1","Reboot","Cold Snap+1","Glacier","Static Discharge+1","Aggregate+1","Ball Lightning","Force Field+1","Chaos+1"],"relics":["Cracked Core","Blood Vial","Letter Opener","Empty Cage","PreservedInsect","Happy Flower","Thread and Needle","Lizard Tail","Oddly Smooth Stone","MawBank","Smiling Mask","Shovel"],"potions_floor_usage":[19,23,27,33,44,44,45],"damage_taken":[{"damage":0,"enemies":"Small Slimes","floor":1,"turns":3},{"damage":7,"enemies":"Jaw Worm","floor":2,"turns":3},{"damage":1,"enemies":"2 Louse","floor":3,"turns":2},{"damage":26,"enemies":"Lagavulin","floor":6,"turns":8},{"damage":9,"enemies":"Gremlin Gang","floor":11,"turns":5},{"damage":0,"enemies":"Large Slime","floor":13,"turns":4},{"damage":1,"enemies":"Blue Slaver","floor":14,"turns":3},{"damage":27,"enemies":"Hexaghost","floor":16,"turns":10},{"damage":5,"enemies":"Chosen","floor":18,"turns":4},{"damage":0,"enemies":"3 Byrds","floor":19,"turns":5},{"damage":7,"enemies":"Sentry and Sphere","floor":21,"turns":6},{"damage":1,"enemies":"Centurion and Healer","floor":22,"turns":10},{"damage":32,"enemies":"Gremlin Leader","floor":23,"turns":9},{"damage":10,"enemies":"Slavers","floor":27,"turns":4},{"damage":10,"enemies":"Snecko","floor":28,"turns":6},{"damage":0,"enemies":"Snake Plant","floor":30,"turns":5},{"damage":0,"enemies":"Collector","floor":33,"turns":9},{"damage":17,"enemies":"3 Shapes","floor":35,"turns":3},{"damage":0,"enemies":"Orb Walker","floor":39,"turns":5},{"damage":0,"enemies":"Nemesis","floor":41,"turns":7},{"damage":39,"enemies":"Transient","floor":44,"turns":5},{"damage":14,"enemies":"2 Orb Walkers","floor":45,"turns":5},{"damage":1,"enemies":"Sphere and 2 Shapes","floor":47,"turns":6},{"damage":15,"enemies":"Donu and Deca","floor":50,"turns":10}],"seed_played":"-2083355408466359584","potions_obtained":[{"floor":3,"key":"SneckoOil"},{"floor":6,"key":"Swift Potion"},{"floor":14,"key":"Swift Potion"},{"floor":16,"key":"FocusPotion"},{"floor":21,"key":"GamblersBrew"},{"floor":23,"key":"Fire Potion"},{"floor":24,"key":"FocusPotion"},{"floor":24,"key":"FocusPotion"},{"floor":24,"key":"Swift Potion"},{"floor":35,"key":"AttackPotion"},{"floor":41,"key":"SneckoOil"},{"floor":47,"key":"Weak Potion"}],"is_trial":false,"path_per_floor":["M","M","M","?","$","E","R","?","T","R","M","R","M","M","R","B",null,"M","M","$","M","M","E","?","R","T","E","M","R","M","?","R","B",null,"M","?","$","?","M","R","E","R","T","M","?","R","M","?","R","B"],"character_chosen":"DEFECT","items_purchased":["Loop","Coolheaded","Glacier"],"campfire_rested":1,"item_purchase_floors":[20,20,37],"current_hp_per_floor":[68,61,60,60,60,41,41,30,30,30,30,30,39,47,47,29,64,68,75,75,75,75,50,50,50,50,49,48,48,57,57,57,66,73,58,58,58,58,67,67,75,75,75,36,31,31,39,39,61,55],"gold":518,"neow_bonus":"THREE_CARDS","is_prod":false,"is_daily":false,"chose_seed":false,"campfire_upgraded":10,"win_rate":0,"timestamp":1540793221,"path_taken":["M","M","M","?","$","E","R","?","T","R","M","R","M","M","R","BOSS","M","M","$","M","M","E","?","R","T","E","?","R","M","?","R","BOSS","M","?","$","?","M","R","E","R","T","M","?","R","?","?","R","BOSS"],"build_version":"2018-10-25v2","purchased_purges":3,"victory":true,"max_hp_per_floor":[75,75,75,75,75,75,75,75,75,75,75,75,75,75,75,75,75,75,75,75,75,75,75,75,75,75,75,75,75,75,75,75,75,75,75,75,75,75,75,75,75,75,75,75,75,75,75,75,75,75],"card_choices":[{"not_picked":["Capacitor","Sweeping Beam"],"picked":"Genetic Algorithm","floor":0},{"not_picked":["Redo","White Noise"],"picked":"Streamline","floor":1},{"not_picked":["Streamline","Barrage"],"picked":"Self Repair","floor":2},{"not_picked":["Coolheaded","Melter"],"picked":"Cold Snap","floor":3},{"not_picked":["Turbo","Glacier"],"picked":"Go for the Eyes","floor":6},{"not_picked":["Coolheaded","Electrodynamics"],"picked":"Turbo","floor":11},{"not_picked":["FTL","Redo"],"picked":"Conserve Battery","floor":13},{"not_picked":["Storm","Steam"],"picked":"Defragment","floor":14},{"not_picked":["All For One","Buffer"],"picked":"Machine Learning","floor":16},{"not_picked":["Reprogram","FTL"],"picked":"Chill","floor":18},{"not_picked":["Hologram","Sweeping Beam"],"picked":"White Noise","floor":19},{"not_picked":["Redo+1","Turbo"],"picked":"Genetic Algorithm","floor":21},{"not_picked":["Hologram","Go for the Eyes"],"picked":"Sweeping Beam+1","floor":22},{"not_picked":["Scrape","Reprogram"],"picked":"Skim","floor":23},{"not_picked":["Rebound","Reprogram"],"picked":"Seek","floor":27},{"not_picked":["Steam+1","Beam Cell+1"],"picked":"Chill","floor":28},{"not_picked":["Barrage+1","Redo+1"],"picked":"Coolheaded+1","floor":30},{"not_picked":["Fission","Meteor Strike"],"picked":"Reboot","floor":33},{"not_picked":["Redo","Storm"],"picked":"Cold Snap+1","floor":35},{"not_picked":["Steam","Streamline+1"],"picked":"Static Discharge+1","floor":39},{"not_picked":["Streamline+1","Barrage+1"],"picked":"Aggregate","floor":41},{"not_picked":["Undo","Leap"],"picked":"Ball Lightning","floor":44},{"not_picked":["Go for the Eyes","Double Energy+1"],"picked":"Force Field+1","floor":45},{"not_picked":["Coolheaded","Rip and Tear"],"picked":"Chaos+1","floor":47}],"player_experience":192529,"relics_obtained":[{"floor":6,"key":"Blood Vial"},{"floor":9,"key":"Letter Opener"},{"floor":23,"key":"PreservedInsect"},{"floor":26,"key":"Happy Flower"},{"floor":27,"key":"Thread and Needle"},{"floor":41,"key":"MawBank"},{"floor":43,"key":"Smiling Mask"},{"floor":45,"key":"Shovel"}],"event_choices":[{"cards_removed":["Strike_B"],"damage_healed":0,"gold_gain":0,"player_choice":"Card Removal","damage_taken":0,"max_hp_gain":0,"max_hp_loss":0,"event_name":"The Cleric","floor":4,"gold_loss":50},{"damage_healed":0,"gold_gain":75,"player_choice":"Gather Gold","damage_taken":11,"max_hp_gain":0,"max_hp_loss":0,"event_name":"World of Goop","floor":8,"gold_loss":0},{"damage_healed":0,"gold_gain":0,"player_choice":"Got Potions","damage_taken":0,"max_hp_gain":0,"max_hp_loss":0,"event_name":"The Lab","floor":24,"gold_loss":0},{"damage_healed":0,"gold_gain":0,"player_choice":"Read","damage_taken":0,"max_hp_gain":0,"max_hp_loss":0,"event_name":"The Library","floor":31,"gold_loss":0,"cards_obtained":["Blizzard"]},{"cards_removed":["Coolheaded"],"damage_healed":0,"gold_gain":0,"player_choice":"Gave Card","damage_taken":0,"relics_obtained":["Oddly Smooth Stone"],"max_hp_gain":0,"max_hp_loss":0,"event_name":"WeMeetAgain","floor":36,"gold_loss":0},{"damage_healed":0,"gold_gain":0,"player_choice":"Ignored","damage_taken":0,"max_hp_gain":0,"max_hp_loss":0,"event_name":"Tomb of Lord Red Mask","floor":38,"gold_loss":0},{"damage_healed":0,"gold_gain":0,"player_choice":"Fight","damage_taken":0,"max_hp_gain":0,"max_hp_loss":0,"event_name":"Mysterious Sphere","floor":45,"gold_loss":0},{"cards_removed":["Sweeping Beam"],"damage_healed":0,"gold_gain":0,"player_choice":"Removed Attack","damage_taken":0,"max_hp_gain":0,"max_hp_loss":0,"event_name":"Falling","floor":48,"gold_loss":0}],"is_beta":true,"boss_relics":[{"not_picked":["Velvet Choker","Black Star"],"picked":"Empty Cage"},{"not_picked":["Orrery","Fusion Hammer"],"picked":"Lizard Tail"}],"items_purged_floors":[5,20,37],"is_endless":false,"potions_floor_spawned":[3,6,14,16,18,21,23,35,41,47],"ascension_level":8}