{"gold_per_floor":[115,115,129,28,46,46,72,72,72,72,98,108,124,140,140,243,243,262,262,262,274,284,314,314,314,314,314,341,45,45,45,45,147,147,164,264,264,118,131,131,131,142,142,142,142,142,17,0,0,0],"floor_reached":51,"playtime":3176,"items_purged":["Strike_B","Strike_B","Hologram"],"score":1060,"play_id":"ec8990c1-3358-4c53-97d3-659decaf1ae1","local_time":"20190620025210","is_ascension_mode":true,"campfire_choices":[{"data":"Zap","floor":6,"key":"SMITH"},{"data":"Defragment","floor":8,"key":"SMITH"},{"data":"Sweeping Beam","floor":10,"key":"SMITH"},{"data":"Turbo","floor":15,"key":"SMITH"},{"data":"Chaos","floor":24,"key":"SMITH"},{"data":"Multi-Cast","floor":27,"key":"SMITH"},{"data":"Capacitor","floor":30,"key":"SMITH"},{"data":"Dualcast","floor":32,"key":"SMITH"},{"data":"Double Energy","floor":40,"key":"SMITH"},{"data":"Coolheaded","floor":44,"key":"SMITH"},{"data":"Coolheaded","floor":45,"key":"SMITH"},{"data":"Lockon","floor":46,"key":"SMITH"},{"floor":49,"key":"REST"}],"neow_cost":"NONE","seed_source_timestamp":666704756462800,"circlet_count":0,"master_deck":["Zap+1","Dualcast+1","Coolheaded+1","Sweeping Beam+1","Ball Lightning","Glacier","Defragment+1","Coolheaded+1","Core Surge","Turbo+1","Capacitor+1","Multi-Cast+1","Defragment+1","Skim+1","White Noise+1","Glacier","Melter+1","Chaos+1","Glacier","Turbo+1","Creative AI","Tempest","Capacitor+1","Lockon+1","Storm","Double Energy+1","Reinforced Body+1"],"relics":["Sozu","Question Card","Gremlin Horn","Happy Flower","Astrolabe","Strawberry","WingedGreaves","DataDisk","Bottled Lightning","Chemical X","Nuclear Battery","Prayer Wheel","Thread and Needle","Red Mask"],"potions_floor_usage":[],"damage_taken":[{"damage":0,"enemies":"Small Slimes","floor":1,"turns":3},{"damage":2,"enemies":"Cultist","floor":3,"turns":5},{"damage":0,"enemies":"2 Louse","floor":5,"turns":2},{"damage":11,"enemies":"Gremlin Nob","floor":7,"turns":5},{"damage":10,"enemies":"3 Sentries","floor":11,"turns":5},{"damage":0,"enemies":"Blue Slaver","floor":12,"turns":3},{"damage":0,"enemies":"Looter","floor":13,"turns":3},{"damage":7,"enemies":"Exordium Wildlife","floor":14,"turns":4},{"damage":5,"enemies":"The Guardian","floor":16,"turns":11},{"damage":9,"enemies":"3 Byrds","floor":18,"turns":3},{"damage":4,"enemies":"Shell Parasite","floor":21,"turns":6},{"damage":0,"enemies":"Snake Plant","floor":22,"turns":4},{"damage":14,"enemies":"Gremlin Leader","floor":23,"turns":7},{"damage":0,"enemies":"Book of Stabbing","floor":28,"turns":5},{"damage":0,"enemies":"Automaton","floor":33,"turns":6},{"damage":0,"enemies":"3 Shapes","floor":35,"turns":4},{"damage":3,"enemies":"Mind Bloom Boss Battle","floor":36,"turns":6},{"damage":17,"enemies":"3 Darklings","floor":39,"turns":4},{"damage":2,"enemies":"Writhing Mass","floor":42,"turns":4},{"damage":57,"enemies":"Time Eater","floor":50,"turns":5}],"seed_played":"-8889799299675919038","potions_obtained":[],"is_trial":false,"path_per_floor":["M","?","M","$","M","R","E","R","T","R","E","M","M","M","R","B",null,"M","?","?","M","M","E","R","T","T","R","E","$","R","?","R","B",null,"M","?","?","$","M","R","$","M","T","R","R","R","$","?","R","B",null],"character_chosen":"DEFECT","items_purchased":["Hologram","Chemical X","Storm","Double Energy"],"campfire_rested":1,"item_purchase_floors":[4,29,38,38],"current_hp_per_floor":[68,68,66,66,66,66,55,55,55,55,45,45,45,38,38,33,65,56,56,42,38,38,31,31,31,31,31,31,31,31,60,60,60,80,80,77,77,77,60,60,60,58,58,58,58,58,58,58,84,27],"gold":0,"neow_bonus":"BOSS_RELIC","is_prod":false,"is_daily":false,"chose_seed":false,"campfire_upgraded":12,"win_rate":0,"timestamp":1561020730,"path_taken":["M","?","M","$","M","R","E","R","T","R","E","?","M","M","R","BOSS","M","?","?","M","M","E","R","?","T","R","E","$","R","?","R","BOSS","M","?","?","$","?","R","$","M","T","R","R","R","$","?","R","BOSS"],"build_version":"2019-06-18","purchased_purges":3,"victory":true,"max_hp_per_floor":[75,75,75,75,75,75,75,75,75,75,75,75,75,75,75,75,75,75,75,80,80,80,87,87,87,87,87,87,87,87,87,87,87,87,87,87,87,87,87,87,87,87,87,87,87,87,87,87,87,87],"card_choices":[{"not_picked":["Storm","Steam"],"picked":"Coolheaded","floor":1},{"not_picked":["Steam","Go for the Eyes"],"picked":"Ball Lightning","floor":3},{"not_picked":["Compile Driver","Coolheaded"],"picked":"Glacier","floor":5},{"not_picked":["Thunder Strike","Barrage"],"picked":"Defragment","floor":7},{"not_picked":["Beam Cell","Leap","Aggregate"],"picked":"Coolheaded","floor":11},{"not_picked":["Cold Snap","Streamline","Fusion"],"picked":"Core Surge","floor":12},{"not_picked":["Fusion","Glacier","Lockon"],"picked":"Turbo","floor":13},{"not_picked":["Beam Cell","Force Field","Go for the Eyes"],"picked":"Capacitor","floor":14},{"not_picked":["Reboot","Core Surge","All For One"],"picked":"Multi-Cast","floor":16},{"not_picked":["Compile Driver","Conserve Battery","Coolheaded"],"picked":"Glacier","floor":18},{"not_picked":["Sunder","Biased Cognition","Conserve Battery+1"],"picked":"Melter+1","floor":21},{"not_picked":["Gash","Beam Cell","Cold Snap"],"picked":"Chaos","floor":22},{"not_picked":["Reinforced Body","All For One","Redo"],"picked":"Glacier","floor":23},{"not_picked":["Stack","Ball Lightning","Hologram"],"picked":"Turbo+1","floor":28},{"not_picked":["Reboot","Core Surge","Meteor Strike"],"picked":"Creative AI","floor":33},{"not_picked":["Double Energy","Storm+1","Skim+1"],"picked":"Tempest","floor":35},{"not_picked":["Beam Cell+1","Redo","Rip and Tear+1"],"picked":"Capacitor+1","floor":36},{"not_picked":["Sunder","Chill+1","Beam Cell+1"],"picked":"Reinforced Body+1","floor":39},{"not_picked":["Coolheaded","Cold Snap+1","Barrage","Beam Cell"],"picked":"SKIP","floor":39},{"not_picked":["Barrage","Seek","Hologram","Sweeping Beam+1"],"picked":"SKIP","floor":42},{"not_picked":["Gash","Cold Snap+1","Skim","Rebound+1"],"picked":"SKIP","floor":42}],"player_experience":303608,"relics_obtained":[{"floor":7,"key":"Question Card"},{"floor":9,"key":"Gremlin Horn"},{"floor":11,"key":"Happy Flower"},{"floor":23,"key":"Strawberry"},{"floor":25,"key":"WingedGreaves"},{"floor":26,"key":"DataDisk"},{"floor":28,"key":"Bottled Lightning"},{"floor":36,"key":"Prayer Wheel"},{"floor":43,"key":"Thread and Needle"}],"event_choices":[{"damage_healed":0,"gold_gain":0,"cards_transformed":["Strike_B"],"player_choice":"Transformed","damage_taken":0,"max_hp_gain":0,"max_hp_loss":0,"event_name":"Transmorgrifier","floor":2,"gold_loss":0,"cards_obtained":["Sweeping Beam"]},{"cards_removed":["Defend_B"],"damage_healed":0,"gold_gain":0,"player_choice":"Elegance","damage_taken":0,"max_hp_gain":0,"max_hp_loss":0,"event_name":"Back to Basics","floor":19,"gold_loss":0},{"damage_healed":0,"gold_gain":0,"player_choice":"Shed Blood","damage_taken":19,"max_hp_gain":5,"max_hp_loss":0,"event_name":"Forgotten Altar","floor":20,"gold_loss":0},{"damage_healed":29,"gold_gain":0,"player_choice":"Heal","damage_taken":0,"max_hp_gain":0,"max_hp_loss":0,"event_name":"The Library","floor":31,"gold_loss":0},{"damage_healed":0,"gold_gain":0,"player_choice":"Fight","damage_taken":0,"max_hp_gain":0,"max_hp_loss":0,"event_name":"MindBloom","floor":36,"gold_loss":0},{"damage_healed":0,"gold_gain":0,"cards_transformed":["Strike_B"],"player_choice":"Transformed","damage_taken":0,"max_hp_gain":0,"max_hp_loss":0,"event_name":"Transmorgrifier","floor":37,"gold_loss":0,"cards_obtained":["Lockon"]},{"damage_healed":0,"gold_gain":0,"player_choice":"Paid","damage_taken":0,"relics_obtained":["Red Mask"],"max_hp_gain":0,"max_hp_loss":0,"event_name":"Tomb of Lord Red Mask","floor":48,"gold_loss":17}],"is_beta":true,"boss_relics":[{"not_picked":["Philosopher\u0027s Stone","Tiny House"],"picked":"Astrolabe"},{"not_picked":["Snecko Eye","Orrery"],"picked":"Nuclear Battery"}],"items_purged_floors":[4,29,47],"is_endless":false,"potions_floor_spawned":[1,5,11,14,16,22,35,36,39,42],"ascension_level":9}