{"gold_per_floor":[112,122,272,32,32,63,63,95,121,121,134,168,178,95,95,173,173,183,202,202,202,202,202,237,272,320,320,336,355,372,388,388,388],"floor_reached":33,"playtime":1449,"items_purged":["Doubt"],"score":627,"play_id":"183fc5bd-3217-4379-90fa-d69aabb65647","local_time":"20190714001905","is_ascension_mode":true,"campfire_choices":[{"data":"Bludgeon","floor":7,"key":"SMITH"},{"floor":15,"key":"REST"},{"data":"Shockwave","floor":23,"key":"SMITH"},{"floor":27,"key":"REST"},{"floor":32,"key":"REST"}],"neow_cost":"NONE","seed_source_timestamp":280720477661366,"circlet_count":0,"master_deck":["AscendersBane","Strike_R","Strike_R","Strike_R","Strike_R+1","Defend_R","Defend_R","Defend_R","Defend_R+1","Bash","Pommel Strike","Clothesline","Bludgeon+1","Headbutt","Power Through","Twin Strike","Shrug It Off","Seeing Red","Exhume","Shockwave+1","Headbutt","Fiend Fire","True Grit","Battle Trance"],"relics":["Burning Blood","NeowsBlessing","Red Skull","Orichalcum","Omamori","WingedGreaves","Cursed Key","Letter Opener","Bird Faced Urn","Frozen Egg 2","Regal Pillow"],"potions_floor_usage":[12,25,25],"damage_taken":[{"damage":0,"enemies":"Cultist","floor":1,"turns":1},{"damage":0,"enemies":"2 Louse","floor":2,"turns":1},{"damage":0,"enemies":"Lagavulin","floor":6,"turns":1},{"damage":42,"enemies":"3 Sentries","floor":8,"turns":8},{"damage":2,"enemies":"Small Slimes","floor":11,"turns":3},{"damage":14,"enemies":"Lagavulin","floor":12,"turns":5},{"damage":4,"enemies":"Exordium Thugs","floor":13,"turns":3},{"damage":31,"enemies":"Hexaghost","floor":16,"turns":8},{"damage":21,"enemies":"Spheric Guardian","floor":18,"turns":4},{"damage":16,"enemies":"Shell Parasite","floor":19,"turns":3},{"damage":14,"enemies":"Slavers","floor":24,"turns":5},{"damage":70,"enemies":"Gremlin Leader","floor":25,"turns":9},{"damage":11,"enemies":"Centurion and Healer","floor":28,"turns":5},{"damage":15,"enemies":"Cultist and Chosen","floor":29,"turns":6},{"damage":3,"enemies":"Chosen and Byrds","floor":30,"turns":3},{"damage":19,"enemies":"Snake Plant","floor":31,"turns":4},{"damage":65,"enemies":"Automaton","floor":33,"turns":6}],"seed_played":"-8081050842408428696","potions_obtained":[{"floor":2,"key":"FearPotion"},{"floor":6,"key":"EssenceOfSteel"},{"floor":13,"key":"LiquidBronze"},{"floor":29,"key":"SteroidPotion"}],"is_trial":false,"path_per_floor":["M","M","?","$","?","E","R","E","T","?","M","E","M","$","R","B",null,"M","M","?","?","?","R","E","E","T","R","M","M","M","M","R","B"],"character_chosen":"IRONCLAD","items_purchased":["Bludgeon","Combust"],"campfire_rested":3,"item_purchase_floors":[4,14],"current_hp_per_floor":[74,75,75,75,52,58,58,22,22,22,26,18,20,20,42,17,61,46,36,15,15,80,80,72,8,8,47,42,33,36,23,62,0],"gold":388,"neow_bonus":"THREE_ENEMY_KILL","is_prod":false,"is_daily":false,"chose_seed":false,"campfire_upgraded":2,"win_rate":0,"timestamp":1563081545,"path_taken":["M","M","?","$","?","E","R","E","T","?","M","E","?","?","R","BOSS","M","M","?","?","?","R","E","E","T","R","M","M","?","M","R","BOSS"],"build_version":"2019-07-05","purchased_purges":1,"victory":false,"max_hp_per_floor":[75,75,75,75,75,75,75,75,75,75,75,75,75,75,75,75,75,75,75,80,80,80,80,80,80,80,80,80,80,80,80,80,80],"card_choices":[{"not_picked":["Havoc","Blood for Blood"],"picked":"Pommel Strike","floor":1},{"not_picked":["Clash","Rage"],"picked":"Clothesline","floor":2},{"not_picked":["Iron Wave","Wild Strike"],"picked":"Headbutt","floor":6},{"not_picked":["Brutality","Pommel Strike"],"picked":"Power Through","floor":8},{"not_picked":["Sever Soul","Blood for Blood"],"picked":"Twin Strike","floor":11},{"not_picked":["True Grit","Sever Soul"],"picked":"Shrug It Off","floor":12},{"not_picked":["Anger","Rupture"],"picked":"Seeing Red","floor":13},{"not_picked":["Dark Embrace","Juggernaut"],"picked":"Exhume","floor":16},{"not_picked":["Rampage","Seeing Red"],"picked":"Shockwave","floor":18},{"not_picked":["Armaments","Shockwave"],"picked":"Headbutt","floor":19},{"not_picked":["Clash","Rage"],"picked":"Fiend Fire","floor":24},{"not_picked":["Pommel Strike","Havoc+1"],"picked":"True Grit","floor":25},{"not_picked":["Sever Soul","Wild Strike","Havoc"],"picked":"SKIP","floor":28},{"not_picked":["Clash","Iron Wave"],"picked":"Battle Trance","floor":29},{"not_picked":["Combust+1","Havoc","Twin Strike"],"picked":"SKIP","floor":30},{"not_picked":["Clothesline","Perfected Strike","Warcry"],"picked":"SKIP","floor":31}],"player_experience":488801,"relics_obtained":[{"floor":6,"key":"Red Skull"},{"floor":8,"key":"Orichalcum"},{"floor":9,"key":"Omamori"},{"floor":12,"key":"WingedGreaves"},{"floor":24,"key":"Bird Faced Urn"},{"floor":25,"key":"Frozen Egg 2"},{"floor":26,"key":"Regal Pillow"}],"event_choices":[{"damage_healed":0,"gold_gain":150,"player_choice":"AGREE","damage_taken":0,"max_hp_gain":0,"max_hp_loss":0,"event_name":"Liars Game","floor":3,"gold_loss":0,"cards_obtained":["Doubt"]},{"damage_healed":0,"gold_gain":0,"player_choice":"Entered Light","damage_taken":23,"max_hp_gain":0,"max_hp_loss":0,"event_name":"Shining Light","floor":5,"gold_loss":0,"cards_upgraded":["Strike_R","Defend_R"]},{"cards_removed":["Strike_R"],"damage_healed":0,"gold_gain":0,"player_choice":"Purged","damage_taken":0,"max_hp_gain":0,"max_hp_loss":0,"event_name":"Purifier","floor":10,"gold_loss":0},{"damage_healed":0,"gold_gain":0,"player_choice":"Shed Blood","damage_taken":26,"max_hp_gain":5,"max_hp_loss":0,"event_name":"Forgotten Altar","floor":20,"gold_loss":0},{"damage_healed":0,"gold_gain":0,"player_choice":"Opened","damage_taken":0,"relics_obtained":["Letter Opener"],"max_hp_gain":0,"max_hp_loss":0,"event_name":"The Mausoleum","floor":21,"gold_loss":0,"cards_obtained":["Writhe"]},{"cards_removed":["Combust"],"damage_healed":65,"gold_gain":0,"player_choice":"Offered Uncommon","damage_taken":0,"max_hp_gain":0,"max_hp_loss":0,"event_name":"Bonfire Elementals","floor":22,"gold_loss":0}],"is_beta":false,"boss_relics":[{"not_picked":["Runic Cube","Fusion Hammer"],"picked":"Cursed Key"}],"items_purged_floors":[4],"is_endless":false,"potions_floor_spawned":[2,6,8,13,16,19,24,29],"killed_by":"Automaton","ascension_level":18}