{"gold_per_floor":[10,29,29,104,28,28,42,42,42,57,57,57,92,103,103,206,206,225,225,238,257,272,272,272],"floor_reached":24,"playtime":1330,"items_purged":[],"score":287,"play_id":"f119b415-0405-4ccb-b72b-962cdfbaec0a","local_time":"20190623165813","is_ascension_mode":true,"campfire_choices":[{"data":"Inflame","floor":6,"key":"SMITH"},{"data":"Bash","floor":8,"key":"SMITH"},{"data":"Fiend Fire","floor":11,"key":"SMITH"},{"floor":15,"key":"REST"},{"floor":23,"key":"REST"}],"neow_cost":"NO_GOLD","seed_source_timestamp":335953472558333,"circlet_count":0,"master_deck":["Strike_R","Strike_R","Strike_R","Strike_R","Defend_R","Defend_R","Defend_R","Defend_R","Bash+1","Dropkick","Battle Trance","Inflame+1","Evolve","Wild Strike","Fiend Fire+1","Decay","Dark Embrace","Armaments","Shrug It Off","Impervious","Burning Pact","Iron Wave","Disarm","Power Through","True Grit","Feel No Pain","Rage","Flame Barrier"],"relics":["Burning Blood","Peace Pipe","Prayer Wheel","Dream Catcher","Fusion Hammer","CultistMask"],"potions_floor_usage":[13,22],"damage_taken":[{"damage":16,"enemies":"Jaw Worm","floor":1,"turns":4},{"damage":5,"enemies":"Small Slimes","floor":2,"turns":3},{"damage":0,"enemies":"2 Louse","floor":7,"turns":3},{"damage":18,"enemies":"Exordium Thugs","floor":10,"turns":4},{"damage":18,"enemies":"3 Sentries","floor":13,"turns":5},{"damage":9,"enemies":"Looter","floor":14,"turns":3},{"damage":29,"enemies":"Slime Boss","floor":16,"turns":7},{"damage":4,"enemies":"Chosen","floor":18,"turns":4},{"damage":25,"enemies":"Shell Parasite","floor":20,"turns":3},{"damage":26,"enemies":"Snake Plant","floor":21,"turns":6},{"damage":15,"enemies":"Cultist and Chosen","floor":22,"turns":6},{"damage":49,"enemies":"3 Cultists","floor":24,"turns":5}],"seed_played":"734730356982213248","potions_obtained":[{"floor":7,"key":"Dexterity Potion"},{"floor":10,"key":"Block Potion"},{"floor":20,"key":"LiquidBronze"}],"is_trial":false,"path_per_floor":["M","M","?","?","$","R","M","R","T","M","R","?","E","M","R","B",null,"M","?","M","M","M","R","M"],"character_chosen":"IRONCLAD","items_purchased":["Inflame"],"campfire_rested":2,"item_purchase_floors":[5],"current_hp_per_floor":[62,63,56,45,45,45,51,51,51,39,39,39,27,24,48,25,66,68,68,49,29,20,44,0],"gold":272,"neow_bonus":"ONE_RARE_RELIC","is_prod":false,"is_daily":false,"chose_seed":false,"campfire_upgraded":3,"win_rate":0,"timestamp":1561327093,"path_taken":["M","M","?","?","$","R","M","R","T","M","R","?","E","?","R","BOSS","M","?","M","?","M","R","M"],"build_version":"2019-01-23","purchased_purges":0,"victory":false,"max_hp_per_floor":[80,80,80,80,80,80,80,80,80,80,80,80,80,80,80,80,80,80,80,80,80,80,80,80],"card_choices":[{"not_picked":["Perfected Strike","Heavy Blade"],"picked":"Dropkick","floor":1},{"not_picked":["Clash","Anger"],"picked":"Battle Trance","floor":2},{"not_picked":["Anger","Battle Trance"],"picked":"Evolve","floor":7},{"not_picked":["Dropkick","Body Slam"],"picked":"Wild Strike","floor":10},{"not_picked":["Thunderclap","Iron Wave"],"picked":"Fiend Fire","floor":10},{"not_picked":["Clash","Dual Wield"],"picked":"Dark Embrace","floor":13},{"not_picked":["Shrug It Off","Cleave"],"picked":"Armaments","floor":14},{"not_picked":["Battle Trance","Clothesline"],"picked":"Shrug It Off","floor":14},{"not_picked":["Immolate","Brutality"],"picked":"Impervious","floor":16},{"not_picked":["Battle Trance","Carnage"],"picked":"Burning Pact","floor":18},{"not_picked":["Pummel","Metallicize"],"picked":"Iron Wave","floor":18},{"not_picked":["Twin Strike+1","True Grit"],"picked":"Disarm","floor":20},{"not_picked":["Whirlwind","Sword Boomerang"],"picked":"Power Through","floor":20},{"not_picked":["Carnage","Havoc"],"picked":"True Grit","floor":21},{"not_picked":["Armaments","Rampage","Sword Boomerang+1"],"picked":"SKIP","floor":21},{"not_picked":["Iron Wave","Thunderclap+1"],"picked":"Feel No Pain","floor":22},{"not_picked":["Cleave","Wild Strike"],"picked":"Rage","floor":22},{"not_picked":["Pommel Strike","Iron Wave"],"picked":"Flame Barrier","floor":23}],"player_experience":374133,"relics_obtained":[{"floor":9,"key":"Prayer Wheel"},{"floor":13,"key":"Dream Catcher"}],"event_choices":[{"cards_removed":["Strike_R"],"damage_healed":0,"gold_gain":0,"player_choice":"Card Removal","damage_taken":7,"max_hp_gain":0,"max_hp_loss":0,"event_name":"Golden Wing","floor":3,"gold_loss":0},{"damage_healed":0,"gold_gain":75,"player_choice":"Gather Gold","damage_taken":11,"max_hp_gain":0,"max_hp_loss":0,"event_name":"World of Goop","floor":4,"gold_loss":0},{"damage_healed":0,"gold_gain":0,"player_choice":"Cursed","damage_taken":0,"max_hp_gain":0,"max_hp_loss":0,"event_name":"Wheel of Change","floor":12,"gold_loss":0,"cards_obtained":["Decay"]},{"damage_healed":0,"gold_gain":0,"player_choice":"Trade","damage_taken":0,"relics_obtained":["CultistMask"],"max_hp_gain":0,"max_hp_loss":0,"event_name":"FaceTrader","floor":19,"gold_loss":0}],"is_beta":false,"boss_relics":[{"not_picked":["Empty Cage","Astrolabe"],"picked":"Fusion Hammer"}],"items_purged_floors":[],"is_endless":false,"potions_floor_spawned":[7,10,20],"killed_by":"3 Cultists","ascension_level":9}