{"gold_per_floor":[114,133,150,163,175,175,201,211,257,275,275,275,130,130,130,233,283,293,293,293,313,328,328,347,347,347,347,360,360,59,71,71,168,168,187,187,287,287,307,307,78,92,164,164,164],"floor_reached":45,"playtime":3155,"items_purged":["Defend_B","Defend_B","Defend_B"],"score":442,"play_id":"f96446cb-4ef5-41a3-b312-442abaaccb85","local_time":"20190613223219","is_ascension_mode":false,"campfire_choices":[{"data":"Self Repair","floor":6,"key":"SMITH"},{"data":"Tempest","floor":12,"key":"SMITH"},{"data":"Loop","floor":15,"key":"SMITH"},{"data":"Double Energy","floor":23,"key":"SMITH"},{"data":"Buffer","floor":25,"key":"SMITH"},{"data":"Zap","floor":27,"key":"SMITH"},{"data":"Dualcast","floor":29,"key":"SMITH"},{"floor":32,"key":"REST"},{"data":"Electrodynamics","floor":40,"key":"SMITH"},{"data":"Turbo","floor":44,"key":"SMITH"}],"neow_cost":"NONE","seed_source_timestamp":132748233487800,"circlet_count":0,"master_deck":["Strike_B","Strike_B","Strike_B","Zap+1","Dualcast+1","Self Repair+1","Turbo+1","Conserve Battery","Glacier","Tempest+1","Compile Driver","Reinforced Body+1","Loop+1","Buffer+1","Capacitor","Ball Lightning+1","Double Energy+1","Defragment+1","Compile Driver+1","Conserve Battery+1","Electrodynamics+1","Ball Lightning+1","Auto Shields+1","Tempest+1","Cold Snap+1","Stack"],"relics":["Cracked Core","Shovel","Smiling Mask","Tiny House","Symbiotic Virus","Cables","Inserter","DataDisk","Meat on the Bone"],"potions_floor_usage":[31,33],"damage_taken":[{"damage":1,"enemies":"Jaw Worm","floor":1,"turns":3},{"damage":5,"enemies":"Small Slimes","floor":2,"turns":3},{"damage":1,"enemies":"Cultist","floor":3,"turns":4},{"damage":20,"enemies":"Gremlin Gang","floor":4,"turns":7},{"damage":7,"enemies":"2 Fungi Beasts","floor":5,"turns":5},{"damage":15,"enemies":"Lagavulin","floor":7,"turns":11},{"damage":0,"enemies":"Large Slime","floor":8,"turns":5},{"damage":9,"enemies":"3 Louse","floor":10,"turns":4},{"damage":6,"enemies":"Slime Boss","floor":16,"turns":10},{"damage":13,"enemies":"Spheric Guardian","floor":18,"turns":6},{"damage":32,"enemies":"2 Thieves","floor":21,"turns":5},{"damage":37,"enemies":"3 Cultists","floor":22,"turns":5},{"damage":21,"enemies":"Centurion and Healer","floor":24,"turns":8},{"damage":0,"enemies":"Snecko","floor":28,"turns":5},{"damage":5,"enemies":"Snake Plant","floor":31,"turns":4},{"damage":11,"enemies":"Champ","floor":33,"turns":8},{"damage":0,"enemies":"3 Shapes","floor":35,"turns":3},{"damage":45,"enemies":"Mind Bloom Boss Battle","floor":37,"turns":6},{"damage":35,"enemies":"3 Darklings","floor":39,"turns":5},{"damage":15,"enemies":"Spire Growth","floor":42,"turns":4},{"damage":44,"enemies":"4 Shapes","floor":45,"turns":3}],"seed_played":"6119168082268911684","potions_obtained":[{"floor":1,"key":"SteroidPotion"},{"floor":4,"key":"Regen Potion"},{"floor":7,"key":"Dexterity Potion"},{"floor":8,"key":"Dexterity Potion"},{"floor":16,"key":"FocusPotion"},{"floor":33,"key":"Ancient Potion"},{"floor":35,"key":"SpeedPotion"}],"is_trial":false,"path_per_floor":["M","M","M","M","M","R","E","M","T","M","?","R","$","?","R","B",null,"M","?","?","M","M","R","M","R","T","R","M","R","$","M","R","B",null,"M","?","?","?","M","R","$","M","T","R","M"],"character_chosen":"DEFECT","items_purchased":["Loop","Cables","DataDisk","Stack"],"campfire_rested":1,"item_purchase_floors":[13,30,41,41],"current_hp_per_floor":[74,75,75,62,62,62,57,67,67,68,68,68,68,35,35,39,80,77,77,77,55,28,28,17,17,17,17,17,17,17,22,46,45,80,80,80,45,45,20,20,20,15,15,15,0],"gold":164,"neow_bonus":"REMOVE_CARD","is_prod":false,"is_daily":false,"chose_seed":false,"campfire_upgraded":9,"win_rate":0,"timestamp":1560486739,"path_taken":["M","M","M","M","M","R","E","M","T","M","?","R","$","?","R","BOSS","M","?","?","M","M","R","?","R","T","R","M","R","$","?","R","BOSS","M","?","?","?","?","R","?","M","T","R","M"],"build_version":"2019-06-12","purchased_purges":3,"victory":false,"max_hp_per_floor":[75,75,75,75,75,75,75,75,75,75,75,75,75,75,75,75,80,80,80,80,80,80,80,80,80,80,80,80,80,80,80,80,80,80,80,80,80,80,80,80,80,80,80,80,80],"card_choices":[{"not_picked":["Conserve Battery","Steam"],"picked":"Self Repair","floor":1},{"not_picked":["Stack","Self Repair"],"picked":"Turbo","floor":2},{"not_picked":["Go for the Eyes","Hologram"],"picked":"Conserve Battery","floor":3},{"not_picked":["Compile Driver","Gash"],"picked":"Glacier","floor":4},{"not_picked":["All For One","Redo","Beam Cell"],"picked":"SKIP","floor":5},{"not_picked":["Undo","Coolheaded"],"picked":"Tempest","floor":7},{"not_picked":["Gash","Chill"],"picked":"Compile Driver","floor":8},{"not_picked":["FTL","Go for the Eyes"],"picked":"Reinforced Body","floor":10},{"not_picked":["Seek","Hyperbeam"],"picked":"Buffer","floor":16},{"not_picked":["Stack","Cold Snap"],"picked":"Capacitor","floor":17},{"not_picked":["Scrape","Redo"],"picked":"Ball Lightning+1","floor":18},{"not_picked":["Streamline","Coolheaded"],"picked":"Defragment+1","floor":21},{"not_picked":["Steam","Gash+1"],"picked":"Compile Driver+1","floor":22},{"not_picked":["Darkness","Coolheaded"],"picked":"Conserve Battery+1","floor":24},{"not_picked":["Streamline","Static Discharge","Multi-Cast"],"picked":"SKIP","floor":28},{"not_picked":["Capacitor","Coolheaded","Cold Snap"],"picked":"SKIP","floor":31},{"not_picked":["Core Surge","Meteor Strike"],"picked":"Electrodynamics","floor":33},{"not_picked":["Gash","Aggregate+1"],"picked":"Ball Lightning+1","floor":35},{"not_picked":["Steam+1","Undo+1"],"picked":"Auto Shields+1","floor":37},{"not_picked":["Glacier","Turbo+1"],"picked":"Cold Snap+1","floor":39},{"not_picked":["Gash+1","Streamline","Scrape+1"],"picked":"SKIP","floor":42}],"player_experience":263404,"relics_obtained":[{"floor":7,"key":"Shovel"},{"floor":26,"key":"Symbiotic Virus"},{"floor":43,"key":"Meat on the Bone"}],"event_choices":[{"cards_removed":["Defend_B"],"damage_healed":0,"gold_gain":0,"player_choice":"Forget","damage_taken":0,"max_hp_gain":0,"max_hp_loss":0,"event_name":"Living Wall","floor":11,"gold_loss":0},{"damage_healed":0,"gold_gain":0,"player_choice":"Success","damage_taken":33,"relics_obtained":["Smiling Mask"],"max_hp_gain":0,"max_hp_loss":0,"event_name":"Scrap Ooze","floor":14,"gold_loss":0},{"damage_healed":0,"gold_gain":0,"player_choice":"Read","damage_taken":0,"max_hp_gain":0,"max_hp_loss":0,"event_name":"The Library","floor":19,"gold_loss":0,"cards_obtained":["Double Energy"]},{"damage_healed":0,"gold_gain":0,"player_choice":"Bought 0 Potions","damage_taken":0,"max_hp_gain":0,"max_hp_loss":0,"event_name":"The Woman in Blue","floor":20,"gold_loss":0},{"damage_healed":0,"gold_gain":0,"player_choice":"Ignored","damage_taken":0,"max_hp_gain":0,"max_hp_loss":0,"event_name":"Tomb of Lord Red Mask","floor":36,"gold_loss":0},{"damage_healed":0,"gold_gain":0,"player_choice":"Fight","damage_taken":0,"max_hp_gain":0,"max_hp_loss":0,"event_name":"MindBloom","floor":37,"gold_loss":0},{"damage_healed":0,"gold_gain":0,"player_choice":"Copied","damage_taken":0,"max_hp_gain":0,"max_hp_loss":0,"event_name":"Duplicator","floor":38,"gold_loss":0,"cards_obtained":["Tempest"]}],"is_beta":true,"boss_relics":[{"not_picked":["Busted Crown","Calling Bell"],"picked":"Tiny House"},{"not_picked":["Runic Dome","Cursed Key"],"picked":"Inserter"}],"items_purged_floors":[13,30,41],"is_endless":false,"potions_floor_spawned":[1,4,7,8,16,18,22,24,28,33,35,39],"killed_by":"4 Shapes","ascension_level":0}