{"gold_per_floor":[111,128,128,2,16,16,34,60,60,75,75,75,105,123,123,228,228,247,247,260,260,19,47,47,47,47,146,96,96,128,141,141,238,238,249,263,263,93,2,2,32,32,32,49,77,0,0,17,17,17],"floor_reached":51,"playtime":4978,"items_purged":["Strike_B","Writhe","Defend_B","Dualcast+1","Auto Shields"],"score":881,"play_id":"9b8e13b5-c700-4695-b5c9-dbf14a1367d5","local_time":"20190802034317","is_ascension_mode":true,"campfire_choices":[{"data":"Zap","floor":6.0,"key":"SMITH"},{"data":"Dualcast","floor":11.0,"key":"SMITH"},{"data":"Turbo","floor":15.0,"key":"SMITH"},{"data":"Reboot","floor":24.0,"key":"SMITH"},{"floor":29.0,"key":"REST"},{"data":"Reboot","floor":32.0,"key":"SMITH"},{"data":"Defragment","floor":40.0,"key":"SMITH"},{"data":"Storm","floor":42,"key":"SMITH"},{"data":"Fission","floor":47,"key":"SMITH"},{"data":"Leap","floor":49,"key":"SMITH"}],"neow_cost":"TEN_PERCENT_HP_LOSS","seed_source_timestamp":1919819349888700,"circlet_count":0,"master_deck":["Defend_B","Defend_B","Zap+1","Ball Lightning","Rip and Tear","Leap+1","Reboot+1","Creative AI","Fission+1","Turbo+1","Echo Form","Reboot+1","Storm+1","Echo Form","Self Repair+1","Leap","Defragment+1","Glacier","Ball Lightning+1","Recycle+1","Force Field+1","Lockon+1"],"special_seed":0,"relics":["Cracked Core","Dodecahedron","Incense Burner","Mango","Snecko Eye","PreservedInsect","Membership Card","Smiling Mask","Enchiridion","Vajra","Ancient Tea Set","Sozu","Thread and Needle","Oddly Smooth Stone","Shuriken","Bottled Lightning","Happy Flower","Red Mask"],"potions_floor_usage":[50,50],"damage_taken":[{"damage":1.0,"enemies":"2 Louse","floor":1.0,"turns":2.0},{"damage":2.0,"enemies":"Jaw Worm","floor":2.0,"turns":3.0},{"damage":0.0,"enemies":"Cultist","floor":5.0,"turns":3.0},{"damage":0.0,"enemies":"2 Fungi Beasts","floor":7.0,"turns":3.0},{"damage":3.0,"enemies":"Lagavulin","floor":8.0,"turns":7.0},{"damage":0.0,"enemies":"Exordium Wildlife","floor":10.0,"turns":3.0},{"damage":11.0,"enemies":"3 Sentries","floor":13.0,"turns":5.0},{"damage":0.0,"enemies":"Looter","floor":14.0,"turns":3.0},{"damage":19.0,"enemies":"Slime Boss","floor":16.0,"turns":8.0},{"damage":2.0,"enemies":"Spheric Guardian","floor":18.0,"turns":4.0},{"damage":22.0,"enemies":"2 Thieves","floor":20.0,"turns":5.0},{"damage":20.0,"enemies":"Gremlin Leader","floor":23.0,"turns":7.0},{"damage":5.0,"enemies":"Book of Stabbing","floor":30.0,"turns":5.0},{"damage":0.0,"enemies":"Snake Plant","floor":31.0,"turns":3.0},{"damage":22.0,"enemies":"Collector","floor":33.0,"turns":8.0},{"damage":8.0,"enemies":"3 Shapes","floor":35.0,"turns":3.0},{"damage":6.0,"enemies":"Orb Walker","floor":36.0,"turns":3.0},{"damage":0,"enemies":"Nemesis","floor":41,"turns":7},{"damage":0,"enemies":"3 Darklings","floor":44,"turns":4},{"damage":0,"enemies":"Giant Head","floor":45,"turns":5},{"damage":0,"enemies":"Transient","floor":48,"turns":5},{"damage":0,"enemies":"Time Eater","floor":50,"turns":7}],"seed_played":"-4642935891365597631","potions_obtained":[{"floor":5.0,"key":"Ancient Potion"},{"floor":8.0,"key":"Block Potion"},{"floor":14.0,"key":"Poison Potion"},{"floor":16.0,"key":"Strength Potion"},{"floor":23.0,"key":"Block Potion"},{"floor":31.0,"key":"EssenceOfSteel"}],"is_trial":false,"path_per_floor":["M","M","?","$","M","R","M","E","T","M","R","?","E","M","R","B",null,"M","?","M","?","$","E","R","?","T","?","$","R","E","M","R","B",null,"M","M","?","$","$","R","E","R","T","M","E","?","R","M","R","B",null],"character_chosen":"DEFECT","items_purchased":["Leap","Membership Card","Oddly Smooth Stone","Leap","Defragment","Glacier"],"campfire_rested":1,"item_purchase_floors":[4,22,38,38,38,39],"current_hp_per_floor":[67,65,65,65,65,65,65,62,62,62,62,55,58,58,58,39,82,80,80,58,58,58,38,38,22,22,22,22,46,41,41,41,19,82,74,68,68,68,68,68,78,78,78,82,82,82,82,82,82,82],"gold":17,"neow_bonus":"REMOVE_TWO","is_prod":false,"is_daily":false,"chose_seed":false,"campfire_upgraded":9,"win_rate":0,"timestamp":1564738997,"path_taken":["M","M","?","$","M","R","M","E","T","M","R","?","E","M","R","BOSS","M","?","?","?","?","E","R","?","T","?","$","R","E","M","R","BOSS","M","M","?","?","$","R","E","R","T","M","E","?","R","M","R","BOSS"],"build_version":"2019-07-18","purchased_purges":5,"victory":true,"max_hp_per_floor":[68,68,68,68,68,68,68,68,68,68,68,68,82,82,82,82,82,82,82,82,82,82,82,82,82,82,82,82,82,82,82,82,82,82,82,82,82,82,82,82,82,82,82,82,82,82,82,82,82,82],"card_choices":[{"not_picked":["Conserve Battery","Turbo"],"picked":"Ball Lightning","floor":1.0},{"not_picked":["Turbo","Heatsinks"],"picked":"Rip and Tear","floor":2.0},{"not_picked":["Redo","Coolheaded"],"picked":"Reboot","floor":5.0},{"not_picked":["Fusion","Gash"],"picked":"Auto Shields","floor":7.0},{"not_picked":["Steam","Aggregate"],"picked":"Creative AI","floor":8.0},{"not_picked":["Hologram","Gash","Redo"],"picked":"SKIP","floor":10.0},{"not_picked":["Ball Lightning","Sweeping Beam"],"picked":"Fission","floor":13.0},{"not_picked":["Go for the Eyes","Leap"],"picked":"Turbo","floor":14.0},{"not_picked":["Buffer","Creative AI"],"picked":"Echo Form","floor":16.0},{"not_picked":["Chill","Stack+1","Reprogram"],"picked":"SKIP","floor":18.0},{"not_picked":["Turbo+1","Steam","Gash"],"picked":"SKIP","floor":20.0},{"not_picked":["Beam Cell","Coolheaded"],"picked":"Storm","floor":23.0},{"not_picked":["Beam Cell","Conserve Battery","Self Repair"],"picked":"SKIP","floor":30.0},{"not_picked":["Gash+1","Coolheaded","Undo"],"picked":"SKIP","floor":31.0},{"not_picked":["Hyperbeam","Rainbow"],"picked":"Echo Form","floor":33.0},{"not_picked":["Hello World+1","Redo+1","Coolheaded+1"],"picked":"SKIP","floor":35.0},{"not_picked":["Go for the Eyes","Turbo"],"picked":"Self Repair+1","floor":36.0},{"not_picked":["Redo+1","Streamline"],"picked":"Ball Lightning+1","floor":41},{"not_picked":["Go for the Eyes+1","Barrage+1"],"picked":"Recycle+1","floor":44},{"not_picked":["Redo+1","Coolheaded"],"picked":"Force Field+1","floor":45},{"not_picked":["Steam+1","Rebound"],"picked":"Lockon+1","floor":48}],"player_experience":48726,"relics_obtained":[{"floor":8.0,"key":"Dodecahedron"},{"floor":9.0,"key":"Incense Burner"},{"floor":13.0,"key":"Mango"},{"floor":23.0,"key":"Smiling Mask"},{"floor":25.0,"key":"Enchiridion"},{"floor":26.0,"key":"Vajra"},{"floor":30.0,"key":"Ancient Tea Set"},{"floor":37.0,"key":"Thread and Needle"},{"floor":41,"key":"Shuriken"},{"floor":43,"key":"Bottled Lightning"},{"floor":45,"key":"Happy Flower"}],"event_choices":[{"cards_removed":["Strike_B"],"damage_healed":0.0,"max_hp_gain":0.0,"max_hp_loss":0.0,"gold_gain":0.0,"event_name":"Living Wall","player_choice":"Forget","floor":3.0,"gold_loss":0.0,"damage_taken":0.0},{"cards_removed":["Defend_B"],"damage_healed":0.0,"max_hp_gain":0.0,"max_hp_loss":0.0,"gold_gain":0.0,"event_name":"Golden Wing","player_choice":"Card Removal","floor":12.0,"gold_loss":0.0,"damage_taken":7.0},{"damage_healed":0.0,"max_hp_gain":0.0,"max_hp_loss":0.0,"gold_gain":0.0,"event_name":"Match and Keep!","player_choice":"1 cards matched","floor":19.0,"gold_loss":0.0,"damage_taken":0.0,"cards_obtained":["Reboot"]},{"damage_healed":0.0,"max_hp_gain":0.0,"max_hp_loss":0.0,"gold_gain":0.0,"event_name":"The Mausoleum","player_choice":"Opened","floor":21.0,"gold_loss":0.0,"damage_taken":0.0,"relics_obtained":["PreservedInsect"],"cards_obtained":["Writhe"]},{"damage_healed":0.0,"max_hp_gain":0.0,"max_hp_loss":0.0,"gold_gain":0.0,"event_name":"Cursed Tome","player_choice":"Obtained Book","floor":25.0,"gold_loss":0.0,"damage_taken":16.0},{"damage_healed":0.0,"max_hp_gain":0.0,"max_hp_loss":0.0,"gold_gain":99.0,"event_name":"Nest","player_choice":"Stole From Cult","floor":27.0,"gold_loss":0.0,"damage_taken":0.0},{"damage_healed":0.0,"max_hp_gain":0.0,"max_hp_loss":0.0,"gold_gain":0.0,"event_name":"Wheel of Change","player_choice":"Relic","floor":37.0,"gold_loss":0.0,"damage_taken":0.0},{"damage_healed":0,"gold_gain":0,"player_choice":"Paid","damage_taken":0,"relics_obtained":["Red Mask"],"max_hp_gain":0,"max_hp_loss":0,"event_name":"Tomb of Lord Red Mask","floor":46,"gold_loss":77}],"is_beta":true,"boss_relics":[{"not_picked":["White Beast Statue","Runic Pyramid"],"picked":"Snecko Eye"},{"not_picked":["Busted Crown","Eternal Feather"],"picked":"Sozu"}],"items_purged_floors":[4,22,28,38,39],"is_endless":false,"potions_floor_spawned":[5,8,14,16,23,31,41,44,45,48],"ascension_level":2}