{"gold_per_floor":[112,187,187,202,202,230,230,249,249,283,283],"floor_reached":11,"playtime":337,"items_purged":[],"score":148,"play_id":"c084cf3b-df42-4039-9d53-1dae5cf99ff0","local_time":"20190616012633","is_ascension_mode":true,"campfire_choices":[{"data":"Rage","floor":7,"key":"SMITH"}],"neow_cost":"NONE","seed_source_timestamp":58827884151683,"circlet_count":0,"master_deck":["Strike_R","Strike_R","Strike_R","Strike_R","Strike_R","Defend_R","Defend_R","Defend_R","Defend_R","Bash","Rage+1","Hemokinesis","Feel No Pain","Shrug It Off","Offering"],"relics":["Burning Blood","NeowsBlessing","Unceasing Top","GremlinMask","Oddly Smooth Stone","Frozen Egg 2","Ice Cream"],"potions_floor_usage":[10],"damage_taken":[{"damage":0,"enemies":"2 Louse","floor":1,"turns":1},{"damage":0,"enemies":"Cultist","floor":4,"turns":1},{"damage":0,"enemies":"Lagavulin","floor":6,"turns":1},{"damage":13,"enemies":"Small Slimes","floor":8,"turns":6},{"damage":44,"enemies":"Gremlin Nob","floor":10,"turns":6},{"damage":31,"enemies":"Exordium Wildlife","floor":11,"turns":4}],"seed_played":"9069763038435694677","potions_obtained":[{"floor":6,"key":"Strength Potion"},{"floor":10,"key":"Ancient Potion"}],"is_trial":false,"path_per_floor":["M","?","?","M","?","E","R","M","T","E","M"],"character_chosen":"IRONCLAD","items_purchased":[],"campfire_rested":0,"item_purchase_floors":[],"current_hp_per_floor":[78,67,64,70,70,76,76,69,69,31,0],"gold":283,"neow_bonus":"THREE_ENEMY_KILL","is_prod":false,"is_daily":false,"chose_seed":false,"campfire_upgraded":1,"win_rate":0,"timestamp":1560666393,"path_taken":["M","?","?","M","?","E","R","?","T","E","?"],"build_version":"2019-01-23","purchased_purges":0,"victory":false,"max_hp_per_floor":[80,80,80,80,80,80,80,80,80,80,80],"card_choices":[{"not_picked":["Sword Boomerang","Ghostly Armor"],"picked":"Rage","floor":1},{"not_picked":["Twin Strike","Havoc"],"picked":"Hemokinesis","floor":4},{"not_picked":["Warcry","Perfected Strike"],"picked":"Feel No Pain","floor":6},{"not_picked":["Uppercut","Bloodletting"],"picked":"Shrug It Off","floor":8},{"not_picked":["Wild Strike","Infernal Blade"],"picked":"Offering","floor":10}],"player_experience":343290,"relics_obtained":[{"floor":6,"key":"Oddly Smooth Stone"},{"floor":9,"key":"Frozen Egg 2"},{"floor":10,"key":"Ice Cream"}],"event_choices":[{"damage_healed":0,"gold_gain":75,"player_choice":"Gather Gold","damage_taken":11,"max_hp_gain":0,"max_hp_loss":0,"event_name":"World of Goop","floor":2,"gold_loss":0},{"damage_healed":0,"gold_gain":0,"player_choice":"Success","damage_taken":3,"relics_obtained":["Unceasing Top"],"max_hp_gain":0,"max_hp_loss":0,"event_name":"Scrap Ooze","floor":3,"gold_loss":0},{"damage_healed":0,"gold_gain":0,"player_choice":"Trade","damage_taken":0,"relics_obtained":["GremlinMask"],"max_hp_gain":0,"max_hp_loss":0,"event_name":"FaceTrader","floor":5,"gold_loss":0}],"is_beta":false,"boss_relics":[],"items_purged_floors":[],"is_endless":false,"potions_floor_spawned":[6,10],"killed_by":"Exordium Wildlife","ascension_level":8}