{"gold_per_floor":[115,115,127,127,151,151,166,166,166,131,149,162,182,182,182,278,278,303,0,0,0,14,14,34,34,34,47,47],"floor_reached":28,"playtime":503,"items_purged":[],"score":424,"play_id":"7e958a7c-8a2c-4138-a94b-7464b2d2b38a","local_time":"20190803225419","is_ascension_mode":true,"campfire_choices":[{"data":"Biased Cognition","floor":6.0,"key":"SMITH"},{"data":"Dualcast","floor":8.0,"key":"SMITH"},{"floor":15.0,"key":"REST"},{"floor":23.0,"key":"REST"},{"floor":25,"key":"REST"}],"neow_cost":"TEN_PERCENT_HP_LOSS","seed_source_timestamp":1045569485326800,"circlet_count":0,"master_deck":["AscendersBane","Strike_B","Strike_B","Defend_B","Defend_B","Defend_B","Zap+1","Dualcast+1","Biased Cognition+1","Gash","Go for the Eyes","Core Surge","Beam Cell","Ball Lightning","Beam Cell","Biased Cognition+1","Loop+1","Machine Learning+1","Redo+1","Self Repair"],"special_seed":0,"relics":["Cracked Core","Golden Idol","Bottled Flame","Astrolabe","Strawberry"],"potions_floor_usage":[24,28],"damage_taken":[{"damage":9.0,"enemies":"Jaw Worm","floor":1.0,"turns":4.0},{"damage":10.0,"enemies":"2 Louse","floor":3.0,"turns":2.0},{"damage":5.0,"enemies":"Small Slimes","floor":5.0,"turns":2.0},{"damage":9.0,"enemies":"Looter","floor":7.0,"turns":3.0},{"damage":2.0,"enemies":"Large Slime","floor":11.0,"turns":5.0},{"damage":18.0,"enemies":"Exordium Thugs","floor":12.0,"turns":3.0},{"damage":1.0,"enemies":"Looter","floor":13.0,"turns":2.0},{"damage":34.0,"enemies":"Hexaghost","floor":16.0,"turns":5.0},{"damage":31.0,"enemies":"2 Thieves","floor":18.0,"turns":3.0},{"damage":6.0,"enemies":"Spheric Guardian","floor":22.0,"turns":3.0},{"damage":7,"enemies":"Cultist and Chosen","floor":24,"turns":4},{"damage":31,"enemies":"Centurion and Healer","floor":27,"turns":5},{"damage":21,"enemies":"Shelled Parasite and Fungi","floor":28,"turns":1}],"seed_played":"-3018171913693807023","potions_obtained":[{"floor":3.0,"key":"Dexterity Potion"},{"floor":5.0,"key":"PowerPotion"},{"floor":12.0,"key":"Poison Potion"},{"floor":16.0,"key":"Ancient Potion"},{"floor":18.0,"key":"LiquidBronze"},{"floor":27,"key":"Ancient Potion"}],"is_trial":false,"path_per_floor":["M","?","M","?","M","R","M","R","T","?","M","M","M","?","R","B",null,"M","?","?","?","M","R","M","R","T","M","M"],"character_chosen":"DEFECT","items_purchased":[],"campfire_rested":3,"item_purchase_floors":[],"current_hp_per_floor":[55,55,45,45,40,40,31,31,31,45,43,25,24,38,55,21,49,18,18,18,18,12,28,21,37,44,13,0],"gold":47,"neow_bonus":"THREE_RARE_CARDS","is_prod":false,"is_daily":false,"chose_seed":false,"campfire_upgraded":2,"win_rate":0,"timestamp":1564865659,"path_taken":["M","?","M","?","M","R","M","R","T","?","M","M","M","?","R","BOSS","M","?","?","?","M","R","M","R","T","M","?"],"build_version":"2019-07-17","purchased_purges":0,"victory":false,"max_hp_per_floor":[64,64,64,58,58,58,58,58,58,58,58,58,58,58,58,58,58,58,58,58,55,55,55,55,55,62,62,62],"card_choices":[{"not_picked":["Electrodynamics","Amplify"],"picked":"Biased Cognition","floor":0.0},{"not_picked":["Stack","Steam"],"picked":"Gash","floor":1.0},{"not_picked":["Beam Cell","Stack"],"picked":"Go for the Eyes","floor":3.0},{"not_picked":["Recycle","Ball Lightning"],"picked":"Core Surge","floor":5.0},{"not_picked":["Go for the Eyes","Coolheaded"],"picked":"Beam Cell","floor":7.0},{"not_picked":["Sweeping Beam","Steam Power"],"picked":"Ball Lightning","floor":11.0},{"not_picked":["Stack","Turbo","Go for the Eyes"],"picked":"SKIP","floor":12.0},{"not_picked":["Cold Snap","Steam"],"picked":"Beam Cell","floor":13.0},{"not_picked":["Steam","Hologram","Rebound"],"picked":"SKIP","floor":18.0},{"not_picked":["Redo","Rebound","Skim"],"picked":"SKIP","floor":22.0},{"not_picked":["Lockon","Steam Power"],"picked":"Redo+1","floor":24},{"not_picked":["Leap","Double Energy"],"picked":"Self Repair","floor":27}],"player_experience":414798,"relics_obtained":[{"floor":9.0,"key":"Bottled Flame"},{"floor":26,"key":"Strawberry"}],"event_choices":[{"damage_healed":0.0,"max_hp_gain":0.0,"max_hp_loss":0.0,"gold_gain":0.0,"event_name":"Living Wall","player_choice":"Grow","floor":2.0,"gold_loss":0.0,"damage_taken":0.0,"cards_upgraded":["Zap"]},{"damage_healed":0.0,"max_hp_gain":0.0,"max_hp_loss":6.0,"gold_gain":0.0,"event_name":"Golden Idol","player_choice":"Lose Max HP","floor":4.0,"gold_loss":0.0,"damage_taken":0.0,"relics_obtained":["Golden Idol"]},{"damage_healed":14.0,"max_hp_gain":0.0,"max_hp_loss":0.0,"gold_gain":0.0,"event_name":"The Cleric","player_choice":"Healed","floor":10.0,"gold_loss":35.0,"damage_taken":0.0},{"damage_healed":14.0,"max_hp_gain":0.0,"max_hp_loss":0.0,"gold_gain":0.0,"event_name":"Mushrooms","player_choice":"Healed and dodged fight","floor":14.0,"gold_loss":0.0,"damage_taken":0.0,"cards_obtained":["Parasite"]},{"damage_healed":0.0,"max_hp_gain":0.0,"max_hp_loss":0.0,"gold_gain":0.0,"event_name":"Masked Bandits","player_choice":"Paid Fearfully","floor":19.0,"gold_loss":303.0,"damage_taken":0.0},{"damage_healed":0.0,"max_hp_gain":0.0,"max_hp_loss":0.0,"gold_gain":0.0,"event_name":"The Mausoleum","player_choice":"Ignored","floor":20.0,"gold_loss":0.0,"damage_taken":0.0},{"cards_removed":["Parasite"],"damage_healed":0.0,"max_hp_gain":0.0,"max_hp_loss":0.0,"gold_gain":0.0,"event_name":"Fountain of Cleansing","player_choice":"Removed Curses","floor":21.0,"gold_loss":0.0,"damage_taken":0.0}],"is_beta":false,"boss_relics":[{"not_picked":["Velvet Choker","Eternal Feather"],"picked":"Astrolabe"}],"items_purged_floors":[],"is_endless":false,"potions_floor_spawned":[3,5,12,16,18,22,27],"killed_by":"Shelled Parasite and Fungi","ascension_level":20}