{"gold_per_floor":[218,236,161,180,190,190,216,216,216,216,216,229,48,123,123,227,227,244,40,50,50,66,66,94,110,187,187,204,221,221,234,234,331,381,392,409,27,40,3,3],"floor_reached":40,"playtime":2320,"items_purged":["Strike_B","Defend_B","Strike_B","Strike_B"],"score":620,"play_id":"06d74f18-3bbc-4994-bdca-3b0449fcfe70","local_time":"20190620015826","is_ascension_mode":true,"campfire_choices":[{"data":"Chaos","floor":6,"key":"SMITH"},{"data":"Static Discharge","floor":8,"key":"SMITH"},{"data":"Zap","floor":11,"key":"SMITH"},{"data":"Dualcast","floor":15,"key":"SMITH"},{"data":"Thunder Strike","floor":23,"key":"SMITH"},{"data":"Self Repair","floor":27,"key":"SMITH"},{"data":"Darkness","floor":30,"key":"SMITH"},{"data":"Auto Shields","floor":32,"key":"SMITH"}],"neow_cost":"NONE","seed_source_timestamp":664345268467000,"circlet_count":0,"master_deck":["Strike_B","Defend_B","Defend_B","Defend_B","Zap+1","Dualcast+1","Steam+1","Chaos+1","Static Discharge+1","White Noise","BootSequence","White Noise","Auto Shields+1","Thunder Strike+1","Leap","Self Repair+1","Leap","Darkness+1","BootSequence+1","Ball Lightning+1","Leap+1","Ball Lightning+1","Static Discharge","Tempest","Self Repair"],"relics":["Cracked Core","Cables","Pantograph","Velvet Choker","Bottled Tornado","Shuriken","Tiny House","Runic Capacitor"],"potions_floor_usage":[29,33,33,33,36,36],"damage_taken":[{"damage":0,"enemies":"Cultist","floor":1,"turns":4},{"damage":5,"enemies":"Small Slimes","floor":2,"turns":4},{"damage":5,"enemies":"2 Louse","floor":4,"turns":3},{"damage":3,"enemies":"2 Fungi Beasts","floor":5,"turns":4},{"damage":31,"enemies":"Lagavulin","floor":7,"turns":8},{"damage":3,"enemies":"Large Slime","floor":12,"turns":5},{"damage":17,"enemies":"Hexaghost","floor":16,"turns":5},{"damage":2,"enemies":"Chosen","floor":18,"turns":4},{"damage":7,"enemies":"Spheric Guardian","floor":20,"turns":4},{"damage":17,"enemies":"Shelled Parasite and Fungi","floor":22,"turns":5},{"damage":13,"enemies":"Book of Stabbing","floor":24,"turns":4},{"damage":13,"enemies":"Cultist and Chosen","floor":25,"turns":4},{"damage":16,"enemies":"Centurion and Healer","floor":28,"turns":6},{"damage":23,"enemies":"Snecko","floor":29,"turns":5},{"damage":8,"enemies":"Snake Plant","floor":31,"turns":4},{"damage":46,"enemies":"Champ","floor":33,"turns":8},{"damage":2,"enemies":"Orb Walker","floor":35,"turns":3},{"damage":9,"enemies":"3 Darklings","floor":36,"turns":5},{"damage":43,"enemies":"Jaw Worm Horde","floor":38,"turns":5},{"damage":56,"enemies":"Reptomancer","floor":40,"turns":2}],"seed_played":"1383104152322765775","potions_obtained":[{"floor":1,"key":"FairyPotion"},{"floor":2,"key":"Poison Potion"},{"floor":5,"key":"Regen Potion"},{"floor":7,"key":"Fire Potion"},{"floor":20,"key":"PowerPotion"},{"floor":24,"key":"FocusPotion"},{"floor":29,"key":"AttackPotion"},{"floor":34,"key":"EssenceOfSteel"},{"floor":35,"key":"Block Potion"},{"floor":36,"key":"Fire Potion"}],"is_trial":false,"path_per_floor":["M","M","$","M","M","R","E","R","T","?","R","M","$","?","R","B",null,"M","$","M","?","M","R","E","M","T","R","M","M","R","M","R","B",null,"M","M","$","M","$","E"],"character_chosen":"DEFECT","items_purchased":["Auto Shields","Self Repair","Static Discharge","Runic Capacitor","Self Repair"],"campfire_rested":0,"item_purchase_floors":[13,19,37,37,39],"current_hp_per_floor":[68,63,63,58,55,55,24,24,24,29,29,26,26,15,15,23,66,64,64,64,49,39,39,33,27,27,27,21,20,20,22,22,11,72,80,81,81,48,48,0],"gold":3,"neow_bonus":"HUNDRED_GOLD","is_prod":false,"is_daily":false,"chose_seed":false,"campfire_upgraded":8,"win_rate":0,"timestamp":1561017506,"path_taken":["M","M","$","?","M","R","E","R","T","?","R","M","$","?","R","BOSS","M","$","M","?","M","R","E","M","T","R","M","M","R","M","R","BOSS","M","M","$","M","$","E"],"build_version":"2019-06-18","purchased_purges":4,"victory":false,"max_hp_per_floor":[75,75,75,75,75,75,75,75,75,80,80,80,80,80,80,80,80,80,80,80,85,85,85,85,85,85,85,85,85,85,85,85,85,90,90,90,90,90,90,90],"card_choices":[{"not_picked":["Reprogram","Compile Driver"],"picked":"Steam","floor":1},{"not_picked":["Storm","Barrage"],"picked":"Chaos","floor":2},{"not_picked":["Heatsinks","BootSequence"],"picked":"Static Discharge","floor":4},{"not_picked":["Gash","BootSequence"],"picked":"White Noise","floor":5},{"not_picked":["Gash","Rebound"],"picked":"BootSequence","floor":7},{"not_picked":["Go for the Eyes","Capacitor"],"picked":"White Noise","floor":12},{"not_picked":["Creative AI","Meteor Strike"],"picked":"Thunder Strike","floor":16},{"not_picked":["Rebound+1","Chill+1"],"picked":"Leap","floor":18},{"not_picked":["Blizzard","Redo"],"picked":"Leap","floor":20},{"not_picked":["Turbo+1","Coolheaded+1"],"picked":"Darkness","floor":22},{"not_picked":["Compile Driver+1","Sweeping Beam"],"picked":"BootSequence+1","floor":24},{"not_picked":["Sweeping Beam","Beam Cell"],"picked":"Ball Lightning+1","floor":25},{"not_picked":["Compile Driver","Creative AI","Steam"],"picked":"SKIP","floor":28},{"not_picked":["Streamline","Beam Cell+1"],"picked":"Leap+1","floor":29},{"not_picked":["Scrape","Sweeping Beam+1","Streamline"],"picked":"SKIP","floor":31},{"not_picked":["Barrage+1","Coolheaded+1"],"picked":"Ball Lightning+1","floor":35},{"not_picked":["Rebound+1","Steam+1","Streamline+1"],"picked":"SKIP","floor":36},{"not_picked":["Leap+1","Gash"],"picked":"Tempest","floor":38}],"player_experience":301288,"relics_obtained":[{"floor":7,"key":"Cables"},{"floor":9,"key":"Pantograph"},{"floor":24,"key":"Bottled Tornado"},{"floor":26,"key":"Shuriken"}],"event_choices":[{"damage_healed":0,"gold_gain":0,"player_choice":"Donut","damage_taken":0,"max_hp_gain":5,"max_hp_loss":0,"event_name":"Big Fish","floor":10,"gold_loss":0},{"damage_healed":0,"gold_gain":75,"player_choice":"Gather Gold","damage_taken":11,"max_hp_gain":0,"max_hp_loss":0,"event_name":"World of Goop","floor":14,"gold_loss":0},{"damage_healed":0,"gold_gain":0,"player_choice":"Shed Blood","damage_taken":20,"max_hp_gain":5,"max_hp_loss":0,"event_name":"Forgotten Altar","floor":21,"gold_loss":0}],"is_beta":true,"boss_relics":[{"not_picked":["White Beast Statue","Ectoplasm"],"picked":"Velvet Choker"},{"not_picked":["Snecko Eye","Cursed Key"],"picked":"Tiny House"}],"items_purged_floors":[3,13,19,37],"is_endless":false,"potions_floor_spawned":[1,2,5,7,20,24,25,29,35,36],"killed_by":"Reptomancer","ascension_level":9}