{"gold_per_floor":[109,109,123,123,123,158,178,178,203,244,257,8,29,45,45,143,143,159,174,224,224],"floor_reached":21,"playtime":498,"items_purged":[],"score":495,"play_id":"ae5bc093-9497-434d-a004-da08c8bc8a78","local_time":"20190719234439","is_ascension_mode":true,"campfire_choices":[{"data":"White Noise","floor":8,"key":"SMITH"},{"floor":15,"key":"REST"}],"neow_cost":"NONE","seed_source_timestamp":501758014997200,"circlet_count":0,"master_deck":["AscendersBane","Strike_B","Strike_B","Strike_B","Strike_B","Defend_B","Defend_B","Defend_B","Defend_B","Zap+1","Dualcast","Go for the Eyes","Ball Lightning","Go for the Eyes","White Noise+1","Gash","Static Discharge","All For One"],"relics":["Cracked Core","NeowsBlessing","Golden Idol","Vajra","Art of War","Dream Catcher","Shuriken","Eternal Feather"],"potions_floor_usage":[10,16,18,19,21],"damage_taken":[{"damage":0,"enemies":"Jaw Worm","floor":1,"turns":1},{"damage":0,"enemies":"Small Slimes","floor":3,"turns":1},{"damage":0,"enemies":"3 Sentries","floor":6,"turns":1},{"damage":1,"enemies":"2 Louse","floor":7,"turns":2},{"damage":0,"enemies":"Gremlin Nob","floor":10,"turns":3},{"damage":15,"enemies":"Lots of Slimes","floor":11,"turns":3},{"damage":9,"enemies":"Looter","floor":13,"turns":3},{"damage":22,"enemies":"Gremlin Gang","floor":14,"turns":4},{"damage":0,"enemies":"Slime Boss","floor":16,"turns":6},{"damage":6,"enemies":"Spheric Guardian","floor":18,"turns":3},{"damage":39,"enemies":"2 Thieves","floor":19,"turns":4},{"damage":19,"enemies":"Snake Plant","floor":21,"turns":2}],"seed_played":"4834433296833852491","potions_obtained":[{"floor":6,"key":"Swift Potion"},{"floor":13,"key":"FearPotion"},{"floor":14,"key":"AttackPotion"},{"floor":16,"key":"SteroidPotion"},{"floor":18,"key":"FearPotion"}],"is_trial":false,"path_per_floor":["M","$","M","?","?","E","M","R","T","E","M","$","M","M","R","B",null,"M","M","?","M"],"character_chosen":"DEFECT","items_purchased":["Shuriken"],"campfire_rested":1,"item_purchase_floors":[12],"current_hp_per_floor":[64,64,64,64,64,64,63,63,63,63,48,48,39,17,36,36,59,53,14,14,0],"gold":224,"neow_bonus":"THREE_ENEMY_KILL","is_prod":false,"is_daily":false,"chose_seed":false,"campfire_upgraded":1,"win_rate":0,"timestamp":1563572679,"path_taken":["M","$","M","?","?","E","M","R","T","E","M","?","?","M","R","BOSS","M","M","?","?"],"build_version":"2019-07-17","purchased_purges":0,"victory":false,"max_hp_per_floor":[71,71,71,71,66,66,66,66,66,66,66,66,66,66,66,66,66,66,66,66,66],"card_choices":[{"not_picked":["Coolheaded","Conserve Battery"],"picked":"Go for the Eyes","floor":1},{"not_picked":["Beam Cell","Melter"],"picked":"Ball Lightning","floor":3},{"not_picked":["Stack","Beam Cell"],"picked":"Go for the Eyes","floor":6},{"not_picked":["Redo","Double Energy"],"picked":"White Noise","floor":7},{"not_picked":["Consume","Leap"],"picked":"Gash","floor":10},{"not_picked":["Consume","Conserve Battery"],"picked":"Static Discharge","floor":11},{"not_picked":["Machine Learning","Barrage","Steam"],"picked":"SKIP","floor":13},{"not_picked":["Stack","Double Energy","Coolheaded"],"picked":"SKIP","floor":14},{"not_picked":["Buffer","Meteor Strike"],"picked":"All For One","floor":16},{"not_picked":["Compile Driver","Steam+1","Coolheaded+1"],"picked":"SKIP","floor":18},{"not_picked":["Barrage","Steam","Sweeping Beam"],"picked":"SKIP","floor":19}],"player_experience":352464,"relics_obtained":[{"floor":6,"key":"Vajra"},{"floor":9,"key":"Art of War"},{"floor":10,"key":"Dream Catcher"}],"event_choices":[{"damage_healed":0,"gold_gain":0,"player_choice":"Grow","damage_taken":0,"max_hp_gain":0,"max_hp_loss":0,"event_name":"Living Wall","floor":4,"gold_loss":0,"cards_upgraded":["Zap"]},{"damage_healed":0,"gold_gain":0,"player_choice":"Lose Max HP","damage_taken":0,"relics_obtained":["Golden Idol"],"max_hp_gain":0,"max_hp_loss":5,"event_name":"Golden Idol","floor":5,"gold_loss":0},{"damage_healed":0,"gold_gain":100,"player_choice":"Bet on Murderer","damage_taken":0,"max_hp_gain":0,"max_hp_loss":0,"event_name":"The Joust","floor":20,"gold_loss":50}],"is_beta":false,"boss_relics":[{"not_picked":["Orrery","Ectoplasm"],"picked":"Eternal Feather"}],"items_purged_floors":[],"is_endless":false,"potions_floor_spawned":[6,13,14,16,18],"killed_by":"Snake Plant","ascension_level":14}