{"gold_per_floor":[117,128,128,5,25,25,53,66,66,66,98,98,129,11,11,114,114,130,90,40,59,74,74,86,86,86,121,121],"floor_reached":28,"playtime":1691,"items_purged":["Strike_R"],"score":344,"play_id":"d4316168-ae06-4997-953a-0b16760c31fe","local_time":"20190524004815","is_ascension_mode":true,"campfire_choices":[{"data":"Corruption","floor":6,"key":"SMITH"},{"data":"Armaments","floor":10,"key":"SMITH"},{"data":"Feed","floor":12,"key":"SMITH"},{"floor":15,"key":"REST"},{"data":"Pummel","floor":23,"key":"SMITH"},{"data":"Flex","floor":25,"key":"SMITH"}],"neow_cost":"NONE","seed_source_timestamp":673827934430133,"circlet_count":0,"master_deck":["Strike_R","Strike_R","Strike_R","Defend_R","Defend_R","Defend_R","Defend_R","Bash","Corruption+1","Armaments+1","True Grit","Clothesline","Sentinel","Pummel+1","Feed+1","Shockwave","Metallicize+1","Limit Break","Flame Barrier+1","Inflame+1","Flex+1","Dropkick","Shrug It Off"],"relics":["Burning Blood","Frozen Egg 2","Kunai","Ancient Tea Set","Red Skull","Sozu","Smiling Mask","FossilizedHelix"],"potions_floor_usage":[11,16,16,22,27],"damage_taken":[{"damage":10,"enemies":"Small Slimes","floor":1,"turns":4},{"damage":6,"enemies":"Cultist","floor":2,"turns":3},{"damage":2,"enemies":"Jaw Worm","floor":5,"turns":6},{"damage":34,"enemies":"Lagavulin","floor":7,"turns":7},{"damage":5,"enemies":"3 Louse","floor":8,"turns":4},{"damage":32,"enemies":"3 Sentries","floor":11,"turns":9},{"damage":19,"enemies":"Gremlin Nob","floor":13,"turns":4},{"damage":40,"enemies":"The Guardian","floor":16,"turns":14},{"damage":23,"enemies":"Chosen","floor":18,"turns":8},{"damage":11,"enemies":"Shell Parasite","floor":21,"turns":8},{"damage":2,"enemies":"Centurion and Healer","floor":22,"turns":7},{"damage":44,"enemies":"Shelled Parasite and Fungi","floor":24,"turns":7},{"damage":22,"enemies":"Book of Stabbing","floor":27,"turns":6},{"damage":50,"enemies":"Masked Bandits","floor":28,"turns":3}],"seed_played":"5570447661718647559","potions_obtained":[{"floor":0,"key":"SmokeBomb"},{"floor":0,"key":"Fire Potion"},{"floor":0,"key":"SpeedPotion"},{"floor":11,"key":"Fruit Juice"},{"floor":16,"key":"EssenceOfSteel"}],"is_trial":false,"path_per_floor":["M","M","?","$","M","R","E","M","T","R","E","R","E","$","R","B",null,"M","$","?","M","M","R","M","R","T","E","?"],"character_chosen":"IRONCLAD","items_purchased":["True Grit","Metallicize+1","PowerPotion","Inflame+1"],"campfire_rested":1,"item_purchase_floors":[4,14,14,19],"current_hp_per_floor":[76,76,76,76,80,80,52,53,53,53,27,27,18,18,43,18,93,80,80,80,79,87,87,53,53,53,41,0],"gold":121,"neow_bonus":"THREE_SMALL_POTIONS","is_prod":false,"is_daily":false,"chose_seed":false,"campfire_upgraded":5,"win_rate":0,"timestamp":1558676895,"path_taken":["M","M","?","$","M","R","E","M","T","R","E","R","E","$","R","BOSS","M","$","?","M","?","R","M","R","T","E","?"],"build_version":"2019-01-23","purchased_purges":1,"victory":false,"max_hp_per_floor":[80,80,80,80,80,80,80,80,80,80,80,80,84,84,84,93,93,97,97,97,101,105,105,109,109,109,113,113],"card_choices":[{"not_picked":["Sword Boomerang","Seeing Red"],"picked":"Corruption","floor":1},{"not_picked":["Pummel","Spot Weakness"],"picked":"Armaments","floor":2},{"not_picked":["Headbutt","Thunderclap"],"picked":"Clothesline","floor":5},{"not_picked":["Havoc","True Grit"],"picked":"Sentinel","floor":7},{"not_picked":["Combust+1","Havoc"],"picked":"Pummel","floor":8},{"not_picked":["Carnage","Armaments"],"picked":"Feed","floor":11},{"not_picked":["Carnage","Body Slam"],"picked":"Shockwave","floor":13},{"not_picked":["Barricade+1","Double Tap"],"picked":"Limit Break","floor":16},{"not_picked":["Thunderclap","Wild Strike"],"picked":"Flame Barrier+1","floor":18},{"not_picked":["Burning Pact","Blood for Blood","Anger"],"picked":"SKIP","floor":21},{"not_picked":["Battle Trance","Bloodletting"],"picked":"Flex","floor":22},{"not_picked":["Thunderclap+1","Cleave+1"],"picked":"Dropkick","floor":24},{"not_picked":["Iron Wave","Clash+1"],"picked":"Shrug It Off","floor":27}],"player_experience":161665,"relics_obtained":[{"floor":7,"key":"Frozen Egg 2"},{"floor":9,"key":"Kunai"},{"floor":11,"key":"Ancient Tea Set"},{"floor":13,"key":"Red Skull"},{"floor":26,"key":"Smiling Mask"},{"floor":27,"key":"FossilizedHelix"}],"event_choices":[{"cards_removed":["Strike_R"],"damage_healed":0,"gold_gain":0,"player_choice":"Card Removal","damage_taken":0,"max_hp_gain":0,"max_hp_loss":0,"event_name":"Wheel of Change","floor":3,"gold_loss":0},{"damage_healed":0,"gold_gain":0,"player_choice":"Bet on Murderer","damage_taken":0,"max_hp_gain":0,"max_hp_loss":0,"event_name":"The Joust","floor":20,"gold_loss":50},{"damage_healed":0,"gold_gain":0,"player_choice":"Fought Bandits","damage_taken":0,"max_hp_gain":0,"max_hp_loss":0,"event_name":"Masked Bandits","floor":28,"gold_loss":0}],"is_beta":false,"boss_relics":[{"not_picked":["Orrery","Coffee Dripper"],"picked":"Sozu"}],"items_purged_floors":[4],"is_endless":false,"potions_floor_spawned":[1,5,11,16,22],"killed_by":"Masked Bandits","ascension_level":3}