{"gold_per_floor":[109,122,122,139,155,155,31,31,31,42,73,50,50,50,50,153,153,168,68,87,87,87,87,87,104,128,128,158,158,168,191,203,314,326,352,381,7,18,38,38,58,58,58,45,45,61,61,73,73,73,73,73,13,46,46],"floor_reached":56,"playtime":2502,"items_purged":["Strike_R","Doubt","Strike_R+1"],"score":1217,"play_id":"d7256cd9-95a9-4a93-bd41-821742092f4a","local_time":"20190721181540","is_ascension_mode":false,"campfire_choices":[{"floor":6.0,"key":"DIG"},{"floor":8.0,"key":"DIG"},{"floor":13.0,"key":"DIG"},{"floor":15.0,"key":"DIG"},{"floor":24.0,"key":"DIG"},{"floor":27.0,"key":"DIG"},{"floor":29.0,"key":"DIG"},{"floor":32.0,"key":"DIG"},{"floor":40,"key":"DIG"},{"floor":42,"key":"DIG"},{"floor":45,"key":"DIG"},{"floor":49,"key":"RECALL"},{"floor":52,"key":"DIG"}],"neow_cost":"CURSE","seed_source_timestamp":0,"circlet_count":0,"master_deck":["Strike_R+1","Strike_R+1","Strike_R+1","Defend_R+1","Defend_R+1","Defend_R+1","Defend_R+1","Bash+1","True Grit+1","Battle Trance+1","Pommel Strike+1","Corruption+1","Clothesline+1","Shockwave+1","Havoc+1","Immolate+1","Shrug It Off+1","Power Through+1","Dark Embrace+1","Armaments+1","Barricade+1","Entrench+1","Carnage+1","Demon Form+1","Bludgeon+1","Metallicize+1","Heavy Blade+1","Shrug It Off+1","Limit Break+1","Dual Wield+1","Evolve","Rampage","Power Through+1"],"special_seed":0,"relics":["Burning Blood","Shovel","Mummified Hand","Vajra","Juzu Bracelet","Bag of Marbles","Strawberry","Bottled Lightning","Sozu","Shuriken","Whetstone","Centennial Puzzle","Ancient Tea Set","Matryoshka","Dream Catcher","MawBank","PreservedInsect","Snecko Eye","Membership Card","Boot","Happy Flower","Art of War","Omamori","Mark of the Bloom","Sundial","Self Forming Clay"],"potions_floor_usage":[],"damage_taken":[{"damage":17.0,"enemies":"Small Slimes","floor":1.0,"turns":4.0},{"damage":9.0,"enemies":"Cultist","floor":2.0,"turns":4.0},{"damage":0.0,"enemies":"2 Louse","floor":4.0,"turns":3.0},{"damage":11.0,"enemies":"Gremlin Gang","floor":5.0,"turns":8.0},{"damage":17.0,"enemies":"Blue Slaver","floor":10.0,"turns":5.0},{"damage":13.0,"enemies":"Gremlin Nob","floor":11.0,"turns":3.0},{"damage":44.0,"enemies":"Slime Boss","floor":16.0,"turns":10.0},{"damage":3.0,"enemies":"Shell Parasite","floor":18.0,"turns":3.0},{"damage":5.0,"enemies":"3 Byrds","floor":20.0,"turns":3.0},{"damage":0.0,"enemies":"Sentry and Sphere","floor":25.0,"turns":3.0},{"damage":14.0,"enemies":"Book of Stabbing","floor":28.0,"turns":5.0},{"damage":2.0,"enemies":"Snecko","floor":30.0,"turns":3.0},{"damage":50.0,"enemies":"Collector","floor":33.0,"turns":8.0},{"damage":7.0,"enemies":"3 Darklings","floor":35.0,"turns":2.0},{"damage":10.0,"enemies":"Orb Walker","floor":36.0,"turns":2.0},{"damage":0,"enemies":"Spire Growth","floor":38,"turns":2},{"damage":4,"enemies":"3 Darklings","floor":39,"turns":2},{"damage":5,"enemies":"Sphere and 2 Shapes","floor":41,"turns":3},{"damage":0,"enemies":"Jaw Worm Horde","floor":46,"turns":2},{"damage":2,"enemies":"Transient","floor":48,"turns":5},{"damage":11,"enemies":"Time Eater","floor":50,"turns":6},{"damage":6,"enemies":"Shield and Spear","floor":54,"turns":3},{"damage":68,"enemies":"The Heart","floor":55,"turns":8}],"seed_played":"3168587207684019","potions_obtained":[{"floor":10.0,"key":"Explosive Potion"},{"floor":11.0,"key":"SteroidPotion"},{"floor":16.0,"key":"Poison Potion"}],"is_trial":false,"path_per_floor":["M","M","?","M","M","R","$","R","T","M","E","$","R","?","R","B",null,"M","$","M","?","?","?","R","M","T","R","E","R","M","T","R","B",null,"M","M","$","M","M","R","M","R","T","$","R","M","?","M","R","B",null,"R","$","E","B",null],"character_chosen":"IRONCLAD","items_purchased":["PowerPotion","Havoc","Membership Card","Demon Form","Bludgeon","Shrug It Off","Evolve","Rampage"],"campfire_rested":0,"item_purchase_floors":[7,12,37,37,37,44,53,53],"current_hp_per_floor":[69,66,66,72,67,67,67,67,67,56,49,49,56,56,56,18,87,87,87,87,87,70,70,70,76,76,76,68,68,72,72,72,28,92,91,87,87,92,92,92,92,92,92,92,92,92,92,90,90,79,79,79,79,73,5],"gold":46,"neow_bonus":"ONE_RARE_RELIC","is_prod":false,"is_daily":false,"chose_seed":false,"campfire_upgraded":0,"win_rate":0,"timestamp":1563750940,"path_taken":["M","M","?","M","M","R","$","R","T","M","E","$","R","?","R","BOSS","M","$","M","?","?","?","R","M","T","R","E","R","M","?","R","BOSS","M","M","$","M","M","R","M","R","T","$","R","M","?","M","R","BOSS","R","$","E","BOSS"],"build_version":"2019-07-17","purchased_purges":3,"victory":true,"max_hp_per_floor":[80,80,80,80,80,80,80,80,80,80,80,80,87,87,87,87,87,87,87,87,87,92,92,92,92,92,92,92,92,92,92,92,92,92,92,92,92,92,92,92,92,92,92,92,92,92,92,92,92,92,92,92,92,92,92],"card_choices":[{"not_picked":["Warcry","Headbutt"],"picked":"True Grit","floor":1.0},{"not_picked":["Dropkick","Feel No Pain"],"picked":"Battle Trance","floor":2.0},{"not_picked":["Armaments","Heavy Blade"],"picked":"Pommel Strike","floor":4.0},{"not_picked":["Hemokinesis","Inflame"],"picked":"Corruption","floor":5.0},{"not_picked":["Perfected Strike","Twin Strike"],"picked":"Clothesline","floor":10.0},{"not_picked":["Armaments","Entrench"],"picked":"Shockwave","floor":11.0},{"not_picked":["Reaper","Berserk"],"picked":"Immolate","floor":16.0},{"not_picked":["Havoc","True Grit"],"picked":"Shrug It Off","floor":18.0},{"not_picked":["Havoc","Body Slam+1"],"picked":"Power Through+1","floor":20.0},{"not_picked":["Seeing Red","Cleave","Warcry+1"],"picked":"SKIP","floor":25.0},{"not_picked":["Evolve","Clash"],"picked":"Armaments","floor":28.0},{"not_picked":["Rampage","Infernal Blade","Hemokinesis"],"picked":"SKIP","floor":30.0},{"not_picked":["Juggernaut","Bludgeon"],"picked":"Barricade","floor":33.0},{"not_picked":["Anger","Perfected Strike+1"],"picked":"Entrench+1","floor":35.0},{"not_picked":["Heavy Blade","True Grit"],"picked":"Carnage+1","floor":36.0},{"not_picked":["Perfected Strike+1","Wild Strike+1","Infernal Blade"],"picked":"SKIP","floor":38},{"not_picked":["Uppercut+1","Armaments"],"picked":"Metallicize","floor":39},{"not_picked":["Iron Wave+1","Cleave"],"picked":"Heavy Blade","floor":41},{"not_picked":["Havoc","Body Slam+1"],"picked":"Limit Break","floor":46},{"not_picked":["Cleave+1","Sentinel+1"],"picked":"Dual Wield+1","floor":48},{"not_picked":["Armaments","Pommel Strike+1"],"picked":"Power Through+1","floor":54}],"player_experience":516991,"relics_obtained":[{"floor":6.0,"key":"Mummified Hand"},{"floor":8.0,"key":"Vajra"},{"floor":9.0,"key":"Juzu Bracelet"},{"floor":11.0,"key":"Bag of Marbles"},{"floor":13.0,"key":"Strawberry"},{"floor":15.0,"key":"Bottled Lightning"},{"floor":24.0,"key":"Shuriken"},{"floor":26.0,"key":"Whetstone"},{"floor":27.0,"key":"Centennial Puzzle"},{"floor":28.0,"key":"Ancient Tea Set"},{"floor":29.0,"key":"Matryoshka"},{"floor":31.0,"key":"Dream Catcher"},{"floor":31.0,"key":"MawBank"},{"floor":32.0,"key":"PreservedInsect"},{"floor":40,"key":"Boot"},{"floor":42,"key":"Happy Flower"},{"floor":43,"key":"Art of War"},{"floor":45,"key":"Omamori"},{"floor":52,"key":"Sundial"},{"floor":54,"key":"Self Forming Clay"}],"event_choices":[{"damage_healed":0.0,"max_hp_gain":0.0,"max_hp_loss":0.0,"gold_gain":0.0,"event_name":"Upgrade Shrine","player_choice":"Upgraded","floor":3.0,"gold_loss":0.0,"damage_taken":0.0,"cards_upgraded":["True Grit"]},{"damage_healed":0.0,"max_hp_gain":0.0,"max_hp_loss":0.0,"gold_gain":0.0,"event_name":"Liars Game","player_choice":"Ignored","floor":14.0,"gold_loss":0.0,"damage_taken":0.0},{"damage_healed":0.0,"max_hp_gain":0.0,"max_hp_loss":0.0,"gold_gain":0.0,"event_name":"Match and Keep!","player_choice":"1 cards matched","floor":21.0,"gold_loss":0.0,"damage_taken":0.0,"cards_obtained":["Dark Embrace"]},{"damage_healed":0.0,"max_hp_gain":5.0,"max_hp_loss":0.0,"gold_gain":0.0,"event_name":"Forgotten Altar","player_choice":"Shed Blood","floor":22.0,"gold_loss":0.0,"damage_taken":22.0},{"damage_healed":0.0,"max_hp_gain":0.0,"max_hp_loss":0.0,"gold_gain":0.0,"event_name":"Back to Basics","player_choice":"Simplicity","floor":23.0,"gold_loss":0.0,"damage_taken":0.0,"cards_upgraded":["Strike_R","Strike_R","Strike_R","Strike_R","Defend_R","Defend_R","Defend_R","Defend_R"]},{"damage_healed":0,"gold_gain":0,"player_choice":"Upgrade","damage_taken":0,"relics_obtained":["Mark of the Bloom"],"max_hp_gain":0,"max_hp_loss":0,"event_name":"MindBloom","floor":47,"gold_loss":0,"cards_upgraded":["Battle Trance","Pommel Strike","Corruption","Clothesline","Shockwave","Havoc","Shrug It Off","Dark Embrace","Armaments","Barricade","Demon Form","Bludgeon","Metallicize","Heavy Blade","Shrug It Off","Limit Break"]}],"is_beta":false,"boss_relics":[{"not_picked":["Tiny House","Ectoplasm"],"picked":"Sozu"},{"not_picked":["Philosopher\u0027s Stone","Runic Cube"],"picked":"Snecko Eye"}],"items_purged_floors":[7,19,37],"is_endless":false,"potions_floor_spawned":[10,11,16,18,25,38,41],"ascension_level":0}