{"gold_per_floor":[113,113,129,129,142,142,173,248,271,346,346,356,356,389,389,389],"floor_reached":16,"playtime":741,"items_purged":[],"score":108,"play_id":"64a61473-b303-4a69-b32d-c8da2cb83dd9","local_time":"20180902185544","is_ascension_mode":false,"campfire_choices":[{"data":"Dualcast","floor":6,"key":"SMITH"},{"data":"Zap","floor":11,"key":"SMITH"},{"data":"Genetic Algorithm","floor":13,"key":"SMITH"},{"data":"Double Energy","floor":15,"key":"SMITH"}],"neow_cost":"","seed_source_timestamp":1566108441181767,"circlet_count":0,"master_deck":["Strike_B","Strike_B","Strike_B+1","Strike_B","Defend_B","Defend_B","Defend_B+1","Defend_B","Zap+1","Dualcast+1","Leap","Conserve Battery","Electrodynamics","Genetic Algorithm+1","Double Energy+1"],"relics":["Cracked Core","Art of War","Boot","Mummified Hand"],"potions_floor_usage":[16,16],"damage_taken":[{"damage":0,"enemies":"Small Slimes","floor":1,"turns":2},{"damage":0,"enemies":"2 Louse","floor":3,"turns":3},{"damage":0,"enemies":"Cultist","floor":5,"turns":3},{"damage":10,"enemies":"3 Sentries","floor":7,"turns":10},{"damage":0,"enemies":"Gremlin Gang","floor":12,"turns":1},{"damage":10,"enemies":"Gremlin Nob","floor":14,"turns":4},{"damage":32,"enemies":"The Guardian","floor":16,"turns":6}],"seed_played":"-647097260660772109","potions_obtained":[{"floor":1,"key":"FairyPotion"},{"floor":7,"key":"LiquidBronze"},{"floor":14,"key":"LiquidBronze"}],"is_trial":false,"path_per_floor":["M","?","M","?","M","R","E","?","T","?","R","M","R","E","R"],"character_chosen":"DEFECT","items_purchased":[],"campfire_rested":0,"item_purchase_floors":[],"current_hp_per_floor":[75,60,60,60,60,60,50,43,43,32,32,32,32,22,22,0],"gold":389,"neow_bonus":"","is_prod":false,"is_daily":false,"chose_seed":false,"campfire_upgraded":4,"win_rate":0.0,"timestamp":1535936144,"path_taken":["M","?","?","?","M","R","E","?","T","?","R","M","R","E","R","BOSS"],"build_version":"2018-08-30","purchased_purges":0,"victory":false,"max_hp_per_floor":[75,75,75,75,75,75,75,75,75,75,75,75,75,75,75,75],"card_choices":[{"not_picked":["Skim","Go for the Eyes","Steam"],"picked":"SKIP","floor":1},{"not_picked":["Scrape","Cold Snap"],"picked":"Leap","floor":3},{"not_picked":["Beam Cell","Glacier"],"picked":"Conserve Battery","floor":5},{"not_picked":["Barrage","Steam"],"picked":"Electrodynamics","floor":7},{"not_picked":["Rip and Tear","Aggregate"],"picked":"Genetic Algorithm","floor":12},{"not_picked":["Chill","Creative AI"],"picked":"Double Energy","floor":14}],"player_experience":60709,"relics_obtained":[{"floor":7,"key":"Art of War"},{"floor":9,"key":"Boot"},{"floor":14,"key":"Mummified Hand"}],"event_choices":[{"event_name":"Shining Light","player_choice":"Entered Light","floor":2,"damage_taken":0},{"event_name":"Liars Game","player_choice":"disagreed","floor":4,"damage_taken":0},{"event_name":"FaceTrader","player_choice":"Touch","floor":8,"damage_taken":0},{"event_name":"World of Goop","player_choice":"Gather Gold","floor":10,"damage_taken":0}],"is_beta":true,"boss_relics":[],"items_purged_floors":[],"is_endless":false,"potions_floor_spawned":[1,7,14],"killed_by":"The Guardian","ascension_level":0}