{"gold_per_floor":[119,119,39,39,59,93,93,134,202,202,236,254,254,275,275,368,368,393,336,359,359],"floor_reached":21,"playtime":1076,"items_purged":[],"score":411,"play_id":"6395241b-5284-4d9f-a303-ca7f850d8b11","local_time":"20190706212129","is_ascension_mode":true,"campfire_choices":[{"data":"Whirlwind","floor":7.0,"key":"SMITH"},{"data":"Searing Blow","floor":10.0,"key":"SMITH"},{"floor":15.0,"key":"REST"}],"neow_cost":"NONE","seed_source_timestamp":717919494036546,"circlet_count":0,"master_deck":["AscendersBane","Bash","Battle Trance","Whirlwind+1","Shrug It Off","Corruption","Searing Blow+1","Pommel Strike","Uppercut","Seeing Red","Fiend Fire","Limit Break","Exhume","Searing Blow","Searing Blow","Berserk","Evolve","Sword Boomerang","Warcry","Havoc+1","Shrug It Off","Iron Wave"],"special_seed":0,"relics":["Burning Blood","NeowsBlessing","Golden Idol","Pen Nib","Nunchaku","Self Forming Clay","Art of War","Pandora\u0027s Box"],"potions_floor_usage":[21],"damage_taken":[{"damage":0.0,"enemies":"Jaw Worm","floor":1.0,"turns":1.0},{"damage":0.0,"enemies":"Small Slimes","floor":5.0,"turns":1.0},{"damage":0.0,"enemies":"Lagavulin","floor":6.0,"turns":1.0},{"damage":17.0,"enemies":"3 Sentries","floor":8.0,"turns":5.0},{"damage":48.0,"enemies":"Lagavulin","floor":11.0,"turns":7.0},{"damage":0.0,"enemies":"2 Louse","floor":12.0,"turns":1.0},{"damage":8.0,"enemies":"Lots of Slimes","floor":14.0,"turns":2.0},{"damage":39,"enemies":"The Guardian","floor":16,"turns":14},{"damage":27,"enemies":"2 Thieves","floor":18,"turns":3},{"damage":16,"enemies":"Spheric Guardian","floor":20,"turns":4},{"damage":28,"enemies":"Centurion and Healer","floor":21,"turns":2}],"seed_played":"-4723898240454161243","potions_obtained":[{"floor":5.0,"key":"EntropicBrew"},{"floor":8.0,"key":"LiquidBronze"},{"floor":11.0,"key":"Energy Potion"},{"floor":12.0,"key":"PowerPotion"}],"is_trial":false,"path_per_floor":["M","?","$","?","M","E","R","E","T","R","E","M","?","M","R","B",null,"M","$","M","M"],"character_chosen":"IRONCLAD","items_purchased":["Whirlwind","Shrug It Off"],"campfire_rested":1,"item_purchase_floors":[3,19],"current_hp_per_floor":[74,79,79,72,72,72,72,61,61,61,19,25,25,23,44,11,57,36,36,26,0],"gold":359,"neow_bonus":"THREE_ENEMY_KILL","is_prod":false,"is_daily":false,"chose_seed":false,"campfire_upgraded":2,"win_rate":0,"timestamp":1562466089,"path_taken":["M","?","$","?","M","E","R","E","T","R","E","M","?","M","R","BOSS","M","$","M","M"],"build_version":"2019-07-05","purchased_purges":0,"victory":false,"max_hp_per_floor":[75,80,80,72,72,72,72,72,72,72,72,72,72,72,72,72,72,72,72,72,72],"card_choices":[{"not_picked":["Anger","Pommel Strike"],"picked":"Battle Trance","floor":1.0},{"not_picked":["Warcry","Armaments"],"picked":"Shrug It Off","floor":5.0},{"not_picked":["Cleave","Reaper"],"picked":"Corruption","floor":6.0},{"not_picked":["Cleave","Dropkick"],"picked":"Searing Blow","floor":8.0},{"not_picked":["Fire Breathing","Pummel","Dual Wield"],"picked":"SKIP","floor":11.0},{"not_picked":["Combust","Flex"],"picked":"Pommel Strike","floor":12.0},{"not_picked":["Sword Boomerang","Cleave"],"picked":"Seeing Red","floor":14.0},{"not_picked":["Berserk","Limit Break"],"picked":"Fiend Fire","floor":16},{"not_picked":["Pommel Strike","Heavy Blade"],"picked":"Havoc+1","floor":18},{"not_picked":["Pommel Strike","Combust"],"picked":"Iron Wave","floor":20}],"player_experience":450399,"relics_obtained":[{"floor":6.0,"key":"Pen Nib"},{"floor":8.0,"key":"Nunchaku"},{"floor":9.0,"key":"Self Forming Clay"},{"floor":11.0,"key":"Art of War"}],"event_choices":[{"damage_healed":0.0,"max_hp_gain":5.0,"max_hp_loss":0.0,"gold_gain":0.0,"event_name":"Big Fish","player_choice":"Donut","floor":2.0,"gold_loss":0.0,"damage_taken":0.0},{"damage_healed":0.0,"max_hp_gain":0.0,"max_hp_loss":8.0,"gold_gain":0.0,"event_name":"Golden Idol","player_choice":"Lose Max HP","floor":4.0,"gold_loss":0.0,"damage_taken":0.0,"relics_obtained":["Golden Idol"]},{"damage_healed":0.0,"max_hp_gain":0.0,"max_hp_loss":0.0,"gold_gain":0.0,"cards_transformed":["Strike_R"],"event_name":"Transmorgrifier","player_choice":"Transformed","floor":13.0,"gold_loss":0.0,"damage_taken":0.0,"cards_obtained":["Uppercut"]}],"is_beta":false,"boss_relics":[{"not_picked":["Orrery","Busted Crown"],"picked":"Pandora\u0027s Box"}],"items_purged_floors":[],"is_endless":false,"potions_floor_spawned":[5,8,11,12,14,20],"killed_by":"Centurion and Healer","ascension_level":17}