{"gold_per_floor":[112,124,49,69,69,69,94,94,94,94,126,126,137,153,153,256,256,256,256,256,211,211,211,211,211,211,211],"floor_reached":27,"playtime":1285,"items_purged":["Strike_B"],"score":293,"play_id":"3e0d80a6-5b19-413b-b22f-431b052d0d93","local_time":"20181017040051","is_ascension_mode":true,"campfire_choices":[{"data":"Dualcast","floor":6,"key":"SMITH"},{"data":"Sweeping Beam","floor":8,"key":"SMITH"},{"data":"Melter","floor":10,"key":"SMITH"},{"data":"Cold Snap","floor":12,"key":"SMITH"},{"data":"Compile Driver","floor":15,"key":"SMITH"},{"data":"Chaos","floor":23,"key":"SMITH"}],"neow_cost":"NONE","seed_source_timestamp":226939505157749,"circlet_count":0,"master_deck":["Strike_B","Strike_B","Strike_B","Defend_B+1","Defend_B","Defend_B+1","Defend_B","Zap+1","Dualcast+1","Melter+1","Sweeping Beam+1","Cold Snap+1","Leap","Compile Driver+1","Electrodynamics","Hologram","BootSequence","Chaos+1","Conserve Battery","Fusion+1"],"relics":["Cracked Core","Blue Candle","Bag of Marbles","Anchor","Ectoplasm","Pocketwatch","Cables","War Paint"],"potions_floor_usage":[20,20,27],"damage_taken":[{"damage":5,"enemies":"2 Louse","floor":1,"turns":2},{"damage":7,"enemies":"Small Slimes","floor":2,"turns":2},{"damage":0,"enemies":"Cultist","floor":4,"turns":2},{"damage":18,"enemies":"Lagavulin","floor":7,"turns":6},{"damage":11,"enemies":"3 Sentries","floor":11,"turns":9},{"damage":0,"enemies":"3 Louse","floor":13,"turns":1},{"damage":0,"enemies":"Exordium Wildlife","floor":14,"turns":3},{"damage":15,"enemies":"Slime Boss","floor":16,"turns":8},{"damage":0,"enemies":"Spheric Guardian","floor":18,"turns":2},{"damage":9,"enemies":"Colosseum Slavers","floor":20,"turns":2},{"damage":30,"enemies":"Colosseum Nobs","floor":20,"turns":4},{"damage":1,"enemies":"2 Thieves","floor":21,"turns":3},{"damage":0,"enemies":"Cultist and Chosen","floor":22,"turns":4},{"damage":8,"enemies":"Snecko","floor":24,"turns":4},{"damage":4,"enemies":"Centurion and Healer","floor":25,"turns":5},{"damage":17,"enemies":"Slavers","floor":27,"turns":2}],"seed_played":"8208331229975566403","potions_obtained":[{"floor":1,"key":"SkillPotion"},{"floor":11,"key":"Explosive Potion"},{"floor":14,"key":"GamblersBrew"},{"floor":16,"key":"EssenceOfSteel"},{"floor":22,"key":"Ancient Potion"},{"floor":25,"key":"Swift Potion"}],"is_trial":false,"path_per_floor":["M","M","$","M","?","R","E","R","T","R","E","R","M","M","R","B",null,"M","?","?","M","M","R","M","M","T"],"character_chosen":"DEFECT","items_purchased":[],"campfire_rested":0,"item_purchase_floors":[],"current_hp_per_floor":[63,56,56,56,61,61,43,43,43,43,32,32,32,32,32,17,64,64,64,25,24,24,24,16,12,12,0],"gold":211,"neow_bonus":"UPGRADE_CARD","is_prod":false,"is_daily":false,"chose_seed":false,"campfire_upgraded":6,"win_rate":0,"timestamp":1539770451,"path_taken":["M","M","$","M","?","R","E","R","T","R","E","R","?","M","R","BOSS","M","?","?","M","M","R","M","M","T","E"],"build_version":"2018-10-15v2","purchased_purges":1,"victory":false,"max_hp_per_floor":[75,75,75,75,80,80,80,80,80,80,80,80,80,80,80,80,80,80,80,80,80,80,80,80,80,80,80],"card_choices":[{"not_picked":["Consume","Hello World"],"picked":"Melter","floor":1},{"not_picked":["Fusion","Redo"],"picked":"Sweeping Beam","floor":2},{"not_picked":["Beam Cell","Sweeping Beam"],"picked":"Cold Snap","floor":4},{"not_picked":["Coolheaded","Streamline"],"picked":"Leap","floor":7},{"not_picked":["All For One","Coolheaded"],"picked":"Compile Driver","floor":11},{"not_picked":["Heatsinks","Coolheaded","Sunder"],"picked":"SKIP","floor":13},{"not_picked":["Skim","Consume","Redo"],"picked":"SKIP","floor":14},{"not_picked":["Thunder Strike","Multi-Cast"],"picked":"Electrodynamics","floor":16},{"not_picked":["Go for the Eyes","Streamline"],"picked":"Hologram","floor":18},{"not_picked":["Rebound","Compile Driver"],"picked":"BootSequence","floor":20},{"not_picked":["Melter","Sweeping Beam","Compile Driver"],"picked":"SKIP","floor":21},{"not_picked":["Cold Snap","Steam"],"picked":"Chaos","floor":22},{"not_picked":["Turbo","Redo"],"picked":"Conserve Battery","floor":24},{"not_picked":["Hologram+1","Turbo"],"picked":"Fusion+1","floor":25}],"player_experience":111029,"relics_obtained":[{"floor":7,"key":"Blue Candle"},{"floor":9,"key":"Bag of Marbles"},{"floor":11,"key":"Anchor"},{"floor":20,"key":"Pocketwatch"},{"floor":20,"key":"Cables"},{"floor":26,"key":"War Paint"}],"event_choices":[{"event_name":"Big Fish","player_choice":"Donut","floor":5,"damage_taken":0},{"event_name":"Ghosts","player_choice":"Ignored","floor":19,"damage_taken":0},{"event_name":"Colosseum","player_choice":"Fight","floor":20,"damage_taken":0},{"event_name":"Colosseum","player_choice":"Fought Nobs","floor":20,"damage_taken":0}],"is_beta":true,"boss_relics":[{"not_picked":["Black Star","Tiny House"],"picked":"Ectoplasm"}],"items_purged_floors":[3],"is_endless":false,"potions_floor_spawned":[1,11,14,16,20,22,25],"killed_by":"Slavers","ascension_level":6}