{"gold_per_floor":[117,42,42,61,61,61,95,112,112,112,112,33,33,52,52,125,125,138,148,166,166,25,25,25],"floor_reached":24,"playtime":836,"items_purged":["Strike_R"],"score":416,"play_id":"ce04eeb8-308d-49c3-9118-4f4a6acebd29","local_time":"20190714151618","is_ascension_mode":true,"campfire_choices":[{"data":"Disarm","floor":6,"key":"SMITH"},{"data":"Burning Pact","floor":10,"key":"SMITH"},{"data":"Sword Boomerang","floor":13,"key":"SMITH"},{"data":"Inflame","floor":15,"key":"SMITH"},{"data":"Whirlwind","floor":23,"key":"SMITH"}],"neow_cost":"NONE","seed_source_timestamp":335166878131211,"circlet_count":0,"master_deck":["AscendersBane","Strike_R","Strike_R","Strike_R+1","Defend_R","Defend_R","Defend_R+1","Defend_R","Bash","Disarm+1","Sword Boomerang+1","Anger","Burning Pact+1","Inflame+1","True Grit","Limit Break","Shrug It Off","J.A.X.","Whirlwind+1","Flex"],"relics":["Burning Blood","NeowsBlessing","Mango","Pocketwatch","Nunchaku","Busted Crown"],"potions_floor_usage":[24],"damage_taken":[{"damage":0,"enemies":"Cultist","floor":1,"turns":1},{"damage":0,"enemies":"2 Louse","floor":4,"turns":1},{"damage":0,"enemies":"Gremlin Nob","floor":7,"turns":1},{"damage":7,"enemies":"Small Slimes","floor":8,"turns":3},{"damage":0,"enemies":"2 Fungi Beasts","floor":14,"turns":3},{"damage":11,"enemies":"Hexaghost","floor":16,"turns":11},{"damage":3,"enemies":"Spheric Guardian","floor":18,"turns":3},{"damage":24,"enemies":"2 Thieves","floor":19,"turns":4},{"damage":26,"enemies":"Snake Plant","floor":20,"turns":5},{"damage":49,"enemies":"Slavers","floor":24,"turns":2}],"seed_played":"-1186701884006212866","potions_obtained":[{"floor":1,"key":"LiquidBronze"},{"floor":7,"key":"Swift Potion"},{"floor":14,"key":"PowerPotion"}],"is_trial":false,"path_per_floor":["M","$","?","M","?","R","E","M","T","R","?","$","R","M","R","B",null,"M","M","M","?","$","R","E"],"character_chosen":"IRONCLAD","items_purchased":["Inflame","Whirlwind","Flex"],"campfire_rested":0,"item_purchase_floors":[12,22,22],"current_hp_per_floor":[74,74,51,57,45,45,51,50,50,50,50,50,50,56,56,51,80,83,65,45,45,45,45,0],"gold":25,"neow_bonus":"THREE_ENEMY_KILL","is_prod":false,"is_daily":false,"chose_seed":false,"campfire_upgraded":5,"win_rate":0,"timestamp":1563135378,"path_taken":["M","?","?","M","?","R","E","M","T","R","?","$","R","?","R","BOSS","M","?","M","?","$","R","E"],"build_version":"2019-07-05","purchased_purges":1,"victory":false,"max_hp_per_floor":[75,75,75,75,89,89,89,89,89,89,89,89,89,89,89,89,89,89,89,89,89,89,89,89],"card_choices":[{"not_picked":["Disarm","Armaments","Sword Boomerang"],"picked":"SKIP","floor":1},{"not_picked":["Armaments","Sword Boomerang"],"picked":"Disarm","floor":1},{"not_picked":["Warcry","Twin Strike"],"picked":"Sword Boomerang","floor":4},{"not_picked":["Juggernaut","Flex"],"picked":"Anger","floor":7},{"not_picked":["Warcry","Armaments"],"picked":"Burning Pact","floor":8},{"not_picked":["Pommel Strike","Havoc"],"picked":"True Grit","floor":14},{"not_picked":["Juggernaut","Demon Form"],"picked":"Limit Break","floor":16},{"not_picked":["Searing Blow"],"picked":"SKIP","floor":18},{"not_picked":[],"picked":"Shrug It Off","floor":19},{"not_picked":["Rupture"],"picked":"SKIP","floor":20}],"player_experience":490580,"relics_obtained":[{"floor":7,"key":"Pocketwatch"},{"floor":9,"key":"Nunchaku"}],"event_choices":[{"damage_healed":0,"gold_gain":0,"player_choice":"Entered Light","damage_taken":23,"max_hp_gain":0,"max_hp_loss":0,"event_name":"Shining Light","floor":3,"gold_loss":0,"cards_upgraded":["Strike_R","Defend_R"]},{"damage_healed":0,"gold_gain":0,"player_choice":"Success","damage_taken":26,"relics_obtained":["Mango"],"max_hp_gain":0,"max_hp_loss":0,"event_name":"Scrap Ooze","floor":5,"gold_loss":0},{"cards_removed":["Strike_R"],"damage_healed":0,"gold_gain":0,"player_choice":"Offered Basic","damage_taken":0,"max_hp_gain":0,"max_hp_loss":0,"event_name":"Bonfire Elementals","floor":11,"gold_loss":0},{"damage_healed":0,"gold_gain":0,"player_choice":"Obtain J.A.X.","damage_taken":0,"max_hp_gain":0,"max_hp_loss":0,"event_name":"Drug Dealer","floor":21,"gold_loss":0,"cards_obtained":["J.A.X."]}],"is_beta":false,"boss_relics":[{"not_picked":["Pandora\u0027s Box","Velvet Choker"],"picked":"Busted Crown"}],"items_purged_floors":[2],"is_endless":false,"potions_floor_spawned":[1,7,14,18,20],"killed_by":"Slavers","ascension_level":18}