{"gold_per_floor":[114,130,144,155,11,11,41,41,41,41,56,56,6,16,16,116,116,130,130],"floor_reached":19,"playtime":815,"items_purged":[],"score":245,"play_id":"62509bd9-6f98-47a8-8164-8d48c072f01a","local_time":"20190622102142","is_ascension_mode":true,"campfire_choices":[{"data":"Bash","floor":6,"key":"SMITH"},{"floor":8,"key":"REST"},{"data":"Metallicize","floor":12,"key":"SMITH"},{"floor":15,"key":"REST"}],"neow_cost":"NONE","seed_source_timestamp":226274003521274,"circlet_count":0,"master_deck":["Strike_R","Strike_R","Strike_R","Strike_R","Strike_R","Defend_R","Defend_R","Defend_R","Defend_R","Bash+1","True Grit","Battle Trance","Spot Weakness","Clothesline+1","Shrug It Off","Metallicize+1","Inflame","Demon Form","Anger+1"],"relics":["Burning Blood","NeowsBlessing","Omamori","Bag of Preparation","Strawberry","Black Star"],"potions_floor_usage":[7,11,14,18],"damage_taken":[{"damage":0,"enemies":"Jaw Worm","floor":1,"turns":1},{"damage":0,"enemies":"Cultist","floor":2,"turns":1},{"damage":0,"enemies":"Small Slimes","floor":3,"turns":1},{"damage":49,"enemies":"Exordium Thugs","floor":4,"turns":6},{"damage":24,"enemies":"Lagavulin","floor":7,"turns":7},{"damage":0,"enemies":"2 Fungi Beasts","floor":11,"turns":2},{"damage":6,"enemies":"Lots of Slimes","floor":14,"turns":5},{"damage":49,"enemies":"Hexaghost","floor":16,"turns":12},{"damage":50,"enemies":"Spheric Guardian","floor":18,"turns":8},{"damage":31,"enemies":"Shell Parasite","floor":19,"turns":5}],"seed_played":"-9056690363511649963","potions_obtained":[{"floor":3,"key":"Strength Potion"},{"floor":4,"key":"Explosive Potion"},{"floor":11,"key":"SteroidPotion"},{"floor":16,"key":"PowerPotion"},{"floor":18,"key":"EssenceOfSteel"}],"is_trial":false,"path_per_floor":["M","M","M","M","$","R","E","R","T","?","M","R","$","M","R","B",null,"M","M"],"character_chosen":"IRONCLAD","items_purchased":["Omamori","AttackPotion"],"campfire_rested":2,"item_purchase_floors":[5,13],"current_hp_per_floor":[78,80,80,37,37,37,19,43,50,50,56,56,56,56,82,39,75,31,0],"gold":130,"neow_bonus":"THREE_ENEMY_KILL","is_prod":false,"is_daily":false,"chose_seed":false,"campfire_upgraded":2,"win_rate":0,"timestamp":1561216902,"path_taken":["M","M","M","M","$","R","E","R","T","?","M","R","$","?","R","BOSS","M","M"],"build_version":"2019-01-23","purchased_purges":0,"victory":false,"max_hp_per_floor":[80,80,80,80,80,80,80,80,87,87,87,87,87,87,87,87,87,87,87],"card_choices":[{"not_picked":["Armaments","Headbutt"],"picked":"True Grit","floor":1},{"not_picked":["Power Through","Rage"],"picked":"Battle Trance","floor":2},{"not_picked":["Combust","Disarm"],"picked":"Spot Weakness","floor":3},{"not_picked":["Havoc","Entrench"],"picked":"Clothesline","floor":4},{"not_picked":["Rupture","Rage"],"picked":"Shrug It Off","floor":7},{"not_picked":["Juggernaut","Dual Wield"],"picked":"Metallicize","floor":11},{"not_picked":["Twin Strike","Shrug It Off"],"picked":"Inflame","floor":14},{"not_picked":["Offering","Exhume"],"picked":"Demon Form","floor":16},{"not_picked":["Sword Boomerang","Twin Strike+1"],"picked":"Anger+1","floor":18}],"player_experience":363457,"relics_obtained":[{"floor":7,"key":"Bag of Preparation"},{"floor":9,"key":"Strawberry"}],"event_choices":[{"damage_healed":0,"gold_gain":0,"player_choice":"Upgraded","damage_taken":0,"max_hp_gain":0,"max_hp_loss":0,"event_name":"Upgrade Shrine","floor":10,"gold_loss":0,"cards_upgraded":["Clothesline"]}],"is_beta":false,"boss_relics":[{"not_picked":["Tiny House","Velvet Choker"],"picked":"Black Star"}],"items_purged_floors":[],"is_endless":false,"potions_floor_spawned":[3,4,11,16,18],"killed_by":"Shell Parasite","ascension_level":9}