{"gold_per_floor":[110,18,37,37,37,62,62,62,62,62,81,99,127,139,151,238,250,279,291,319,349,378,425,437,475,487,499,536,463,475,7,7,7],"floor_reached":33,"playtime":1423,"items_purged":["Strike_R"],"score":655,"play_id":"bf4b9fa7-7ffa-4232-8086-3098b7bb70a3","local_time":"20190726213446","is_ascension_mode":true,"campfire_choices":[{"data":"Whirlwind","floor":7,"key":"SMITH"},{"data":"Carnage","floor":10,"key":"SMITH"},{"data":"True Grit","floor":15,"key":"SMITH"},{"data":"Double Tap","floor":24,"key":"SMITH"},{"data":"Disarm","floor":27,"key":"SMITH"},{"data":"Body Slam","floor":30,"key":"SMITH"},{"floor":32,"key":"REST"}],"neow_cost":"NONE","seed_source_timestamp":351882819692982,"circlet_count":0,"master_deck":["AscendersBane","Strike_R","Strike_R","Strike_R","Defend_R","Defend_R+1","Defend_R","Defend_R","Bash","Carnage+1","Whirlwind+1","True Grit+1","Battle Trance","Impervious","Spot Weakness","Impervious+1","Double Tap+1","Whirlwind","Spot Weakness","Spot Weakness","Body Slam+1","Disarm+1","Parasite","Blind"],"relics":["Burning Blood","NeowsBlessing","Blue Candle","Juzu Bracelet","Happy Flower","MawBank","Cursed Key","WingedGreaves","Anchor","Red Skull","War Paint","Pen Nib","Dead Branch"],"potions_floor_usage":[16,16,22,23,28,33],"damage_taken":[{"damage":0,"enemies":"Jaw Worm","floor":1,"turns":1},{"damage":0,"enemies":"Cultist","floor":3,"turns":1},{"damage":0,"enemies":"Gremlin Nob","floor":6,"turns":1},{"damage":0,"enemies":"Small Slimes","floor":11,"turns":2},{"damage":8,"enemies":"3 Louse","floor":12,"turns":3},{"damage":15,"enemies":"3 Sentries","floor":13,"turns":8},{"damage":12,"enemies":"Slime Boss","floor":16,"turns":8},{"damage":0,"enemies":"Chosen","floor":18,"turns":3},{"damage":0,"enemies":"3 Byrds","floor":20,"turns":4},{"damage":0,"enemies":"3 Cultists","floor":21,"turns":3},{"damage":6,"enemies":"Sentry and Sphere","floor":22,"turns":3},{"damage":12,"enemies":"Gremlin Leader","floor":23,"turns":6},{"damage":17,"enemies":"Slavers","floor":25,"turns":4},{"damage":45,"enemies":"Book of Stabbing","floor":28,"turns":5},{"damage":74,"enemies":"Champ","floor":33,"turns":7}],"seed_played":"-1297704163337918999","potions_obtained":[{"floor":6,"key":"Explosive Potion"},{"floor":11,"key":"FearPotion"},{"floor":18,"key":"Explosive Potion"},{"floor":20,"key":"Swift Potion"},{"floor":23,"key":"Explosive Potion"},{"floor":25,"key":"Regen Potion"}],"is_trial":false,"path_per_floor":["M","$","M","$","?","E","R","?","T","R","M","M","E","$","R","B",null,"M","?","M","M","M","E","R","E","T","R","E","?","R","$","R","B"],"character_chosen":"IRONCLAD","items_purchased":["Whirlwind","True Grit","Dead Branch","Blind"],"campfire_rested":1,"item_purchase_floors":[2,2,31,31],"current_hp_per_floor":[74,74,75,75,75,75,75,70,70,70,75,73,64,64,64,58,71,75,75,75,75,75,69,69,58,58,58,33,33,33,33,55,0],"gold":7,"neow_bonus":"THREE_ENEMY_KILL","is_prod":false,"is_daily":false,"chose_seed":false,"campfire_upgraded":6,"win_rate":0,"timestamp":1564194886,"path_taken":["M","$","M","$","?","E","R","?","T","R","M","M","E","?","R","BOSS","M","?","M","M","M","E","R","E","T","R","E","?","R","$","R","BOSS"],"build_version":"2019-07-17","purchased_purges":1,"victory":false,"max_hp_per_floor":[75,75,75,75,75,75,75,75,75,75,75,75,75,75,75,75,75,75,75,75,75,75,75,75,75,75,75,75,75,75,75,75,75],"card_choices":[{"not_picked":["Pommel Strike","Thunderclap"],"picked":"Carnage","floor":1},{"not_picked":["Armaments","Rage"],"picked":"Battle Trance","floor":3},{"not_picked":["Perfected Strike","Rupture","Second Wind"],"picked":"SKIP","floor":6},{"not_picked":["Wild Strike","Body Slam"],"picked":"Impervious","floor":11},{"not_picked":["Headbutt","Perfected Strike"],"picked":"Spot Weakness","floor":12},{"not_picked":["Exhume","Thunderclap"],"picked":"Impervious","floor":13},{"not_picked":["Fiend Fire","Demon Form"],"picked":"Double Tap","floor":16},{"not_picked":["Second Wind","Thunderclap","Havoc"],"picked":"SKIP","floor":18},{"not_picked":["Whirlwind","Havoc","Twin Strike"],"picked":"SKIP","floor":20},{"not_picked":["Battle Trance","Flex"],"picked":"Spot Weakness","floor":21},{"not_picked":["Anger","Wild Strike+1"],"picked":"Spot Weakness","floor":22},{"not_picked":["Metallicize+1","Blood for Blood"],"picked":"Body Slam","floor":23},{"not_picked":["Clothesline","Sentinel"],"picked":"Disarm","floor":25},{"not_picked":["Dark Embrace","Wild Strike","Clothesline+1"],"picked":"SKIP","floor":28}],"player_experience":536962,"relics_obtained":[{"floor":6,"key":"Blue Candle"},{"floor":9,"key":"Happy Flower"},{"floor":13,"key":"MawBank"},{"floor":23,"key":"WingedGreaves"},{"floor":25,"key":"Anchor"},{"floor":26,"key":"Red Skull"},{"floor":28,"key":"War Paint"}],"event_choices":[{"damage_healed":0,"gold_gain":0,"player_choice":"Ignored","damage_taken":0,"max_hp_gain":0,"max_hp_loss":0,"event_name":"Liars Game","floor":5,"gold_loss":0},{"damage_healed":0,"gold_gain":0,"player_choice":"Success","damage_taken":5,"relics_obtained":["Juzu Bracelet"],"max_hp_gain":0,"max_hp_loss":0,"event_name":"Scrap Ooze","floor":8,"gold_loss":0},{"damage_healed":0,"gold_gain":0,"cards_transformed":["Strike_R"],"player_choice":"Transformed","damage_taken":0,"max_hp_gain":0,"max_hp_loss":0,"event_name":"Transmorgrifier","floor":19,"gold_loss":0,"cards_obtained":["Whirlwind"]},{"damage_healed":0,"gold_gain":0,"player_choice":"Obtained Relic","damage_taken":0,"relics_obtained":["Pen Nib"],"max_hp_gain":0,"max_hp_loss":0,"event_name":"Addict","floor":29,"gold_loss":85}],"is_beta":false,"boss_relics":[{"not_picked":["Black Star","Velvet Choker"],"picked":"Cursed Key"}],"items_purged_floors":[31],"is_endless":false,"potions_floor_spawned":[6,11,12,18,20,23,25],"killed_by":"Champ","ascension_level":19}