{"gold_per_floor":[118,131,131,147,160,160,193,193,193,213,213,236,260,273,273,396,396,411,430,79,53,73,73],"floor_reached":23,"playtime":1320,"items_purged":["Defend_B"],"score":266,"play_id":"e66222f9-dc03-4e0d-ab94-84eefe22129e","local_time":"20181021195945","is_ascension_mode":true,"campfire_choices":[{"data":"Zap","floor":6,"key":"SMITH"},{"data":"Static Discharge","floor":8,"key":"SMITH"},{"data":"Dualcast","floor":15,"key":"SMITH"}],"neow_cost":"NONE","seed_source_timestamp":630037311136887,"circlet_count":0,"master_deck":["Strike_B","Strike_B","Strike_B","Defend_B","Defend_B","Defend_B","Zap+1","Dualcast+1","Reinforced Body","Sweeping Beam","Leap","Sweeping Beam","Static Discharge+1","Redo+1","Conserve Battery+1","Conserve Battery+1","Chill+1","Creative AI","Stack+1","Glacier+1","Defragment","Dualcast+1","Leap+1","Ball Lightning+1"],"relics":["FrozenCore","Golden Idol","DataDisk","Toxic Egg 2","DollysMirror"],"potions_floor_usage":[16],"damage_taken":[{"damage":4,"enemies":"Small Slimes","floor":1,"turns":3},{"damage":0,"enemies":"Jaw Worm","floor":2,"turns":4},{"damage":0,"enemies":"Cultist","floor":4,"turns":3},{"damage":8,"enemies":"Blue Slaver","floor":5,"turns":4},{"damage":12,"enemies":"3 Sentries","floor":7,"turns":6},{"damage":6,"enemies":"Exordium Thugs","floor":10,"turns":4},{"damage":0,"enemies":"Exordium Wildlife","floor":12,"turns":3},{"damage":4,"enemies":"Lots of Slimes","floor":13,"turns":3},{"damage":2,"enemies":"Large Slime","floor":14,"turns":3},{"damage":11,"enemies":"Hexaghost","floor":16,"turns":10},{"damage":2,"enemies":"3 Byrds","floor":18,"turns":9},{"damage":22,"enemies":"2 Thieves","floor":19,"turns":3},{"damage":0,"enemies":"Centurion and Healer","floor":22,"turns":10},{"damage":56,"enemies":"Slavers","floor":23,"turns":7}],"seed_played":"1809815329507812919","potions_obtained":[{"floor":5,"key":"SkillPotion"},{"floor":7,"key":"Dexterity Potion"},{"floor":10,"key":"Fire Potion"},{"floor":13,"key":"Regen Potion"},{"floor":18,"key":"LiquidBronze"},{"floor":22,"key":"Energy Potion"}],"is_trial":false,"path_per_floor":["M","M","?","M","M","R","E","R","T","M","?","M","M","M","R","B",null,"M","M","$","$","M"],"character_chosen":"DEFECT","items_purchased":["Defragment","DollysMirror","Leap+1"],"campfire_rested":0,"item_purchase_floors":[20,20,21],"current_hp_per_floor":[71,71,51,51,43,43,31,31,31,25,25,25,21,19,19,23,67,65,43,43,43,43,0],"gold":73,"neow_bonus":"TEN_PERCENT_HP_BONUS","is_prod":false,"is_daily":false,"chose_seed":false,"campfire_upgraded":3,"win_rate":0,"timestamp":1540173585,"path_taken":["M","M","?","M","?","R","E","R","T","M","?","M","M","M","R","BOSS","M","M","?","$","M","E"],"build_version":"2018-10-19","purchased_purges":1,"victory":false,"max_hp_per_floor":[82,82,82,82,82,82,82,82,82,82,82,82,82,82,82,82,82,82,82,82,82,82,82],"card_choices":[{"not_picked":["Steam","Barrage"],"picked":"Reinforced Body","floor":1},{"not_picked":["Reprogram","Double Energy"],"picked":"Sweeping Beam","floor":2},{"not_picked":["Sweeping Beam","White Noise"],"picked":"Leap","floor":4},{"not_picked":["Rebound","Recycle"],"picked":"Sweeping Beam","floor":5},{"not_picked":["All For One","Consume"],"picked":"Static Discharge","floor":7},{"not_picked":["Storm","Barrage"],"picked":"Redo+1","floor":10},{"not_picked":["Blizzard","Leap+1"],"picked":"Conserve Battery+1","floor":12},{"not_picked":["Gash","Cold Snap"],"picked":"Conserve Battery+1","floor":13},{"not_picked":["Blizzard","Reprogram+1"],"picked":"Chill+1","floor":14},{"not_picked":["Meteor Strike","Reboot+1"],"picked":"Creative AI","floor":16},{"not_picked":["Rebound","Chill+1"],"picked":"Stack+1","floor":18},{"not_picked":["Barrage","Stack+1"],"picked":"Glacier+1","floor":19},{"not_picked":["FTL","Steam+1"],"picked":"Ball Lightning+1","floor":22}],"player_experience":147194,"relics_obtained":[{"floor":7,"key":"DataDisk"},{"floor":9,"key":"Toxic Egg 2"}],"event_choices":[{"damage_healed":0,"gold_gain":0,"player_choice":"Take Damage","damage_taken":20,"relics_obtained":["Golden Idol"],"max_hp_gain":0,"max_hp_loss":0,"event_name":"Golden Idol","floor":3,"gold_loss":0},{"cards_removed":["Strike_B"],"damage_healed":0,"gold_gain":0,"player_choice":"Offered Basic","damage_taken":0,"max_hp_gain":0,"max_hp_loss":0,"event_name":"Bonfire Elementals","floor":11,"gold_loss":0}],"is_beta":true,"boss_relics":[{"not_picked":["Velvet Choker","Astrolabe"],"picked":"FrozenCore"}],"items_purged_floors":[20],"is_endless":false,"potions_floor_spawned":[5,7,10,13,18,22],"killed_by":"Slavers","ascension_level":7}