{"gold_per_floor":[115,128,128,146,18,53,53,77,128,153,153,303,303,303,303,303],"floor_reached":16,"playtime":484,"items_purged":["Injury"],"score":195,"play_id":"8820d9e6-d631-4535-93a1-80ead8850a63","local_time":"20190721013629","is_ascension_mode":true,"campfire_choices":[{"data":"Flame Barrier","floor":7,"key":"SMITH"},{"floor":11,"key":"REST"},{"data":"Double Tap","floor":13,"key":"SMITH"},{"data":"Headbutt","floor":15,"key":"SMITH"}],"neow_cost":"NONE","seed_source_timestamp":18747896495749,"circlet_count":0,"master_deck":["AscendersBane","Strike_R","Strike_R","Strike_R","Strike_R","Strike_R","Defend_R","Defend_R","Defend_R","Defend_R","Bash+1","Heavy Blade","Headbutt+1","Flame Barrier+1","True Grit+1","Double Tap+1","Cleave","Dual Wield"],"relics":["Burning Blood","Golden Idol","The Courier","Omamori"],"potions_floor_usage":[16,16],"damage_taken":[{"damage":5,"enemies":"Small Slimes","floor":1,"turns":3},{"damage":7,"enemies":"Jaw Worm","floor":2,"turns":3},{"damage":6,"enemies":"Cultist","floor":4,"turns":3},{"damage":55,"enemies":"3 Sentries","floor":6,"turns":17},{"damage":0,"enemies":"Red Slaver","floor":8,"turns":3},{"damage":4,"enemies":"2 Fungi Beasts","floor":10,"turns":3},{"damage":49,"enemies":"Hexaghost","floor":16,"turns":9}],"seed_played":"-6764961404736841493","potions_obtained":[{"floor":8,"key":"Dexterity Potion"},{"floor":10,"key":"Energy Potion"}],"is_trial":false,"path_per_floor":["M","M","?","M","$","E","R","M","T","M","R","?","R","?","R","B"],"character_chosen":"IRONCLAD","items_purchased":["True Grit"],"campfire_rested":1,"item_purchase_floors":[5],"current_hp_per_floor":[69,68,68,68,68,19,19,25,25,27,49,49,49,49,49,0],"gold":303,"neow_bonus":"UPGRADE_CARD","is_prod":false,"is_daily":false,"chose_seed":false,"campfire_upgraded":3,"win_rate":0,"timestamp":1563690989,"path_taken":["M","M","?","M","$","E","R","M","T","M","R","?","R","?","R","BOSS"],"build_version":"2019-07-17","purchased_purges":1,"victory":false,"max_hp_per_floor":[75,75,75,75,75,75,75,75,75,75,75,75,75,75,75,75],"card_choices":[{"not_picked":["Body Slam","Anger"],"picked":"Heavy Blade","floor":1},{"not_picked":["Wild Strike","Perfected Strike"],"picked":"Headbutt","floor":2},{"not_picked":["Warcry","Iron Wave"],"picked":"Flame Barrier","floor":4},{"not_picked":["Pommel Strike","Rupture"],"picked":"Double Tap","floor":6},{"not_picked":["Pommel Strike","Sword Boomerang"],"picked":"Cleave","floor":8},{"not_picked":["Headbutt","Cleave"],"picked":"Dual Wield","floor":10}],"player_experience":511844,"relics_obtained":[{"floor":6,"key":"The Courier"},{"floor":9,"key":"Omamori"}],"event_choices":[{"damage_healed":0,"gold_gain":0,"player_choice":"Take Wound","damage_taken":0,"relics_obtained":["Golden Idol"],"max_hp_gain":0,"max_hp_loss":0,"event_name":"Golden Idol","floor":3,"gold_loss":0,"cards_obtained":["Injury"]},{"damage_healed":0,"gold_gain":150,"player_choice":"AGREE","damage_taken":0,"max_hp_gain":0,"max_hp_loss":0,"event_name":"Liars Game","floor":12,"gold_loss":0,"cards_obtained":["Doubt"]},{"damage_healed":0,"gold_gain":0,"player_choice":"Grow","damage_taken":0,"max_hp_gain":0,"max_hp_loss":0,"event_name":"Living Wall","floor":14,"gold_loss":0,"cards_upgraded":["True Grit"]}],"is_beta":false,"boss_relics":[],"items_purged_floors":[5],"is_endless":false,"potions_floor_spawned":[8,10],"killed_by":"Hexaghost","ascension_level":19}