{"gold_per_floor":[115,115,131,141,151,151,168,193,270,293,307,103,103,120,120,192,192,207,221,146,20,20,20,20,30,57,69,92,104],"floor_reached":29,"playtime":844,"items_purged":["Writhe","Writhe"],"score":409,"play_id":"5440f53f-f598-4eef-8ead-4345c58375c6","local_time":"20190726224147","is_ascension_mode":true,"campfire_choices":[{"floor":6.0,"key":"REST"},{"data":"Consume","floor":13.0,"key":"SMITH"},{"floor":15.0,"key":"REST"},{"floor":23.0,"key":"REST"},{"floor":24.0,"key":"REST"}],"neow_cost":"PERCENT_DAMAGE","seed_source_timestamp":353135607384000,"circlet_count":0,"master_deck":["AscendersBane","Strike_B","Strike_B","Strike_B","Strike_B","Defend_B","Defend_B","Defend_B","Defend_B","Zap","Dualcast","FTL","Leap","FTL","Leap","Consume+1","White Noise","Blizzard+1","Biased Cognition","Injury","Go for the Eyes+1","Reinforced Body","Go for the Eyes+1","Chill","Cold Snap+1"],"special_seed":0,"relics":["Cracked Core","Unceasing Top","Molten Egg 2","Kunai","DataDisk","Strawberry","Calling Bell","Dream Catcher","Pantograph","WingedGreaves","MawBank"],"potions_floor_usage":[29],"damage_taken":[{"damage":9.0,"enemies":"2 Louse","floor":1.0,"turns":3.0},{"damage":1.0,"enemies":"Cultist","floor":3.0,"turns":3.0},{"damage":0.0,"enemies":"Small Slimes","floor":4.0,"turns":2.0},{"damage":10.0,"enemies":"Exordium Wildlife","floor":5.0,"turns":5.0},{"damage":8.0,"enemies":"Blue Slaver","floor":7.0,"turns":3.0},{"damage":4.0,"enemies":"Gremlin Nob","floor":8.0,"turns":4.0},{"damage":0.0,"enemies":"2 Fungi Beasts","floor":11.0,"turns":3.0},{"damage":11.0,"enemies":"Looter","floor":14.0,"turns":4.0},{"damage":12.0,"enemies":"The Guardian","floor":16.0,"turns":13.0},{"damage":48.0,"enemies":"2 Thieves","floor":18.0,"turns":4.0},{"damage":18.0,"enemies":"Shell Parasite","floor":19.0,"turns":5.0},{"damage":25.0,"enemies":"Cultist and Chosen","floor":25.0,"turns":8.0},{"damage":13,"enemies":"Snake Plant","floor":28,"turns":7},{"damage":14,"enemies":"Colosseum Slavers","floor":29,"turns":2}],"seed_played":"1571568615509285664","potions_obtained":[{"floor":3.0,"key":"Weak Potion"},{"floor":5.0,"key":"Fire Potion"},{"floor":16.0,"key":"FocusPotion"},{"floor":18.0,"key":"Explosive Potion"},{"floor":19.0,"key":"Fire Potion"},{"floor":25.0,"key":"Energy Potion"}],"is_trial":false,"path_per_floor":["M","?","M","M","M","R","M","E","T","T","M","$","R","M","R","B",null,"M","M","$","$","?","R","R","M","T","$","M","?"],"character_chosen":"DEFECT","items_purchased":["White Noise","Strawberry","Go for the Eyes+1"],"campfire_rested":4,"item_purchase_floors":[12,12,21],"current_hp_per_floor":[37,42,41,41,31,52,44,40,40,40,40,47,47,36,59,47,70,22,4,4,4,4,27,50,25,25,25,12,0],"gold":104,"neow_bonus":"ONE_RARE_RELIC","is_prod":false,"is_daily":false,"chose_seed":false,"campfire_upgraded":1,"win_rate":0,"timestamp":1564173707,"path_taken":["M","?","?","M","M","R","M","E","T","?","M","$","R","M","R","BOSS","M","M","$","$","?","R","R","M","T","$","M","?"],"build_version":"2019-07-17","purchased_purges":2,"victory":false,"max_hp_per_floor":[71,71,71,71,71,71,71,71,71,71,71,78,78,78,78,78,78,78,78,78,78,78,78,78,78,78,78,78,78],"card_choices":[{"not_picked":["Stack","Steam"],"picked":"Gash","floor":1.0},{"not_picked":["Turbo","Go for the Eyes"],"picked":"FTL","floor":3.0},{"not_picked":["Doom and Gloom","Hologram"],"picked":"Leap","floor":4.0},{"not_picked":["Streamline","Capacitor"],"picked":"FTL","floor":5.0},{"not_picked":["Rip and Tear","Skim"],"picked":"Leap","floor":7.0},{"not_picked":["Reprogram","Fission","Compile Driver"],"picked":"SKIP","floor":8.0},{"not_picked":["Darkness","BootSequence"],"picked":"Consume","floor":11.0},{"not_picked":["Auto Shields","Rebound+1"],"picked":"Blizzard+1","floor":14.0},{"not_picked":["Thunder Strike+1","Multi-Cast"],"picked":"Biased Cognition","floor":16.0},{"not_picked":["Hologram","Stack+1"],"picked":"Go for the Eyes+1","floor":18.0},{"not_picked":["Compile Driver+1","Beam Cell+1"],"picked":"Reinforced Body","floor":19.0},{"not_picked":["Streamline+1","Leap+1"],"picked":"Chill","floor":24.0},{"not_picked":["Recycle","Consume"],"picked":"Cold Snap+1","floor":25.0},{"not_picked":["Sweeping Beam+1","Multi-Cast","Beam Cell+1"],"picked":"SKIP","floor":28}],"player_experience":374777,"relics_obtained":[{"floor":8.0,"key":"Molten Egg 2"},{"floor":9.0,"key":"Kunai"},{"floor":10.0,"key":"DataDisk"},{"floor":17.0,"key":"Dream Catcher"},{"floor":17.0,"key":"Pantograph"},{"floor":17.0,"key":"WingedGreaves"},{"floor":26.0,"key":"MawBank"}],"event_choices":[{"cards_removed":["Gash"],"damage_healed":5.0,"max_hp_gain":0.0,"max_hp_loss":0.0,"gold_gain":0.0,"event_name":"Bonfire Elementals","player_choice":"Offered Common","floor":2.0,"gold_loss":0.0,"damage_taken":0.0},{"cards_removed":["Gash"],"damage_healed":5.0,"max_hp_gain":0.0,"max_hp_loss":0.0,"gold_gain":0.0,"event_name":"Bonfire Elementals","player_choice":"Offered Special","floor":2.0,"gold_loss":0.0,"damage_taken":0.0},{"damage_healed":0,"gold_gain":0,"player_choice":"Fight","damage_taken":0,"max_hp_gain":0,"max_hp_loss":0,"event_name":"Colosseum","floor":29,"gold_loss":0}],"is_beta":false,"boss_relics":[{"not_picked":["Runic Pyramid","Velvet Choker"],"picked":"Calling Bell"}],"items_purged_floors":[20,21],"is_endless":false,"potions_floor_spawned":[3,5,7,16,18,19,25],"killed_by":"Colosseum Slavers","ascension_level":16}