{"gold_per_floor":[117,117,26,201,6,6,36,52,52,52,83,96,113,113,113,213,213,231,242,262,262],"floor_reached":21,"playtime":1738,"items_purged":[],"score":257,"play_id":"5e90ca6d-30a5-4449-a8c6-7c4c12b7fa0b","local_time":"20190525213310","is_ascension_mode":true,"campfire_choices":[{"data":"Entrench","floor":6,"key":"SMITH"},{"data":"Armaments","floor":15,"key":"SMITH"}],"neow_cost":"NONE","seed_source_timestamp":100769636050597,"circlet_count":0,"master_deck":["Strike_R","Strike_R","Strike_R+1","Strike_R+1","Defend_R","Defend_R","Defend_R","Defend_R","Bash","Armaments+1","Entrench+1","Pommel Strike","Doubt","Heavy Blade","Sword Boomerang","Shockwave","Uppercut","Juggernaut","True Grit","Corruption","Shrug It Off+1"],"relics":["Burning Blood","NeowsBlessing","Strange Spoon","Bag of Marbles","Pantograph","Letter Opener","Charon\u0027s Ashes","Mark of Pain"],"potions_floor_usage":[11,16,21],"damage_taken":[{"damage":0,"enemies":"Small Slimes","floor":1,"turns":1},{"damage":0,"enemies":"Gremlin Nob","floor":7,"turns":1},{"damage":0,"enemies":"2 Louse","floor":8,"turns":1},{"damage":25,"enemies":"3 Sentries","floor":11,"turns":8},{"damage":2,"enemies":"Jaw Worm","floor":12,"turns":4},{"damage":14,"enemies":"Blue Slaver","floor":13,"turns":4},{"damage":33,"enemies":"The Guardian","floor":16,"turns":16},{"damage":21,"enemies":"Spheric Guardian","floor":18,"turns":5},{"damage":18,"enemies":"Chosen","floor":19,"turns":5},{"damage":26,"enemies":"Centurion and Healer","floor":20,"turns":8},{"damage":33,"enemies":"Snake Plant","floor":21,"turns":4}],"seed_played":"-9203456941177693347","potions_obtained":[{"floor":1,"key":"FearPotion"},{"floor":8,"key":"SteroidPotion"},{"floor":11,"key":"SpeedPotion"},{"floor":13,"key":"Energy Potion"},{"floor":20,"key":"Strength Potion"}],"is_trial":false,"path_per_floor":["M","?","$","?","$","R","E","M","T","T","E","M","M","?","R","B",null,"M","M","M","M"],"character_chosen":"IRONCLAD","items_purchased":["Entrench","Pommel Strike","Strange Spoon"],"campfire_rested":0,"item_purchase_floors":[3,3,5],"current_hp_per_floor":[80,64,64,64,64,64,70,76,76,76,57,61,53,53,53,51,80,65,53,33,0],"gold":262,"neow_bonus":"THREE_ENEMY_KILL","is_prod":false,"is_daily":false,"chose_seed":false,"campfire_upgraded":2,"win_rate":0,"timestamp":1558837990,"path_taken":["M","?","$","?","$","R","E","M","T","?","E","M","?","?","R","BOSS","M","M","M","M"],"build_version":"2019-01-23","purchased_purges":0,"victory":false,"max_hp_per_floor":[80,80,80,80,80,80,80,80,80,80,80,80,80,80,80,80,80,80,80,80,80],"card_choices":[{"not_picked":["Infernal Blade","Headbutt"],"picked":"Armaments","floor":1},{"not_picked":["Sword Boomerang","Warcry"],"picked":"Heavy Blade","floor":7},{"not_picked":["Evolve","Wild Strike"],"picked":"Sword Boomerang","floor":8},{"not_picked":["Anger","Fire Breathing"],"picked":"Shockwave","floor":11},{"not_picked":["Anger","Heavy Blade","Perfected Strike"],"picked":"SKIP","floor":12},{"not_picked":["Thunderclap","Havoc","Disarm"],"picked":"SKIP","floor":13},{"not_picked":["Offering","Dark Embrace"],"picked":"Juggernaut","floor":16},{"not_picked":["Armaments+1","Rage"],"picked":"True Grit","floor":18},{"not_picked":["Disarm","Pommel Strike"],"picked":"Corruption","floor":19},{"not_picked":["Flex+1","Entrench"],"picked":"Shrug It Off+1","floor":20}],"player_experience":193851,"relics_obtained":[{"floor":7,"key":"Bag of Marbles"},{"floor":9,"key":"Pantograph"},{"floor":10,"key":"Letter Opener"},{"floor":11,"key":"Charon\u0027s Ashes"}],"event_choices":[{"damage_healed":0,"gold_gain":0,"player_choice":"Entered Light","damage_taken":16,"max_hp_gain":0,"max_hp_loss":0,"event_name":"Shining Light","floor":2,"gold_loss":0,"cards_upgraded":["Strike_R","Strike_R"]},{"damage_healed":0,"gold_gain":175,"player_choice":"AGREE","damage_taken":0,"max_hp_gain":0,"max_hp_loss":0,"event_name":"Liars Game","floor":4,"gold_loss":0,"cards_obtained":["Doubt"]},{"damage_healed":0,"gold_gain":0,"cards_transformed":["Strike_R"],"player_choice":"Transformed","damage_taken":0,"max_hp_gain":0,"max_hp_loss":0,"event_name":"Transmorgrifier","floor":14,"gold_loss":0,"cards_obtained":["Uppercut"]}],"is_beta":false,"boss_relics":[{"not_picked":["Busted Crown","Fusion Hammer"],"picked":"Mark of Pain"}],"items_purged_floors":[],"is_endless":false,"potions_floor_spawned":[1,8,11,13,20],"killed_by":"Snake Plant","ascension_level":4}