{"gold_per_floor":[144,144,189,264,309,354,50,50],"floor_reached":8,"playtime":370,"items_purged":["Regret"],"score":98,"play_id":"45a65d13-27a5-48ff-ab83-8e74ad7ed7b5","local_time":"20190801230745","daily_mods":["Shiny","Diverse","Midas"],"is_ascension_mode":false,"campfire_choices":[{"floor":8,"key":"REST"}],"neow_cost":"","seed_source_timestamp":1902498727529800,"circlet_count":0,"master_deck":["Multi-Cast","Hyperbeam","Thunder Strike","Biased Cognition","Machine Learning","Electrodynamics","Buffer","Rainbow","Seek","Meteor Strike","Echo Form","All For One","Reboot","Amplify","Creative AI","Fission","Core Surge","Venomology","Corpse Explosion","Malaise","Phantasmal Killer","Die Die Die","Adrenaline","Envenom","Doppelganger","Burst","Wraith Form v2","Tools of the Trade","Night Terror","Unload","After Image","Bullet Time","Storm of Steel","Glass Knife","A Thousand Cuts","Grand Finale","Double Tap","Demon Form","Bludgeon","Feed","Limit Break","Barricade","Fiend Fire","Dark Embrace","Berserk","Impervious","Juggernaut","Brutality","Reaper","Exhume","Offering","Immolate","Recycle","Wild Strike","Seeing Red","Apotheosis","Stack"],"special_seed":18110,"relics":["Ring of the Snake","Mummified Hand"],"potions_floor_usage":[],"damage_taken":[{"damage":3.0,"enemies":"Small Slimes","floor":1.0,"turns":2.0},{"damage":0,"enemies":"Cultist","floor":3,"turns":2},{"damage":2,"enemies":"Jaw Worm","floor":5,"turns":3},{"damage":0,"enemies":"3 Louse","floor":6,"turns":1}],"seed_played":"5779542996629006648","potions_obtained":[{"floor":3,"key":"Dexterity Potion"}],"is_trial":false,"path_per_floor":["M","?","M","?","M","M","$","R"],"character_chosen":"THE_SILENT","items_purchased":["Apotheosis","Stack"],"campfire_rested":1,"item_purchase_floors":[7,7],"current_hp_per_floor":[70,70,70,63,69,69,69,73],"gold":50,"neow_bonus":"","is_prod":false,"is_daily":true,"chose_seed":false,"campfire_upgraded":0,"win_rate":1,"timestamp":1564722465,"path_taken":["M","?","M","?","?","M","$","R"],"build_version":"2019-07-18","purchased_purges":1,"victory":false,"max_hp_per_floor":[73,73,73,73,73,73,73,73],"card_choices":[{"not_picked":["Cleave","Evolve","Rage"],"picked":"SKIP","floor":1.0},{"not_picked":["Anger","Dodge and Roll"],"picked":"Recycle","floor":3},{"not_picked":["Pommel Strike","True Grit"],"picked":"Wild Strike","floor":5},{"not_picked":["Loop","Leg Sweep"],"picked":"Seeing Red","floor":6}],"player_experience":48356,"relics_obtained":[],"event_choices":[{"damage_healed":0,"gold_gain":0,"player_choice":"Box","damage_taken":0,"relics_obtained":["Mummified Hand"],"max_hp_gain":0,"max_hp_loss":0,"event_name":"Big Fish","floor":2,"gold_loss":0,"cards_obtained":["Regret"]},{"damage_healed":0,"gold_gain":75,"player_choice":"Touch","damage_taken":7,"max_hp_gain":0,"max_hp_loss":0,"event_name":"FaceTrader","floor":4,"gold_loss":0}],"is_beta":true,"boss_relics":[],"items_purged_floors":[7],"is_endless":false,"potions_floor_spawned":[3],"ascension_level":0}