{"gold_per_floor":[109,109,34,34,34,64,64,91,91,110,139,38,38,52,52,153,153,167,105,45,61,73,73,87,87,87,11,28,28,28,40,40,40],"floor_reached":33,"playtime":1672,"items_purged":["Strike_R"],"score":391,"play_id":"e99ac12d-fb13-44c0-824c-a91e9ad28e39","local_time":"20190528205321","is_ascension_mode":true,"campfire_choices":[{"data":"1","floor":13,"key":"LIFT"},{"data":"2","floor":15,"key":"LIFT"},{"data":"3","floor":23,"key":"LIFT"},{"floor":25,"key":"REST"},{"data":"Heavy Blade","floor":30,"key":"SMITH"},{"floor":32,"key":"REST"}],"neow_cost":"NONE","seed_source_timestamp":357650331826933,"circlet_count":0,"master_deck":["Bash","Flame Barrier","Clothesline","Pommel Strike","Heavy Blade","Pommel Strike","Flex","Cleave","Impervious","Power Through","Disarm","Brutality","Reaper","Heavy Blade+1","Uppercut","Barricade","True Grit","True Grit+1","Limit Break","Sword Boomerang+1","Dropkick","Rupture","Hemokinesis","Shame","Anger"],"relics":["Burning Blood","NeowsBlessing","Dream Catcher","Ginger","Girya","Anchor","Nunchaku","Pandora\u0027s Box","Blood Vial","Bottled Flame","Art of War"],"potions_floor_usage":[16,16,18,21,24,28,33],"damage_taken":[{"damage":0,"enemies":"Cultist","floor":1,"turns":1},{"damage":0,"enemies":"Gremlin Nob","floor":6,"turns":1},{"damage":0,"enemies":"Lagavulin","floor":8,"turns":1},{"damage":0,"enemies":"Jaw Worm","floor":10,"turns":4},{"damage":38,"enemies":"3 Sentries","floor":11,"turns":12},{"damage":0,"enemies":"2 Louse","floor":14,"turns":2},{"damage":29,"enemies":"Hexaghost","floor":16,"turns":6},{"damage":29,"enemies":"Spheric Guardian","floor":18,"turns":6},{"damage":21,"enemies":"2 Thieves","floor":20,"turns":4},{"damage":8,"enemies":"Snake Plant","floor":21,"turns":4},{"damage":30,"enemies":"Shelled Parasite and Fungi","floor":22,"turns":8},{"damage":26,"enemies":"Chosen and Byrds","floor":24,"turns":9},{"damage":18,"enemies":"Snake Plant","floor":28,"turns":3},{"damage":7,"enemies":"Snecko","floor":31,"turns":5},{"damage":92,"enemies":"Collector","floor":33,"turns":5}],"seed_played":"-8359917439219388942","potions_obtained":[{"floor":10,"key":"AttackPotion"},{"floor":11,"key":"Block Potion"},{"floor":16,"key":"EssenceOfSteel"},{"floor":22,"key":"LiquidBronze"},{"floor":24,"key":"Fire Potion"},{"floor":28,"key":"SpeedPotion"}],"is_trial":false,"path_per_floor":["M","?","$","?","$","E","?","E","T","M","E","$","R","M","R","B",null,"M","?","M","M","M","R","M","R","T","$","M","?","R","M","R","B"],"character_chosen":"IRONCLAD","items_purchased":["Flex","SteroidPotion","Rupture"],"campfire_rested":2,"item_purchase_floors":[12,12,27],"current_hp_per_floor":[80,80,80,80,80,80,73,79,79,80,48,48,48,54,54,31,68,45,45,44,44,22,22,11,35,35,35,25,25,25,36,60,0],"gold":40,"neow_bonus":"THREE_ENEMY_KILL","is_prod":false,"is_daily":false,"chose_seed":false,"campfire_upgraded":1,"win_rate":0,"timestamp":1559094801,"path_taken":["M","?","$","?","$","E","?","E","T","M","E","?","R","?","R","BOSS","M","?","M","?","M","R","M","R","T","?","M","?","R","M","R","BOSS"],"build_version":"2019-01-23","purchased_purges":1,"victory":false,"max_hp_per_floor":[80,80,80,80,80,80,80,80,80,80,80,80,80,80,80,80,80,80,80,80,80,80,80,80,80,80,80,80,80,80,80,80,80],"card_choices":[{"not_picked":["Havoc","Cleave"],"picked":"Flame Barrier","floor":1},{"not_picked":["Armaments","Pummel"],"picked":"Pommel Strike","floor":6},{"not_picked":["True Grit","Clash"],"picked":"Heavy Blade","floor":8},{"not_picked":["Heavy Blade","Clash","Clothesline"],"picked":"SKIP","floor":10},{"not_picked":["Dual Wield","Warcry"],"picked":"Pommel Strike","floor":11},{"not_picked":["Dark Embrace","Evolve"],"picked":"Cleave","floor":14},{"not_picked":["Brutality","Barricade"],"picked":"Impervious","floor":16},{"not_picked":["Perfected Strike","Clash","Heavy Blade"],"picked":"SKIP","floor":18},{"not_picked":["Armaments","Burning Pact"],"picked":"True Grit","floor":20},{"not_picked":["Sword Boomerang","Uppercut"],"picked":"True Grit+1","floor":21},{"not_picked":["Wild Strike","Evolve"],"picked":"Limit Break","floor":22},{"not_picked":["Pommel Strike","Twin Strike"],"picked":"Sword Boomerang+1","floor":24},{"not_picked":["Armaments","Iron Wave"],"picked":"Dropkick","floor":25},{"not_picked":["Body Slam+1","True Grit"],"picked":"Hemokinesis","floor":28},{"not_picked":["Iron Wave","Body Slam","Dark Embrace"],"picked":"SKIP","floor":31},{"not_picked":["Wild Strike","Armaments"],"picked":"Anger","floor":32}],"player_experience":223989,"relics_obtained":[{"floor":6,"key":"Dream Catcher"},{"floor":8,"key":"Girya"},{"floor":9,"key":"Anchor"},{"floor":11,"key":"Nunchaku"},{"floor":26,"key":"Bottled Flame"}],"event_choices":[{"damage_healed":0,"gold_gain":0,"cards_transformed":["Strike_R"],"player_choice":"Change","damage_taken":0,"max_hp_gain":0,"max_hp_loss":0,"event_name":"Living Wall","floor":2,"gold_loss":0,"cards_obtained":["Clothesline"]},{"damage_healed":0,"gold_gain":0,"player_choice":"Leave","damage_taken":0,"max_hp_gain":0,"max_hp_loss":0,"event_name":"The Cleric","floor":4,"gold_loss":0},{"damage_healed":0,"gold_gain":0,"player_choice":"Success","damage_taken":7,"relics_obtained":["Ginger"],"max_hp_gain":0,"max_hp_loss":0,"event_name":"Scrap Ooze","floor":7,"gold_loss":0},{"damage_healed":0,"gold_gain":0,"player_choice":"Paid Gold","damage_taken":0,"relics_obtained":["Blood Vial"],"max_hp_gain":0,"max_hp_loss":0,"event_name":"WeMeetAgain","floor":19,"gold_loss":62},{"damage_healed":0,"gold_gain":0,"player_choice":"Stole Relic","damage_taken":0,"relics_obtained":["Art of War"],"max_hp_gain":0,"max_hp_loss":0,"event_name":"Addict","floor":29,"gold_loss":0,"cards_obtained":["Shame"]}],"is_beta":false,"boss_relics":[{"not_picked":["Lizard Tail","Runic Pyramid"],"picked":"Pandora\u0027s Box"}],"items_purged_floors":[3],"is_endless":false,"potions_floor_spawned":[10,11,14,16,22,24,28],"killed_by":"Collector","ascension_level":5}