{"gold_per_floor":[109,122,197,217,0,0,28,56,95,107,149,161,173,220,232,318,330,355,386,203,219,144,144,159,171,171,171],"floor_reached":27,"playtime":1428,"items_purged":["Strike_R","Strike_R"],"score":413,"play_id":"4b787afd-3d64-425f-ab2f-b80477db64ad","local_time":"20190709185606","is_ascension_mode":true,"campfire_choices":[{"data":"Inflame","floor":6,"key":"SMITH"},{"data":"Sword Boomerang","floor":10,"key":"SMITH"},{"floor":12,"key":"REST"},{"floor":15,"key":"REST"},{"data":"Intimidate","floor":23,"key":"SMITH"}],"neow_cost":"NONE","seed_source_timestamp":171851269992028,"circlet_count":0,"master_deck":["AscendersBane","Strike_R","Strike_R","Defend_R","Defend_R","Defend_R","Defend_R","Bash","Shrug It Off","Battle Trance","Inflame","Inflame+1","Shrug It Off","Sword Boomerang+1","Intimidate+1","Iron Wave","Impervious","Headbutt","Pommel Strike","Dark Shackles","Anger","Ghostly Armor","Armaments+1"],"relics":["Burning Blood","NeowsBlessing","MawBank","Bronze Scales","Odd Mushroom","PreservedInsect","Black Star","Pen Nib"],"potions_floor_usage":[7,11,11,24,24],"damage_taken":[{"damage":0,"enemies":"2 Louse","floor":1,"turns":1},{"damage":0,"enemies":"Jaw Worm","floor":2,"turns":1},{"damage":0,"enemies":"Small Slimes","floor":4,"turns":1},{"damage":34,"enemies":"Gremlin Nob","floor":7,"turns":5},{"damage":22,"enemies":"3 Louse","floor":8,"turns":5},{"damage":21,"enemies":"The Mushroom Lair","floor":11,"turns":3},{"damage":30,"enemies":"Lagavulin","floor":14,"turns":5},{"damage":22,"enemies":"Hexaghost","floor":16,"turns":8},{"damage":22,"enemies":"Spheric Guardian","floor":18,"turns":4},{"damage":21,"enemies":"Chosen","floor":19,"turns":7},{"damage":0,"enemies":"Snake Plant","floor":21,"turns":4},{"damage":11,"enemies":"Sentry and Sphere","floor":24,"turns":5},{"damage":20,"enemies":"Centurion and Healer","floor":25,"turns":6},{"damage":30,"enemies":"Gremlin Leader","floor":27,"turns":3}],"seed_played":"1945320740096540774","potions_obtained":[{"floor":1,"key":"EssenceOfSteel"},{"floor":7,"key":"Strength Potion"},{"floor":16,"key":"Weak Potion"},{"floor":18,"key":"Poison Potion"},{"floor":24,"key":"Ancient Potion"}],"is_trial":false,"path_per_floor":["M","M","?","M","$","R","E","M","T","R","?","R","?","E","R","B",null,"M","M","$","M","?","R","M","M","T","E"],"character_chosen":"IRONCLAD","items_purchased":["Inflame","Block Potion","Dark Shackles"],"campfire_rested":2,"item_purchase_floors":[5,5,20],"current_hp_per_floor":[74,75,64,70,70,70,42,26,26,26,11,33,38,14,38,22,66,50,35,35,41,41,41,36,22,22,0],"gold":171,"neow_bonus":"THREE_ENEMY_KILL","is_prod":false,"is_daily":false,"chose_seed":false,"campfire_upgraded":3,"win_rate":0,"timestamp":1562716566,"path_taken":["M","M","?","M","$","R","E","M","T","R","?","R","?","E","R","BOSS","M","M","$","M","?","R","M","M","T","E"],"build_version":"2019-07-05","purchased_purges":2,"victory":false,"max_hp_per_floor":[75,75,75,75,75,75,75,75,75,75,75,75,80,80,80,80,80,80,80,80,80,80,80,80,80,80,80],"card_choices":[{"not_picked":["Sentinel","Havoc"],"picked":"Shrug It Off","floor":1},{"not_picked":["Clothesline","Thunderclap"],"picked":"Battle Trance","floor":2},{"not_picked":["Thunderclap","Flex"],"picked":"Inflame","floor":4},{"not_picked":["Spot Weakness","Perfected Strike"],"picked":"Shrug It Off","floor":7},{"not_picked":["Flex","Wild Strike"],"picked":"Sword Boomerang","floor":8},{"not_picked":["Juggernaut","Combust"],"picked":"Intimidate","floor":11},{"not_picked":["Uppercut","Headbutt"],"picked":"Iron Wave","floor":14},{"not_picked":["Juggernaut","Reaper"],"picked":"Impervious","floor":16},{"not_picked":["Rupture","Warcry"],"picked":"Headbutt","floor":18},{"not_picked":["Shrug It Off","Rupture"],"picked":"Pommel Strike","floor":19},{"not_picked":["Burning Pact","Shrug It Off"],"picked":"Anger","floor":21},{"not_picked":["Headbutt","Juggernaut"],"picked":"Ghostly Armor","floor":24},{"not_picked":["Disarm","Headbutt"],"picked":"Armaments+1","floor":25}],"player_experience":456357,"relics_obtained":[{"floor":7,"key":"MawBank"},{"floor":9,"key":"Bronze Scales"},{"floor":11,"key":"Odd Mushroom"},{"floor":14,"key":"PreservedInsect"},{"floor":26,"key":"Pen Nib"}],"event_choices":[{"damage_healed":0,"gold_gain":75,"player_choice":"Gather Gold","damage_taken":11,"max_hp_gain":0,"max_hp_loss":0,"event_name":"World of Goop","floor":3,"gold_loss":0},{"damage_healed":0,"gold_gain":0,"player_choice":"Fought Mushrooms","damage_taken":0,"max_hp_gain":0,"max_hp_loss":0,"event_name":"Mushrooms","floor":11,"gold_loss":0},{"damage_healed":0,"gold_gain":0,"player_choice":"Donut","damage_taken":0,"max_hp_gain":5,"max_hp_loss":0,"event_name":"Big Fish","floor":13,"gold_loss":0},{"cards_removed":["Strike_R"],"damage_healed":0,"gold_gain":0,"player_choice":"Gave Gold","damage_taken":0,"max_hp_gain":0,"max_hp_loss":0,"event_name":"Beggar","floor":22,"gold_loss":75}],"is_beta":false,"boss_relics":[{"not_picked":["Sozu","Pandora\u0027s Box"],"picked":"Black Star"}],"items_purged_floors":[5,20],"is_endless":false,"potions_floor_spawned":[1,7,16,18,24],"killed_by":"Gremlin Leader","ascension_level":17}