{"gold_per_floor":[109,184,201,36,36,67,67,80,80,100,156,187,187,10,10,82,82,98,98,118,130,143,143,171,171,171,196,196,222,235,285,285,357,357,371,1370,936,954,972,997,997,997,997,997,1023,1023,1058,1058,1058,1058],"floor_reached":51,"playtime":2203,"items_purged":["Normality"],"score":1672,"play_id":"a256b42a-c6de-489b-b5ab-c10d414e1c5f","local_time":"20190803235416","is_ascension_mode":true,"campfire_choices":[{"data":"Wild Strike","floor":7,"key":"SMITH"},{"data":"Second Wind","floor":13,"key":"SMITH"},{"data":"Whirlwind","floor":15,"key":"SMITH"},{"data":"Barricade","floor":23,"key":"SMITH"},{"data":"True Grit","floor":25,"key":"SMITH"},{"data":"Impervious","floor":32,"key":"SMITH"},{"floor":41,"key":"REST"},{"data":"Shockwave","floor":44,"key":"SMITH"},{"data":"Immolate","floor":46,"key":"SMITH"},{"data":"Impervious","floor":49,"key":"SMITH"}],"neow_cost":"NONE","seed_source_timestamp":1050681838820450,"circlet_count":0,"master_deck":["AscendersBane","Strike_R","Strike_R","Strike_R","Strike_R","Defend_R","Defend_R","Defend_R","Bash","Wild Strike+1","Evolve","Pommel Strike","Power Through","Iron Wave","Second Wind+1","Whirlwind+1","Shockwave+1","Fiend Fire","Spot Weakness","Barricade+1","True Grit+1","Spot Weakness","Sword Boomerang","Ghostly Armor","Impervious+1","Impervious+1","Shrug It Off","Normality","Apotheosis","Immolate+1","Twin Strike","Burning Pact+1"],"relics":["Burning Blood","NeowsBlessing","Bag of Preparation","Letter Opener","Gremlin Horn","Bag of Marbles","Torii","Snecko Eye","Ancient Tea Set","Thread and Needle","Unceasing Top","Orichalcum","Bronze Scales","Empty Cage","PreservedInsect","Centennial Puzzle","Shuriken","Oddly Smooth Stone","Anchor","Vajra"],"potions_floor_usage":[10,11,21,27,33,50],"damage_taken":[{"damage":0,"enemies":"Small Slimes","floor":1,"turns":1},{"damage":0,"enemies":"2 Louse","floor":3,"turns":1},{"damage":0,"enemies":"Gremlin Nob","floor":6,"turns":1},{"damage":7,"enemies":"Jaw Worm","floor":8,"turns":2},{"damage":1,"enemies":"Lots of Slimes","floor":10,"turns":3},{"damage":8,"enemies":"Gremlin Nob","floor":11,"turns":3},{"damage":25,"enemies":"3 Sentries","floor":12,"turns":7},{"damage":40,"enemies":"Slime Boss","floor":16,"turns":7},{"damage":1,"enemies":"2 Thieves","floor":18,"turns":2},{"damage":6,"enemies":"3 Byrds","floor":20,"turns":3},{"damage":7,"enemies":"Shelled Parasite and Fungi","floor":21,"turns":3},{"damage":0,"enemies":"3 Cultists","floor":22,"turns":4},{"damage":0,"enemies":"Slavers","floor":24,"turns":1},{"damage":15,"enemies":"Book of Stabbing","floor":27,"turns":4},{"damage":0,"enemies":"Gremlin Leader","floor":29,"turns":3},{"damage":0,"enemies":"Snecko","floor":30,"turns":2},{"damage":1,"enemies":"Automaton","floor":33,"turns":9},{"damage":7,"enemies":"3 Shapes","floor":35,"turns":4},{"damage":1,"enemies":"3 Darklings","floor":38,"turns":3},{"damage":33,"enemies":"Sphere and 2 Shapes","floor":39,"turns":5},{"damage":7,"enemies":"Reptomancer","floor":40,"turns":3},{"damage":0,"enemies":"Giant Head","floor":47,"turns":6},{"damage":33,"enemies":"Time Eater","floor":50,"turns":13}],"seed_played":"-4023318656058186401","potions_obtained":[{"floor":6,"key":"Poison Potion"},{"floor":10,"key":"Energy Potion"},{"floor":12,"key":"FairyPotion"},{"floor":16,"key":"Weak Potion"},{"floor":20,"key":"Regen Potion"},{"floor":21,"key":"PowerPotion"},{"floor":29,"key":"Dexterity Potion"},{"floor":30,"key":"AttackPotion"},{"floor":35,"key":"FairyPotion"}],"is_trial":false,"path_per_floor":["M","?","M","$","?","E","R","M","T","M","?","E","R","$","R","B",null,"M","?","M","M","M","R","E","R","T","E","T","E","M","?","R","B",null,"M","?","$","M","M","E","R","?","T","R","T","R","E","T","R","B",null],"character_chosen":"IRONCLAD","items_purchased":["Bag of Preparation","Whirlwind","Shockwave","Apotheosis","PreservedInsect"],"campfire_rested":1,"item_purchase_floors":[4,14,14,37,37],"current_hp_per_floor":[74,63,69,69,74,80,80,79,79,80,78,59,59,59,59,25,66,71,71,71,79,80,80,80,80,80,71,71,77,80,80,80,80,80,79,79,79,80,53,52,76,76,76,76,76,76,80,80,80,53],"gold":1058,"neow_bonus":"THREE_ENEMY_KILL","is_prod":false,"is_daily":false,"chose_seed":false,"campfire_upgraded":9,"win_rate":0,"timestamp":1564894456,"path_taken":["M","?","M","$","?","E","R","M","T","M","?","E","R","?","R","BOSS","M","?","M","?","M","R","E","R","T","E","?","E","M","?","R","BOSS","M","?","$","M","M","E","R","?","T","R","?","R","E","?","R","BOSS"],"build_version":"2019-07-17","purchased_purges":1,"victory":true,"max_hp_per_floor":[75,75,75,75,80,80,80,80,80,80,80,80,80,80,80,80,80,80,80,80,80,80,80,80,80,80,80,80,80,80,80,80,80,80,80,80,80,80,80,80,80,80,80,80,80,80,80,80,80,80],"card_choices":[{"not_picked":["Perfected Strike","Clash"],"picked":"Wild Strike","floor":1},{"not_picked":["Headbutt","Body Slam"],"picked":"Evolve","floor":3},{"not_picked":["Inflame","Dual Wield"],"picked":"Pommel Strike","floor":6},{"not_picked":["Heavy Blade","Headbutt"],"picked":"Anger","floor":8},{"not_picked":["Anger","Twin Strike"],"picked":"Power Through","floor":10},{"not_picked":["Heavy Blade","Armaments"],"picked":"Iron Wave","floor":11},{"not_picked":["Body Slam","Clash"],"picked":"Second Wind","floor":12},{"not_picked":["Immolate","Feed"],"picked":"Fiend Fire","floor":16},{"not_picked":["Warcry","Pummel"],"picked":"Spot Weakness","floor":18},{"not_picked":["Iron Wave","Carnage"],"picked":"True Grit","floor":20},{"not_picked":["Havoc","Sever Soul"],"picked":"Spot Weakness","floor":21},{"not_picked":["Wild Strike","Second Wind","Iron Wave"],"picked":"SKIP","floor":22},{"not_picked":["Havoc","Searing Blow"],"picked":"Sword Boomerang","floor":24},{"not_picked":["Flex","Anger+1"],"picked":"Ghostly Armor","floor":27},{"not_picked":["Cleave","Pommel Strike"],"picked":"Impervious","floor":29},{"not_picked":["Rupture","Shockwave","Havoc"],"picked":"SKIP","floor":30},{"not_picked":["Barricade","Bludgeon"],"picked":"Impervious","floor":33},{"not_picked":["Searing Blow","Armaments"],"picked":"Shrug It Off","floor":35},{"not_picked":["Sword Boomerang","Shrug It Off"],"picked":"Immolate","floor":38},{"not_picked":["Carnage+1","Searing Blow+1","Armaments"],"picked":"SKIP","floor":39},{"not_picked":["Iron Wave","Havoc+1"],"picked":"Twin Strike","floor":40},{"not_picked":["Whirlwind","Clothesline+1"],"picked":"Burning Pact+1","floor":47}],"player_experience":553083,"relics_obtained":[{"floor":6,"key":"Letter Opener"},{"floor":9,"key":"Gremlin Horn"},{"floor":12,"key":"Torii"},{"floor":24,"key":"Ancient Tea Set"},{"floor":26,"key":"Thread and Needle"},{"floor":27,"key":"Unceasing Top"},{"floor":28,"key":"Orichalcum"},{"floor":29,"key":"Bronze Scales"},{"floor":40,"key":"Centennial Puzzle"},{"floor":43,"key":"Shuriken"},{"floor":45,"key":"Oddly Smooth Stone"},{"floor":47,"key":"Anchor"},{"floor":48,"key":"Vajra"}],"event_choices":[{"damage_healed":0,"gold_gain":75,"player_choice":"Gather Gold","damage_taken":11,"max_hp_gain":0,"max_hp_loss":0,"event_name":"World of Goop","floor":2,"gold_loss":0},{"damage_healed":0,"gold_gain":0,"player_choice":"Donut","damage_taken":0,"max_hp_gain":5,"max_hp_loss":0,"event_name":"Big Fish","floor":5,"gold_loss":0},{"damage_healed":0,"gold_gain":0,"player_choice":"Searched \u00272\u0027 times","damage_taken":0,"relics_obtained":["Bag of Marbles"],"max_hp_gain":0,"max_hp_loss":0,"event_name":"Dead Adventurer","floor":11,"gold_loss":0},{"damage_healed":0,"gold_gain":0,"player_choice":"1 cards matched","damage_taken":0,"max_hp_gain":0,"max_hp_loss":0,"event_name":"Match and Keep!","floor":19,"gold_loss":0,"cards_obtained":["Barricade"]},{"damage_healed":0,"gold_gain":50,"player_choice":"Stole From Cult","damage_taken":0,"max_hp_gain":0,"max_hp_loss":0,"event_name":"Nest","floor":31,"gold_loss":0},{"damage_healed":0,"gold_gain":999,"player_choice":"Gold","damage_taken":0,"max_hp_gain":0,"max_hp_loss":0,"event_name":"MindBloom","floor":36,"gold_loss":0,"cards_obtained":["Normality","Normality"]},{"cards_removed":["Defend_R"],"damage_healed":0,"gold_gain":0,"player_choice":"Removed Skill","damage_taken":0,"max_hp_gain":0,"max_hp_loss":0,"event_name":"Falling","floor":42,"gold_loss":0}],"is_beta":false,"boss_relics":[{"not_picked":["Velvet Choker","White Beast Statue"],"picked":"Snecko Eye"},{"not_picked":["Lizard Tail","Eternal Feather"],"picked":"Empty Cage"}],"items_purged_floors":[37],"is_endless":false,"potions_floor_spawned":[6,10,12,16,20,21,24,29,30,35,38],"ascension_level":19}