{"gold_per_floor":[111,123,142,112,27,27,27,27,74,74,74,88,113,132,132,234,234,246,246,262,262],"floor_reached":21,"playtime":1384,"items_purged":[],"score":260,"play_id":"df1e1ea9-bd01-4dde-817e-fed61529587c","local_time":"20190622160958","is_ascension_mode":true,"campfire_choices":[{"data":"Rupture","floor":6,"key":"SMITH"},{"data":"Juggernaut","floor":8,"key":"SMITH"},{"data":"Hemokinesis","floor":10,"key":"SMITH"},{"floor":15,"key":"REST"}],"neow_cost":"NONE","seed_source_timestamp":246601018753841,"circlet_count":0,"master_deck":["Strike_R","Strike_R","Strike_R+1","Strike_R","Strike_R","Defend_R","Defend_R","Defend_R","Defend_R+1","Bash","Juggernaut+1","Inflame","Hemokinesis+1","Disarm","Shrug It Off","Rupture+1","Bloodletting","Thunderclap","Rupture+1","Barricade+1","Second Wind+1","Juggernaut+1","Rupture+1"],"relics":["Burning Blood","Bag of Preparation","Paper Frog","Frozen Egg 2","Snecko Eye"],"potions_floor_usage":[4,13,13,21,21],"damage_taken":[{"damage":20,"enemies":"2 Louse","floor":1,"turns":3},{"damage":10,"enemies":"Cultist","floor":2,"turns":5},{"damage":7,"enemies":"Jaw Worm","floor":3,"turns":3},{"damage":12,"enemies":"Looter","floor":12,"turns":3},{"damage":12,"enemies":"Gremlin Nob","floor":13,"turns":4},{"damage":19,"enemies":"Exordium Wildlife","floor":14,"turns":4},{"damage":44,"enemies":"Slime Boss","floor":16,"turns":6},{"damage":19,"enemies":"Spheric Guardian","floor":18,"turns":4},{"damage":14,"enemies":"Shell Parasite","floor":20,"turns":4},{"damage":55,"enemies":"Cultist and Chosen","floor":21,"turns":5}],"seed_played":"699982418431748904","potions_obtained":[{"floor":2,"key":"SneckoOil"},{"floor":4,"key":"Fruit Juice"},{"floor":4,"key":"BloodPotion"},{"floor":12,"key":"Block Potion"},{"floor":14,"key":"LiquidBronze"},{"floor":20,"key":"Swift Potion"}],"is_trial":false,"path_per_floor":["M","M","M","?","$","R","?","R","T","R","T","M","E","M","R","B",null,"M","?","M","M"],"character_chosen":"IRONCLAD","items_purchased":["Shrug It Off","Rupture"],"campfire_rested":1,"item_purchase_floors":[5,5],"current_hp_per_floor":[58,54,53,58,58,58,41,41,41,41,41,35,37,24,49,11,67,54,54,46,0],"gold":262,"neow_bonus":"ONE_RANDOM_RARE_CARD","is_prod":false,"is_daily":false,"chose_seed":false,"campfire_upgraded":3,"win_rate":0,"timestamp":1561237798,"path_taken":["M","M","M","?","?","R","?","R","T","R","?","M","E","M","R","BOSS","M","?","M","?"],"build_version":"2019-01-23","purchased_purges":0,"victory":false,"max_hp_per_floor":[80,80,80,85,85,85,85,85,85,85,85,85,85,85,85,85,85,85,85,85,85],"card_choices":[{"not_picked":["Iron Wave","Armaments"],"picked":"Inflame","floor":1},{"not_picked":["Twin Strike","Perfected Strike"],"picked":"Hemokinesis","floor":2},{"not_picked":["Sword Boomerang","Spot Weakness"],"picked":"Disarm","floor":3},{"not_picked":["Sword Boomerang","Reckless Charge"],"picked":"Bloodletting","floor":12},{"not_picked":["Body Slam","Bloodletting"],"picked":"Thunderclap","floor":13},{"not_picked":["Sword Boomerang","Shrug It Off"],"picked":"Rupture+1","floor":14},{"not_picked":["Limit Break","Feed"],"picked":"Barricade+1","floor":16},{"not_picked":["True Grit","Burning Pact"],"picked":"Second Wind+1","floor":18},{"not_picked":["Whirlwind","Thunderclap"],"picked":"Rupture+1","floor":20}],"player_experience":365961,"relics_obtained":[{"floor":9,"key":"Bag of Preparation"},{"floor":11,"key":"Paper Frog"},{"floor":13,"key":"Frozen Egg 2"}],"event_choices":[{"damage_healed":0,"gold_gain":0,"player_choice":"Bought 2 Potions","damage_taken":0,"max_hp_gain":0,"max_hp_loss":0,"event_name":"The Woman in Blue","floor":4,"gold_loss":0},{"damage_healed":0,"gold_gain":0,"player_choice":"Entered Light","damage_taken":17,"max_hp_gain":0,"max_hp_loss":0,"event_name":"Shining Light","floor":7,"gold_loss":0,"cards_upgraded":["Defend_R","Strike_R"]},{"damage_healed":0,"gold_gain":0,"player_choice":"1 cards matched","damage_taken":0,"max_hp_gain":0,"max_hp_loss":0,"event_name":"Match and Keep!","floor":19,"gold_loss":0,"cards_obtained":["Juggernaut"]}],"is_beta":false,"boss_relics":[{"not_picked":["Busted Crown","Empty Cage"],"picked":"Snecko Eye"}],"items_purged_floors":[],"is_endless":false,"potions_floor_spawned":[2,12,14,20],"killed_by":"Cultist and Chosen","ascension_level":9}