{"gold_per_floor":[363,46,60,60,72,97,97,127,150,168,168,227,227,227,227,227],"floor_reached":16,"playtime":466,"items_purged":["Strike_R"],"score":211,"play_id":"c3a5176d-922d-4b8d-a31d-7b171ddbd8ac","local_time":"20190720110958","is_ascension_mode":true,"campfire_choices":[{"floor":7,"key":"REST"},{"data":"Immolate","floor":11,"key":"SMITH"},{"floor":13,"key":"REST"},{"data":"Double Tap","floor":15,"key":"SMITH"}],"neow_cost":"PERCENT_DAMAGE","seed_source_timestamp":839168377166323,"circlet_count":0,"master_deck":["AscendersBane","Strike_R","Strike_R","Strike_R","Defend_R","Defend_R","Defend_R","Defend_R","Bash+1","Shockwave","Pommel Strike","True Grit","Immolate+1","Sword Boomerang+1","Anger","Power Through","Flame Barrier","Shrug It Off","Double Tap+1"],"relics":["Burning Blood","Anchor","Centennial Puzzle","Boot","Whetstone","The Courier"],"potions_floor_usage":[12,16,16],"damage_taken":[{"damage":31,"enemies":"Small Slimes","floor":1,"turns":3},{"damage":5,"enemies":"2 Louse","floor":3,"turns":4},{"damage":0,"enemies":"Cultist","floor":5,"turns":2},{"damage":47,"enemies":"Lagavulin","floor":6,"turns":7},{"damage":25,"enemies":"3 Sentries","floor":8,"turns":4},{"damage":0,"enemies":"Exordium Wildlife","floor":10,"turns":2},{"damage":17,"enemies":"Lagavulin Event","floor":12,"turns":4},{"damage":65,"enemies":"The Guardian","floor":16,"turns":8}],"seed_played":"-155092679574019512","potions_obtained":[{"floor":3,"key":"BloodPotion"},{"floor":8,"key":"FairyPotion"},{"floor":10,"key":"PowerPotion"},{"floor":12,"key":"Block Potion"}],"is_trial":false,"path_per_floor":["M","$","M","?","M","E","R","E","T","M","R","?","R","?","R","B"],"character_chosen":"IRONCLAD","items_purchased":["Anchor","Pommel Strike","True Grit"],"campfire_rested":2,"item_purchase_floors":[2,2,2],"current_hp_per_floor":[25,25,26,51,57,16,38,19,19,25,25,14,36,36,36,0],"gold":227,"neow_bonus":"TWO_FIFTY_GOLD","is_prod":false,"is_daily":false,"chose_seed":false,"campfire_upgraded":2,"win_rate":0,"timestamp":1563638998,"path_taken":["M","$","M","?","M","E","R","E","T","M","R","?","R","?","R","BOSS"],"build_version":"2019-07-17","purchased_purges":1,"victory":false,"max_hp_per_floor":[75,75,75,75,75,75,75,75,75,75,75,75,75,75,75,75],"card_choices":[{"not_picked":["Iron Wave","Anger"],"picked":"Shockwave","floor":1},{"not_picked":["Cleave","Thunderclap"],"picked":"Immolate","floor":3},{"not_picked":["Thunderclap","Flex"],"picked":"Sword Boomerang","floor":5},{"not_picked":["Thunderclap","Warcry"],"picked":"Anger","floor":6},{"not_picked":["Twin Strike","Rampage"],"picked":"Power Through","floor":8},{"not_picked":["Armaments","Anger"],"picked":"Flame Barrier","floor":10},{"not_picked":["Limit Break","Cleave"],"picked":"Shrug It Off","floor":12}],"player_experience":508118,"relics_obtained":[{"floor":6,"key":"Centennial Puzzle"},{"floor":8,"key":"Boot"},{"floor":9,"key":"Whetstone"},{"floor":12,"key":"The Courier"}],"event_choices":[{"damage_healed":25,"gold_gain":0,"player_choice":"Banana","damage_taken":0,"max_hp_gain":0,"max_hp_loss":0,"event_name":"Big Fish","floor":4,"gold_loss":0},{"damage_healed":0,"gold_gain":30,"player_choice":"Searched \u00272\u0027 times","damage_taken":0,"max_hp_gain":0,"max_hp_loss":0,"event_name":"Dead Adventurer","floor":12,"gold_loss":0},{"damage_healed":0,"gold_gain":0,"cards_transformed":["Strike_R"],"player_choice":"Change","damage_taken":0,"max_hp_gain":0,"max_hp_loss":0,"event_name":"Living Wall","floor":14,"gold_loss":0,"cards_obtained":["Double Tap"]}],"is_beta":false,"boss_relics":[],"items_purged_floors":[2],"is_endless":false,"potions_floor_spawned":[3,8,10,12],"killed_by":"The Guardian","ascension_level":19}