{"gold_per_floor":[11,11,36,36,57,57,22,22,22,65,65,104,130,151,151,244,244,269,269,7,31,54,54,88,88,88,88,132,172,38,38,38,137,137,153,129,79,99,114,114,152,175,175,175,300,300,313,313,313,313],"floor_reached":51,"playtime":2271,"items_purged":[],"score":1355,"play_id":"192dee79-b9d2-4230-8c6d-95a4afee898a","local_time":"20190802230701","is_ascension_mode":true,"campfire_choices":[{"data":"Zap","floor":6.0,"key":"SMITH"},{"data":"Dualcast","floor":8.0,"key":"SMITH"},{"data":"Electrodynamics","floor":11.0,"key":"SMITH"},{"floor":15.0,"key":"REST"},{"floor":23.0,"key":"REST"},{"data":"Defragment","floor":25.0,"key":"SMITH"},{"data":"Go for the Eyes","floor":27.0,"key":"SMITH"},{"floor":32.0,"key":"REST"},{"data":"Reboot","floor":40.0,"key":"SMITH"},{"data":"Defragment","floor":46.0,"key":"SMITH"},{"data":"Capacitor","floor":49.0,"key":"SMITH"}],"neow_cost":"NO_GOLD","seed_source_timestamp":0,"circlet_count":0,"master_deck":["AscendersBane","Strike_B+1","Strike_B","Strike_B+1","Strike_B+1","Defend_B+1","Defend_B","Defend_B+1","Zap+1","Dualcast+1","Leap","Cold Snap","Conserve Battery","Electrodynamics+1","Compile Driver","Conserve Battery","Biased Cognition","Leap+1","Defragment+1","Reboot+1","Go for the Eyes+1","Chill+1","Capacitor+1","Creative AI","Reinforced Body","Stack","Glacier","Defragment+1","Heatsinks+1"],"special_seed":0,"relics":["Cracked Core","Pocketwatch","Golden Idol","Ornamental Fan","Bag of Preparation","Centennial Puzzle","White Beast Statue","Nloth\u0027s Gift","Shuriken","Vajra","Bottled Tornado","Red Mask","War Paint","Tiny Chest","Eternal Feather","Blue Candle","The Courier","FossilizedHelix"],"potions_floor_usage":[50,50,50,50],"damage_taken":[{"damage":5.0,"enemies":"Small Slimes","floor":1.0,"turns":3.0},{"damage":5.0,"enemies":"2 Louse","floor":3.0,"turns":3.0},{"damage":0.0,"enemies":"Jaw Worm","floor":5.0,"turns":4.0},{"damage":10.0,"enemies":"3 Sentries","floor":10.0,"turns":8.0},{"damage":8.0,"enemies":"Lagavulin","floor":12.0,"turns":8.0},{"damage":4.0,"enemies":"Exordium Thugs","floor":14.0,"turns":2.0},{"damage":57.0,"enemies":"Hexaghost","floor":16.0,"turns":12.0},{"damage":2.0,"enemies":"Spheric Guardian","floor":18.0,"turns":3.0},{"damage":0.0,"enemies":"3 Byrds","floor":21.0,"turns":1.0},{"damage":2.0,"enemies":"Snecko","floor":22.0,"turns":4.0},{"damage":12.0,"enemies":"Book of Stabbing","floor":24.0,"turns":4.0},{"damage":0.0,"enemies":"Masked Bandits","floor":28.0,"turns":2.0},{"damage":12.0,"enemies":"Gremlin Leader","floor":29.0,"turns":3.0},{"damage":64.0,"enemies":"Collector","floor":33.0,"turns":11.0},{"damage":9.0,"enemies":"3 Darklings","floor":35.0,"turns":4.0},{"damage":5.0,"enemies":"Orb Walker","floor":38.0,"turns":4.0},{"damage":5.0,"enemies":"Jaw Worm Horde","floor":39.0,"turns":5.0},{"damage":12.0,"enemies":"Reptomancer","floor":41.0,"turns":5.0},{"damage":0.0,"enemies":"Sphere and 2 Shapes","floor":42.0,"turns":4.0},{"damage":10.0,"enemies":"Mind Bloom Boss Battle","floor":45.0,"turns":10.0},{"damage":0.0,"enemies":"3 Darklings","floor":47.0,"turns":3.0},{"damage":41,"enemies":"Donu and Deca","floor":50,"turns":14}],"seed_played":"-3034367838585044960","potions_obtained":[{"floor":1.0,"key":"Fire Potion"},{"floor":5.0,"key":"Poison Potion"},{"floor":12.0,"key":"Block Potion"},{"floor":16.0,"key":"AttackPotion"},{"floor":18.0,"key":"Block Potion"},{"floor":22.0,"key":"FocusPotion"},{"floor":24.0,"key":"Fruit Juice"},{"floor":28.0,"key":"AttackPotion"},{"floor":29.0,"key":"PowerPotion"},{"floor":33.0,"key":"Weak Potion"},{"floor":35.0,"key":"Explosive Potion"},{"floor":38.0,"key":"Regen Potion"},{"floor":39.0,"key":"AttackPotion"},{"floor":41.0,"key":"Explosive Potion"},{"floor":45.0,"key":"Energy Potion"},{"floor":47.0,"key":"EntropicBrew"}],"is_trial":false,"path_per_floor":["M","?","M","$","M","R","?","R","T","E","R","E","T","M","R","B",null,"M","?","$","M","M","R","E","R","T","R","?","E","$","?","R","B",null,"M","$","?","M","M","R","E","M","T","?","?","R","M","?","R","B",null],"character_chosen":"DEFECT","items_purchased":["Shuriken","Tiny Chest","Stack"],"campfire_rested":3,"item_purchase_floors":[20,30,36],"current_hp_per_floor":[59,59,54,54,54,54,64,64,64,54,54,46,46,42,61,4,49,47,47,47,47,45,64,57,57,57,57,57,45,45,45,65,1,52,43,43,43,38,47,62,50,50,50,50,40,58,58,58,69,28],"gold":313,"neow_bonus":"ONE_RARE_RELIC","is_prod":false,"is_daily":false,"chose_seed":false,"campfire_upgraded":8,"win_rate":0,"timestamp":1564780021,"path_taken":["M","?","M","$","M","R","?","R","T","E","R","E","?","M","R","BOSS","M","?","?","M","M","R","E","R","T","R","?","E","$","?","R","BOSS","M","$","?","M","M","R","E","?","T","?","?","R","M","?","R","BOSS"],"build_version":"2019-07-17","purchased_purges":0,"victory":true,"max_hp_per_floor":[71,64,64,64,64,64,64,64,64,64,64,64,64,64,64,64,64,64,64,64,64,64,64,69,69,69,69,69,69,69,69,69,69,69,69,69,69,69,69,69,69,69,69,69,69,69,69,69,69,69],"card_choices":[{"not_picked":["Blizzard","Rebound"],"picked":"Leap","floor":1.0},{"not_picked":["Undo","Hologram"],"picked":"Cold Snap","floor":3.0},{"not_picked":["Coolheaded","Creative AI"],"picked":"Conserve Battery","floor":5.0},{"not_picked":["Redo","Conserve Battery"],"picked":"Electrodynamics","floor":10.0},{"not_picked":["Redo","Rip and Tear"],"picked":"Compile Driver","floor":12.0},{"not_picked":["Doom and Gloom","Streamline"],"picked":"Conserve Battery","floor":14.0},{"not_picked":["Amplify","Core Surge"],"picked":"Biased Cognition","floor":16.0},{"not_picked":["Scrape","Skim"],"picked":"Leap+1","floor":18.0},{"not_picked":["Beam Cell","Leap"],"picked":"Defragment","floor":21.0},{"not_picked":["Lockon","Steam"],"picked":"Reboot","floor":22.0},{"not_picked":["Amplify","Conserve Battery"],"picked":"Go for the Eyes","floor":24.0},{"not_picked":["Barrage","Redo"],"picked":"Chill","floor":28.0},{"not_picked":["Machine Learning","Tempest"],"picked":"Capacitor","floor":29.0},{"not_picked":["Hyperbeam","Electrodynamics"],"picked":"Creative AI","floor":33.0},{"not_picked":["Streamline+1","Redo"],"picked":"Reinforced Body","floor":35.0},{"not_picked":["Doom and Gloom","Rebound","Compile Driver"],"picked":"SKIP","floor":38.0},{"not_picked":["Melter","Thunder Strike"],"picked":"Glacier","floor":39.0},{"not_picked":["Sweeping Beam","Doom and Gloom+1"],"picked":"Defragment","floor":41.0},{"not_picked":["Heatsinks","Compile Driver","Steam"],"picked":"SKIP","floor":42.0},{"not_picked":["Streamline+1","Stack"],"picked":"Heatsinks+1","floor":45.0},{"not_picked":["Fusion","Barrage","Redo"],"picked":"SKIP","floor":47.0}],"player_experience":394985,"relics_obtained":[{"floor":9.0,"key":"Ornamental Fan"},{"floor":10.0,"key":"Whetstone"},{"floor":12.0,"key":"Bag of Preparation"},{"floor":13.0,"key":"Centennial Puzzle"},{"floor":24.0,"key":"Vajra"},{"floor":26.0,"key":"Bottled Tornado"},{"floor":28.0,"key":"Red Mask"},{"floor":29.0,"key":"War Paint"},{"floor":41.0,"key":"Blue Candle"},{"floor":43.0,"key":"The Courier"},{"floor":45.0,"key":"FossilizedHelix"}],"event_choices":[{"damage_healed":0.0,"max_hp_gain":0.0,"max_hp_loss":7.0,"gold_gain":0.0,"event_name":"Golden Idol","player_choice":"Lose Max HP","floor":2.0,"gold_loss":0.0,"damage_taken":0.0,"relics_obtained":["Golden Idol"]},{"damage_healed":16.0,"max_hp_gain":0.0,"max_hp_loss":0.0,"gold_gain":0.0,"event_name":"The Cleric","player_choice":"Healed","floor":7.0,"gold_loss":35.0,"damage_taken":0.0},{"damage_healed":0.0,"max_hp_gain":0.0,"max_hp_loss":0.0,"gold_gain":0.0,"event_name":"N\u0027loth","player_choice":"Traded Relic","floor":19.0,"relics_lost":["Whetstone"],"gold_loss":0.0,"damage_taken":0.0,"relics_obtained":["Nloth\u0027s Gift"]},{"damage_healed":0.0,"max_hp_gain":0.0,"max_hp_loss":0.0,"gold_gain":0.0,"event_name":"Masked Bandits","player_choice":"Fought Bandits","floor":28.0,"gold_loss":0.0,"damage_taken":0.0},{"damage_healed":0.0,"max_hp_gain":0.0,"max_hp_loss":0.0,"gold_gain":0.0,"event_name":"Vampires","player_choice":"Ignored","floor":31.0,"gold_loss":0.0,"damage_taken":0.0},{"damage_healed":0.0,"max_hp_gain":0.0,"max_hp_loss":0.0,"gold_gain":0.0,"event_name":"Designer","player_choice":"Upgraded Two","floor":37.0,"gold_loss":50.0,"damage_taken":0.0,"cards_upgraded":["Strike_B","Chill"]},{"damage_healed":0.0,"max_hp_gain":0.0,"max_hp_loss":0.0,"gold_gain":0.0,"event_name":"Tomb of Lord Red Mask","player_choice":"Ignored","floor":44.0,"gold_loss":0.0,"damage_taken":0.0},{"damage_healed":0.0,"max_hp_gain":0.0,"max_hp_loss":0.0,"gold_gain":0.0,"event_name":"MindBloom","player_choice":"Fight","floor":45.0,"gold_loss":0.0,"damage_taken":0.0},{"cards_removed":["Defend_B"],"damage_healed":0.0,"max_hp_gain":0.0,"max_hp_loss":0.0,"gold_gain":0.0,"event_name":"Falling","player_choice":"Removed Skill","floor":48.0,"gold_loss":0.0,"damage_taken":0.0}],"is_beta":false,"boss_relics":[{"not_picked":["Fusion Hammer","Ectoplasm"],"picked":"White Beast Statue"},{"not_picked":["FrozenCore","Tiny House"],"picked":"Eternal Feather"}],"items_purged_floors":[],"is_endless":false,"potions_floor_spawned":[1,5,12,16,18,21,22,24,28,29,33,35,38,39,41,42,45,47],"ascension_level":19}