{"gold_per_floor":[117,134,145,156,167,192,211,211,211,227,192,207,227,246,246,346,346,327,347,22,42,42,42,58,69,93,105,42,86,13,45,57,170,182,206,229,241,266,278],"floor_reached":39,"playtime":5049,"items_purged":[],"score":420,"play_id":"fc42be7f-ef29-4863-95cc-d254279ae64f","local_time":"20190714165836","is_ascension_mode":false,"campfire_choices":[{"floor":8.0,"key":"REST"},{"floor":15.0,"key":"REST"},{"floor":23.0,"key":"REST"},{"floor":27.0,"key":"REST"},{"floor":32,"key":"REST"}],"neow_cost":"NONE","seed_source_timestamp":0,"circlet_count":0,"master_deck":["Strike_B","Strike_B","Defend_B","Defend_B","Defend_B","Zap","Dualcast","Doom and Gloom","Go for the Eyes","Sweeping Beam","Double Energy","Chill","White Noise","Lockon","Leap","Force Field","All For One+1","Ball Lightning+1","Genetic Algorithm","Reinforced Body","Seek","Thunder Strike+1","Melter+1","Rebound+1","Apotheosis","Reinforced Body","Lockon+1","Ball Lightning+1","Go for the Eyes+1","Rebound+1","FTL+1","Scrape+1","FTL+1","Electrodynamics","Ball Lightning+1","Fusion+1","Rebound+1","Machine Learning"],"special_seed":0,"relics":["Cracked Core","Dream Catcher","Molten Egg 2","Philosopher\u0027s Stone","PreservedInsect","MawBank","StoneCalendar","Inserter"],"potions_floor_usage":[33,33,33],"damage_taken":[{"damage":2.0,"enemies":"2 Louse","floor":1.0,"turns":3.0},{"damage":0.0,"enemies":"Jaw Worm","floor":2.0,"turns":3.0},{"damage":1.0,"enemies":"Cultist","floor":3.0,"turns":3.0},{"damage":6.0,"enemies":"Blue Slaver","floor":4.0,"turns":3.0},{"damage":0.0,"enemies":"3 Louse","floor":5.0,"turns":2.0},{"damage":24.0,"enemies":"Lagavulin","floor":6.0,"turns":7.0},{"damage":12.0,"enemies":"Gremlin Gang","floor":7.0,"turns":4.0},{"damage":10.0,"enemies":"Blue Slaver","floor":10.0,"turns":3.0},{"damage":8.0,"enemies":"3 Louse","floor":12.0,"turns":2.0},{"damage":6.0,"enemies":"Exordium Wildlife","floor":13.0,"turns":3.0},{"damage":0.0,"enemies":"Large Slime","floor":14.0,"turns":4.0},{"damage":10.0,"enemies":"Hexaghost","floor":16.0,"turns":10.0},{"damage":20.0,"enemies":"2 Thieves","floor":18.0,"turns":5.0},{"damage":0.0,"enemies":"Spheric Guardian","floor":19.0,"turns":2.0},{"damage":13.0,"enemies":"Centurion and Healer","floor":21.0,"turns":6.0},{"damage":18.0,"enemies":"Snake Plant","floor":24.0,"turns":4.0},{"damage":5.0,"enemies":"Snecko","floor":25.0,"turns":4.0},{"damage":11.0,"enemies":"Shelled Parasite and Fungi","floor":29.0,"turns":5.0},{"damage":0,"enemies":"Cultist and Chosen","floor":31,"turns":5},{"damage":56,"enemies":"Automaton","floor":33,"turns":8},{"damage":27,"enemies":"3 Darklings","floor":35,"turns":6},{"damage":26,"enemies":"3 Shapes","floor":36,"turns":4},{"damage":0,"enemies":"Sphere and 2 Shapes","floor":38,"turns":4},{"damage":25,"enemies":"Writhing Mass","floor":39,"turns":4}],"seed_played":"-6561974054035584628","potions_obtained":[{"floor":5.0,"key":"Block Potion"},{"floor":7.0,"key":"Fire Potion"},{"floor":10.0,"key":"Energy Potion"},{"floor":12.0,"key":"Swift Potion"},{"floor":16.0,"key":"Ancient Potion"},{"floor":24.0,"key":"AttackPotion"},{"floor":25.0,"key":"Explosive Potion"},{"floor":29,"key":"PowerPotion"},{"floor":38,"key":"LiquidBronze"}],"is_trial":false,"path_per_floor":["M","M","M","M","M","E","M","R","T","M","?","M","M","M","R","B",null,"M","M","$","M","?","R","M","M","T","R","?","M","?","M","R","B",null,"M","M","?","M","M"],"character_chosen":"DEFECT","items_purchased":["PreservedInsect","Apotheosis"],"campfire_rested":5,"item_purchase_floors":[20,20],"current_hp_per_floor":[73,73,72,66,66,42,30,52,52,42,60,52,46,46,68,58,75,55,55,55,42,42,64,46,41,41,63,63,52,52,52,74,18,75,48,22,22,22,0],"gold":278,"neow_bonus":"THREE_CARDS","is_prod":false,"is_daily":false,"chose_seed":false,"campfire_upgraded":0,"win_rate":0.0,"timestamp":1563137916,"path_taken":["M","M","M","M","M","E","M","R","T","M","?","M","M","M","R","BOSS","M","M","$","M","?","R","M","M","T","R","?","M","?","M","R","BOSS","M","M","?","M","M"],"build_version":"2019-07-05","purchased_purges":0,"victory":false,"max_hp_per_floor":[75,75,75,75,75,75,75,75,75,75,75,75,75,75,75,75,75,75,75,75,75,75,75,75,75,75,75,75,75,75,75,75,75,75,75,75,75,75,75],"card_choices":[{"not_picked":["Ball Lightning","Stack"],"picked":"Doom and Gloom","floor":0.0},{"not_picked":["Steam","Stack"],"picked":"Go for the Eyes","floor":1.0},{"not_picked":["Stack","Steam"],"picked":"Sweeping Beam","floor":2.0},{"not_picked":["Doom and Gloom","Go for the Eyes"],"picked":"Double Energy","floor":3.0},{"not_picked":["Double Energy","Beam Cell"],"picked":"Chill","floor":4.0},{"not_picked":["Compile Driver","Beam Cell"],"picked":"White Noise","floor":5.0},{"not_picked":["Consume","Conserve Battery"],"picked":"Lockon","floor":6.0},{"not_picked":["Compile Driver","Hologram"],"picked":"Leap","floor":7.0},{"not_picked":["Rebound","Steam"],"picked":"Force Field","floor":8.0},{"not_picked":["Beam Cell+1","Go for the Eyes+1"],"picked":"All For One+1","floor":10.0},{"not_picked":["Conserve Battery","Sweeping Beam+1"],"picked":"Ball Lightning+1","floor":12.0},{"not_picked":["Leap","Conserve Battery"],"picked":"Genetic Algorithm","floor":13.0},{"not_picked":["Melter+1","Coolheaded"],"picked":"Reinforced Body","floor":14.0},{"not_picked":["Steam","Undo"],"picked":"Seek","floor":15.0},{"not_picked":["All For One+1","Rainbow"],"picked":"Thunder Strike+1","floor":16.0},{"not_picked":["Streamline+1","Beam Cell+1"],"picked":"Melter+1","floor":18.0},{"not_picked":["Compile Driver+1","Hologram"],"picked":"Rebound+1","floor":19.0},{"not_picked":["Streamline+1","Melter+1"],"picked":"Reinforced Body","floor":21.0},{"not_picked":["Leap","Streamline+1"],"picked":"Lockon+1","floor":23.0},{"not_picked":["Leap","Blizzard+1"],"picked":"Ball Lightning+1","floor":24.0},{"not_picked":["Beam Cell+1","Steam"],"picked":"Go for the Eyes+1","floor":25.0},{"not_picked":["Stack+1","Doom and Gloom+1"],"picked":"Rebound+1","floor":27.0},{"not_picked":["Blizzard+1","Barrage+1"],"picked":"FTL+1","floor":29},{"not_picked":["Steam","Go for the Eyes+1"],"picked":"Scrape+1","floor":31},{"not_picked":["Barrage+1","Chill"],"picked":"FTL+1","floor":32},{"not_picked":["Echo Form","Reboot"],"picked":"Electrodynamics","floor":33},{"not_picked":["Hologram","Redo"],"picked":"Ball Lightning+1","floor":35},{"not_picked":["Barrage+1","Go for the Eyes+1"],"picked":"Fusion+1","floor":36},{"not_picked":["Steam","Darkness+1"],"picked":"Machine Learning","floor":38}],"player_experience":47128,"relics_obtained":[{"floor":6.0,"key":"Dream Catcher"},{"floor":9.0,"key":"Molten Egg 2"},{"floor":26.0,"key":"MawBank"}],"event_choices":[{"damage_healed":18.0,"max_hp_gain":0.0,"max_hp_loss":0.0,"gold_gain":0.0,"event_name":"The Cleric","player_choice":"Healed","floor":11.0,"gold_loss":35.0,"damage_taken":0.0},{"cards_removed":["Strike_B"],"damage_healed":0.0,"max_hp_gain":0.0,"max_hp_loss":0.0,"gold_gain":0.0,"event_name":"Back to Basics","player_choice":"Elegance","floor":22.0,"gold_loss":0.0,"damage_taken":0.0},{"cards_removed":["Strike_B"],"damage_healed":0.0,"max_hp_gain":0.0,"max_hp_loss":0.0,"gold_gain":0.0,"event_name":"Beggar","player_choice":"Gave Gold","floor":28.0,"gold_loss":75.0,"damage_taken":0.0},{"damage_healed":0,"gold_gain":0,"player_choice":"Obtained Relic","damage_taken":0,"relics_obtained":["StoneCalendar"],"max_hp_gain":0,"max_hp_loss":0,"event_name":"Addict","floor":30,"gold_loss":85},{"damage_healed":0,"gold_gain":0,"cards_transformed":["Defend_B"],"player_choice":"Transformed","damage_taken":0,"max_hp_gain":0,"max_hp_loss":0,"event_name":"Transmorgrifier","floor":37,"gold_loss":0,"cards_obtained":["Rebound"]}],"is_beta":false,"boss_relics":[{"not_picked":["Velvet Choker","Empty Cage"],"picked":"Philosopher\u0027s Stone"},{"not_picked":["FrozenCore","Coffee Dripper"],"picked":"Inserter"}],"items_purged_floors":[],"is_endless":false,"potions_floor_spawned":[5,7,10,12,16,24,25,29,38],"killed_by":"Writhing Mass","ascension_level":0}