{"gold_per_floor":[115,115,115,130,205,205,78,133,133,133,147,147,147,2,2,98,98,113,132,132,132,132,132,143,143,143,68,68,68,87,99,99,99],"floor_reached":33,"playtime":1252,"items_purged":["Defend_R","Strike_R"],"score":266,"play_id":"b0cd21c9-87d1-401b-9cbf-aebe6fb5edec","local_time":"20190804033711","is_ascension_mode":false,"campfire_choices":[{"data":"Bash","floor":6.0,"key":"SMITH"},{"data":"Thunderclap","floor":10.0,"key":"SMITH"},{"data":"True Grit","floor":13.0,"key":"SMITH"},{"data":"Flex","floor":15.0,"key":"SMITH"},{"data":"Flex","floor":23.0,"key":"SMITH"},{"data":"Armaments","floor":25.0,"key":"SMITH"},{"data":"Whirlwind","floor":32,"key":"SMITH"}],"neow_cost":"NONE","seed_source_timestamp":8321646675982,"circlet_count":0,"master_deck":["Strike_R","Strike_R+1","Strike_R+1","Defend_R","Defend_R","Bash+1","Thunderclap+1","Clash","Headbutt","Twin Strike","Flex+1","Uppercut+1","Flex+1","Bloodletting","Armaments+1","Strike_B","Sword Boomerang+1","Whirlwind+1","Corruption+1","Thunderclap+1","Havoc+1"],"special_seed":0,"relics":["Burning Blood","Omamori","Blue Candle","Self Forming Clay","Velvet Choker","Pear","Frozen Egg 2","Bottled Tornado"],"potions_floor_usage":[33,33,33,33,33,33],"damage_taken":[{"damage":0.0,"enemies":"2 Louse","floor":1.0,"turns":2.0},{"damage":0.0,"enemies":"Small Slimes","floor":4.0,"turns":2.0},{"damage":26.0,"enemies":"3 Sentries","floor":8.0,"turns":9.0},{"damage":6.0,"enemies":"Jaw Worm","floor":11.0,"turns":2.0},{"damage":0.0,"enemies":"Lagavulin","floor":12.0,"turns":1.0},{"damage":11.0,"enemies":"Slime Boss","floor":16.0,"turns":7.0},{"damage":7.0,"enemies":"Shell Parasite","floor":18.0,"turns":2.0},{"damage":1.0,"enemies":"Spheric Guardian","floor":19.0,"turns":3.0},{"damage":6.0,"enemies":"Snake Plant","floor":24.0,"turns":3.0},{"damage":4,"enemies":"Centurion and Healer","floor":30,"turns":4},{"damage":27,"enemies":"Sentry and Sphere","floor":31,"turns":4},{"damage":91,"enemies":"Champ","floor":33,"turns":8}],"seed_played":"-6808567168248883450","potions_obtained":[{"floor":1.0,"key":"Poison Potion"},{"floor":11.0,"key":"SmokeBomb"},{"floor":16.0,"key":"Fire Potion"},{"floor":18.0,"key":"LiquidBronze"},{"floor":19.0,"key":"EntropicBrew"},{"floor":24.0,"key":"Strength Potion"}],"is_trial":false,"path_per_floor":["M","?","?","M","?","R","$","?","T","R","M","E","R","$","R","B",null,"M","M","?","?","?","R","M","R","T","$","?","T","M","M","R","B"],"character_chosen":"IRONCLAD","items_purchased":["Headbutt","Flex","Whirlwind"],"campfire_rested":0,"item_purchase_floors":[7,14,27],"current_hp_per_floor":[80,64,69,75,64,64,64,44,44,44,44,50,50,50,50,45,85,84,85,85,95,95,95,95,95,95,95,95,95,95,74,74,0],"gold":99,"neow_bonus":"RANDOM_COMMON_RELIC","is_prod":false,"is_daily":false,"chose_seed":false,"campfire_upgraded":7,"win_rate":0,"timestamp":1564911431,"path_taken":["M","?","?","M","?","R","$","?","T","R","M","E","R","$","R","BOSS","M","M","?","?","?","R","?","R","T","$","?","?","M","M","R","BOSS"],"build_version":"2019-07-17","purchased_purges":2,"victory":false,"max_hp_per_floor":[80,80,85,85,85,85,85,85,85,85,85,85,85,85,85,85,85,85,85,85,95,95,95,95,95,95,95,95,95,95,95,95,95],"card_choices":[{"not_picked":["Pummel","Anger"],"picked":"Thunderclap","floor":1.0},{"not_picked":["Rage","Sword Boomerang"],"picked":"Clash","floor":4.0},{"not_picked":["Evolve","Wild Strike"],"picked":"Twin Strike","floor":8.0},{"not_picked":["Shrug It Off","Power Through"],"picked":"True Grit","floor":11.0},{"not_picked":["Combust","Wild Strike"],"picked":"Uppercut+1","floor":18.0},{"not_picked":["Perfected Strike","Bloodletting+1"],"picked":"Flex","floor":19.0},{"not_picked":["Cleave","Pommel Strike"],"picked":"Sword Boomerang+1","floor":24.0},{"not_picked":["Anger+1","Armaments"],"picked":"Thunderclap+1","floor":30},{"not_picked":["Thunderclap+1","Exhume"],"picked":"Havoc+1","floor":31}],"player_experience":1617233,"relics_obtained":[{"floor":8.0,"key":"Blue Candle"},{"floor":9.0,"key":"Self Forming Clay"},{"floor":26.0,"key":"Frozen Egg 2"},{"floor":29,"key":"Bottled Tornado"}],"event_choices":[{"damage_healed":0.0,"max_hp_gain":0.0,"max_hp_loss":0.0,"gold_gain":0.0,"event_name":"Shining Light","player_choice":"Entered Light","floor":2.0,"gold_loss":0.0,"damage_taken":16.0,"cards_upgraded":["Strike_R","Strike_R"]},{"damage_healed":0.0,"max_hp_gain":5.0,"max_hp_loss":0.0,"gold_gain":0.0,"event_name":"Big Fish","player_choice":"Donut","floor":3.0,"gold_loss":0.0,"damage_taken":0.0},{"damage_healed":0.0,"max_hp_gain":0.0,"max_hp_loss":0.0,"gold_gain":75.0,"event_name":"World of Goop","player_choice":"Gather Gold","floor":5.0,"gold_loss":0.0,"damage_taken":11.0},{"damage_healed":0.0,"max_hp_gain":0.0,"max_hp_loss":0.0,"gold_gain":30.0,"event_name":"Dead Adventurer","player_choice":"Searched \u00272\u0027 times","floor":8.0,"gold_loss":0.0,"damage_taken":0.0},{"damage_healed":0.0,"max_hp_gain":0.0,"max_hp_loss":0.0,"gold_gain":0.0,"cards_transformed":["Strike_R","Defend_R"],"event_name":"Drug Dealer","player_choice":"Became Test Subject","floor":20.0,"gold_loss":0.0,"damage_taken":0.0,"cards_obtained":["Bloodletting","Armaments"]},{"damage_healed":0.0,"max_hp_gain":0.0,"max_hp_loss":0.0,"gold_gain":0.0,"event_name":"The Mausoleum","player_choice":"Opened","floor":21.0,"gold_loss":0.0,"damage_taken":0.0,"relics_obtained":["Pear"],"cards_obtained":["Writhe"]},{"cards_removed":["True Grit"],"damage_healed":0.0,"max_hp_gain":0.0,"max_hp_loss":0.0,"gold_gain":0.0,"event_name":"NoteForYourself","player_choice":"Took Card","floor":22.0,"gold_loss":0.0,"damage_taken":0.0,"cards_obtained":["Strike_B"]},{"damage_healed":0,"gold_gain":0,"player_choice":"Read","damage_taken":0,"max_hp_gain":0,"max_hp_loss":0,"event_name":"The Library","floor":28,"gold_loss":0,"cards_obtained":["Corruption"]}],"is_beta":false,"boss_relics":[{"not_picked":["Eternal Feather","Empty Cage"],"picked":"Velvet Choker"}],"items_purged_floors":[7,14],"is_endless":false,"potions_floor_spawned":[1,11,16,18,19,24,31],"killed_by":"Champ","ascension_level":0}