{"gold_per_floor":[115,126,141,151,3,3,37,37,61,88,88,115,115,15,15,15],"floor_reached":16,"playtime":640,"items_purged":["Strike_R","Strike_R"],"score":183,"play_id":"33014570-f479-4814-b55b-13c55067bf04","local_time":"20190624211216","is_ascension_mode":true,"campfire_choices":[{"floor":6,"key":"REST"},{"floor":8,"key":"REST"},{"floor":11,"key":"REST"},{"data":"1","floor":13,"key":"LIFT"},{"floor":15,"key":"REST"}],"neow_cost":"PERCENT_DAMAGE","seed_source_timestamp":438289271250051,"circlet_count":0,"master_deck":["AscendersBane","Strike_R","Strike_R+1","Strike_R","Defend_R","Defend_R","Defend_R","Defend_R","Bash","Hemokinesis","Flame Barrier","Disarm","Headbutt+1","Shockwave","Armaments","Corruption","Twin Strike"],"relics":["Burning Blood","Peace Pipe","Bag of Preparation","Potion Belt","Whetstone","Girya"],"potions_floor_usage":[7,12,12],"damage_taken":[{"damage":2,"enemies":"Jaw Worm","floor":1,"turns":3},{"damage":3,"enemies":"Cultist","floor":2,"turns":4},{"damage":5,"enemies":"2 Louse","floor":3,"turns":2},{"damage":36,"enemies":"Large Slime","floor":4,"turns":7},{"damage":42,"enemies":"3 Sentries","floor":7,"turns":7},{"damage":21,"enemies":"Gremlin Nob","floor":10,"turns":4},{"damage":27,"enemies":"3 Sentries","floor":12,"turns":10},{"damage":55,"enemies":"Slime Boss","floor":16,"turns":8}],"seed_played":"2163832451221509687","potions_obtained":[{"floor":2,"key":"FearPotion"},{"floor":4,"key":"GamblersBrew"},{"floor":10,"key":"Poison Potion"}],"is_trial":false,"path_per_floor":["M","M","M","M","$","R","E","R","T","E","R","E","R","$","R","B"],"character_chosen":"IRONCLAD","items_purchased":["Shockwave"],"campfire_rested":4,"item_purchase_floors":[5],"current_hp_per_floor":[55,58,59,29,29,53,17,41,41,26,50,29,29,29,53,0],"gold":15,"neow_bonus":"ONE_RARE_RELIC","is_prod":false,"is_daily":false,"chose_seed":false,"campfire_upgraded":0,"win_rate":0,"timestamp":1561428736,"path_taken":["M","M","M","M","$","R","E","R","T","E","R","E","R","$","R","BOSS"],"build_version":"2019-01-23","purchased_purges":2,"victory":false,"max_hp_per_floor":[80,80,80,80,80,80,80,80,80,80,80,80,80,80,80,80],"card_choices":[{"not_picked":["Heavy Blade","Blood for Blood"],"picked":"Hemokinesis","floor":1},{"not_picked":["Clash","Headbutt"],"picked":"Flame Barrier","floor":2},{"not_picked":["Entrench","Inflame"],"picked":"Disarm","floor":3},{"not_picked":["Body Slam","Sword Boomerang"],"picked":"Headbutt","floor":4},{"not_picked":["Combust","Bloodletting"],"picked":"Armaments","floor":7},{"not_picked":["Headbutt","Thunderclap"],"picked":"Corruption","floor":10},{"not_picked":["Rampage","Infernal Blade"],"picked":"Twin Strike","floor":12}],"player_experience":393779,"relics_obtained":[{"floor":7,"key":"Bag of Preparation"},{"floor":9,"key":"Potion Belt"},{"floor":10,"key":"Whetstone"},{"floor":12,"key":"Girya"}],"event_choices":[],"is_beta":false,"boss_relics":[],"items_purged_floors":[5,14],"is_endless":false,"potions_floor_spawned":[2,4,10],"killed_by":"Slime Boss","ascension_level":11}