{"gold_per_floor":[116,43,43,60,11,11,31,8,8,8,19,34,44,56,56,152,152,164,164,3,14,14,27,27,27,27,27,39,55,55,4,4,108,108,124,144,144,159,170,170,183,183,183,183,183],"floor_reached":45,"playtime":4230,"items_purged":["Zap"],"score":407,"play_id":"234a50cd-8046-4fc0-bd38-fbf1d0da9846","local_time":"20190803162842","is_ascension_mode":false,"campfire_choices":[{"data":"Steam","floor":6,"key":"SMITH"},{"floor":15,"key":"REST"},{"floor":25,"key":"REST"},{"data":"Chaos","floor":27,"key":"SMITH"},{"data":"Biased Cognition","floor":30,"key":"SMITH"},{"data":"Conserve Battery","floor":32,"key":"SMITH"},{"floor":40,"key":"REST"},{"data":"Self Repair","floor":42,"key":"SMITH"},{"data":"Electrodynamics","floor":44,"key":"SMITH"}],"neow_cost":"NONE","seed_source_timestamp":161397809846100,"circlet_count":0,"master_deck":["Strike_B","Strike_B","Defend_B","Defend_B","Defend_B","Dualcast","Ball Lightning","Redo","Ball Lightning","Redo","Steam+1","Coolheaded","Cold Snap","Self Repair+1","Streamline+1","Sweeping Beam+1","Conserve Battery+1","Machine Learning","Blizzard+1","Skim+1","Conserve Battery+1","Glacier+1","Bandage Up","Cold Snap+1","Chaos+1","Sweeping Beam+1","Biased Cognition+1","Electrodynamics+1","Scrape+1","Heatsinks+1","Conserve Battery+1","Gash+1","Sweeping Beam+1","Coolheaded+1"],"relics":["Cracked Core","Odd Mushroom","Molten Egg 2","Astrolabe","Kunai","Nuclear Battery","Mummified Hand"],"potions_floor_usage":[21,33,33,45],"damage_taken":[{"damage":1,"enemies":"Cultist","floor":1,"turns":4},{"damage":0,"enemies":"2 Louse","floor":4,"turns":2},{"damage":26,"enemies":"The Mushroom Lair","floor":7,"turns":5},{"damage":3,"enemies":"Jaw Worm","floor":11,"turns":2},{"damage":9,"enemies":"2 Fungi Beasts","floor":12,"turns":3},{"damage":0,"enemies":"Exordium Wildlife","floor":13,"turns":2},{"damage":16,"enemies":"Large Slime","floor":14,"turns":5},{"damage":47,"enemies":"Hexaghost","floor":16,"turns":13},{"damage":2,"enemies":"Chosen","floor":18,"turns":4},{"damage":23,"enemies":"2 Thieves","floor":21,"turns":5},{"damage":5,"enemies":"Snecko","floor":23,"turns":6},{"damage":6,"enemies":"3 Cultists","floor":28,"turns":5},{"damage":11,"enemies":"Sentry and Sphere","floor":29,"turns":6},{"damage":79,"enemies":"Collector","floor":33,"turns":14},{"damage":6,"enemies":"3 Shapes","floor":35,"turns":3},{"damage":17,"enemies":"3 Darklings","floor":36,"turns":6},{"damage":11,"enemies":"4 Shapes","floor":38,"turns":5},{"damage":17,"enemies":"Transient","floor":39,"turns":5},{"damage":11,"enemies":"Sphere and 2 Shapes","floor":41,"turns":3},{"damage":84,"enemies":"Maw","floor":45,"turns":9}],"seed_played":"-6302399585556510395","potions_obtained":[{"floor":1,"key":"AttackPotion"},{"floor":7,"key":"LiquidBronze"},{"floor":11,"key":"Weak Potion"},{"floor":16,"key":"Ancient Potion"},{"floor":18,"key":"Ancient Potion"},{"floor":36,"key":"PowerPotion"},{"floor":38,"key":"EssenceOfSteel"}],"is_trial":false,"path_per_floor":["M","$","?","M","$","R","?","$","T","?","M","M","M","M","R","B",null,"M","?","$","M","?","M","$","R","T","R","M","M","R","$","R","B",null,"M","M","?","M","M","R","M","R","T","R","M"],"character_chosen":"DEFECT","items_purchased":["Redo","Ball Lightning","Steam","Cold Snap","Bandage Up","Fire Potion"],"campfire_rested":3,"item_purchase_floors":[2,2,5,8,20,31],"current_hp_per_floor":[81,81,81,81,81,81,55,55,55,55,52,50,50,41,65,25,82,82,82,82,70,54,60,60,86,86,86,87,83,83,83,83,15,87,87,70,70,70,64,87,76,76,76,76,0],"gold":183,"neow_bonus":"TEN_PERCENT_HP_BONUS","is_prod":false,"is_daily":false,"chose_seed":false,"campfire_upgraded":6,"win_rate":0.0,"timestamp":1564842522,"path_taken":["M","$","?","M","$","R","?","?","T","?","M","M","?","M","R","BOSS","M","?","$","M","?","M","?","R","T","R","M","M","R","$","R","BOSS","M","M","?","M","?","R","M","R","T","R","M"],"build_version":"2019-07-17","purchased_purges":1,"victory":false,"max_hp_per_floor":[82,82,82,82,82,82,82,82,82,82,82,82,82,82,82,82,82,82,82,82,82,87,87,87,87,87,87,87,87,87,87,87,87,87,87,87,87,87,87,87,87,87,87,87,87],"card_choices":[{"not_picked":["White Noise","Gash"],"picked":"Ball Lightning","floor":1},{"not_picked":["Beam Cell","Hello World"],"picked":"Redo","floor":4},{"not_picked":["Barrage","Fusion"],"picked":"Coolheaded","floor":7},{"not_picked":["Stack","Hologram"],"picked":"Self Repair","floor":11},{"not_picked":["Conserve Battery","Double Energy"],"picked":"Streamline+1","floor":12},{"not_picked":["Ball Lightning+1","Beam Cell+1"],"picked":"Sweeping Beam+1","floor":13},{"not_picked":["Blizzard+1","Force Field"],"picked":"Conserve Battery","floor":14},{"not_picked":["Fission","Seek"],"picked":"Machine Learning","floor":16},{"not_picked":["Tempest","Redo"],"picked":"Glacier+1","floor":18},{"not_picked":["Consume","Compile Driver+1"],"picked":"Cold Snap+1","floor":21},{"not_picked":["Coolheaded","Hello World+1"],"picked":"Chaos","floor":23},{"not_picked":["Redo","Skim+1"],"picked":"Sweeping Beam+1","floor":28},{"not_picked":["Conserve Battery","Hologram+1"],"picked":"Biased Cognition","floor":29},{"not_picked":["Creative AI","Seek"],"picked":"Electrodynamics","floor":33},{"not_picked":["Steam Power+1","Redo"],"picked":"Scrape+1","floor":35},{"not_picked":["Sweeping Beam+1","Go for the Eyes+1"],"picked":"Heatsinks+1","floor":36},{"not_picked":["Hologram","Coolheaded"],"picked":"Gash+1","floor":38},{"not_picked":["Darkness+1","Buffer"],"picked":"Sweeping Beam+1","floor":39},{"not_picked":["Gash+1","Steam"],"picked":"Coolheaded+1","floor":41}],"player_experience":13823,"relics_obtained":[{"floor":7,"key":"Odd Mushroom"},{"floor":9,"key":"Molten Egg 2"},{"floor":26,"key":"Kunai"},{"floor":43,"key":"Mummified Hand"}],"event_choices":[{"damage_healed":0,"gold_gain":0,"player_choice":"Ignored","damage_taken":0,"max_hp_gain":0,"max_hp_loss":0,"event_name":"Liars Game","floor":3,"gold_loss":0},{"damage_healed":0,"gold_gain":0,"player_choice":"Fought Mushrooms","damage_taken":0,"max_hp_gain":0,"max_hp_loss":0,"event_name":"Mushrooms","floor":7,"gold_loss":0},{"damage_healed":0,"gold_gain":0,"player_choice":"Searched \u00271\u0027 times","damage_taken":0,"max_hp_gain":0,"max_hp_loss":0,"event_name":"Dead Adventurer","floor":10,"gold_loss":0},{"damage_healed":0,"gold_gain":0,"player_choice":"Ignored","damage_taken":0,"max_hp_gain":0,"max_hp_loss":0,"event_name":"The Mausoleum","floor":19,"gold_loss":0},{"damage_healed":0,"gold_gain":0,"player_choice":"Shed Blood","damage_taken":21,"max_hp_gain":5,"max_hp_loss":0,"event_name":"Forgotten Altar","floor":22,"gold_loss":0},{"damage_healed":0,"gold_gain":0,"player_choice":"Copied","damage_taken":0,"max_hp_gain":0,"max_hp_loss":0,"event_name":"Duplicator","floor":37,"gold_loss":0,"cards_obtained":["Conserve Battery"]}],"is_beta":false,"boss_relics":[{"not_picked":["Busted Crown","Black Star"],"picked":"Astrolabe"},{"not_picked":["Orrery","Philosopher\u0027s Stone"],"picked":"Nuclear Battery"}],"items_purged_floors":[20],"is_endless":false,"potions_floor_spawned":[1,7,11,16,18,36,38],"killed_by":"Maw","ascension_level":0}