{"gold_per_floor":[109,125,137,312,312,312,339,351,351,363,379,379],"floor_reached":12,"playtime":551,"items_purged":[],"score":135,"play_id":"80e4379e-26ea-42be-9c91-6c86e4ab3567","local_time":"20190628161820","is_ascension_mode":true,"campfire_choices":[{"data":"Clothesline","floor":6,"key":"SMITH"}],"neow_cost":"NONE","seed_source_timestamp":9080004167605,"circlet_count":0,"master_deck":["AscendersBane","Strike_R","Strike_R","Strike_R","Strike_R","Strike_R","Defend_R","Defend_R","Defend_R","Defend_R","Bash","Clothesline+1","Armaments","Impervious","Flame Barrier","Hemokinesis","Whirlwind"],"relics":["Burning Blood","Omamori","Kunai","Singing Bowl","Pantograph"],"potions_floor_usage":[10,12],"damage_taken":[{"damage":6,"enemies":"Cultist","floor":1,"turns":3},{"damage":13,"enemies":"Jaw Worm","floor":2,"turns":4},{"damage":3,"enemies":"2 Louse","floor":3,"turns":4},{"damage":46,"enemies":"Gremlin Nob","floor":7,"turns":6},{"damage":6,"enemies":"Looter","floor":8,"turns":3},{"damage":6,"enemies":"2 Fungi Beasts","floor":10,"turns":3},{"damage":18,"enemies":"Large Slime","floor":11,"turns":6},{"damage":22,"enemies":"3 Sentries","floor":12,"turns":8}],"seed_played":"-7580955347303682651","potions_obtained":[{"floor":7,"key":"Poison Potion"},{"floor":10,"key":"SpeedPotion"},{"floor":11,"key":"SteroidPotion"}],"is_trial":false,"path_per_floor":["M","M","M","?","?","R","E","M","T","M","M","E"],"character_chosen":"IRONCLAD","items_purchased":[],"campfire_rested":0,"item_purchase_floors":[],"current_hp_per_floor":[72,65,68,68,68,68,28,28,28,28,18,0],"gold":379,"neow_bonus":"RANDOM_COMMON_RELIC","is_prod":false,"is_daily":false,"chose_seed":false,"campfire_upgraded":1,"win_rate":0,"timestamp":1561756700,"path_taken":["M","M","?","?","?","R","E","M","T","M","M","E"],"build_version":"2019-01-23","purchased_purges":0,"victory":false,"max_hp_per_floor":[80,80,80,80,80,80,80,80,80,80,82,82],"card_choices":[{"not_picked":["Twin Strike","Havoc"],"picked":"Clothesline","floor":1},{"not_picked":["Flex","Warcry"],"picked":"Armaments","floor":2},{"not_picked":["True Grit","Ghostly Armor"],"picked":"Impervious","floor":3},{"not_picked":["Shrug It Off","Wild Strike"],"picked":"Flame Barrier","floor":7},{"not_picked":["Cleave","Barricade"],"picked":"Hemokinesis","floor":8},{"not_picked":["Perfected Strike","Ghostly Armor"],"picked":"Whirlwind","floor":10},{"not_picked":["Anger","Carnage","Wild Strike"],"picked":"Singing Bowl","floor":11}],"player_experience":414373,"relics_obtained":[{"floor":7,"key":"Singing Bowl"},{"floor":9,"key":"Pantograph"}],"event_choices":[{"damage_healed":0,"gold_gain":175,"player_choice":"AGREE","damage_taken":0,"max_hp_gain":0,"max_hp_loss":0,"event_name":"Liars Game","floor":4,"gold_loss":0,"cards_obtained":["Doubt"]},{"damage_healed":0,"gold_gain":0,"player_choice":"Box","damage_taken":0,"relics_obtained":["Kunai"],"max_hp_gain":0,"max_hp_loss":0,"event_name":"Big Fish","floor":5,"gold_loss":0,"cards_obtained":["Regret"]}],"is_beta":false,"boss_relics":[],"items_purged_floors":[],"is_endless":false,"potions_floor_spawned":[7,10,11],"killed_by":"3 Sentries","ascension_level":13}