{"gold_per_floor":[119,137,312,312,37,37,72,72,72,90,90,108,146,171,171,299,299,319,332,24,44,44,75,75,99,99,119,119,155,155,179,179,304,304,325,43,1042,1042,1058,1058],"floor_reached":40,"playtime":2222,"items_purged":["Strike_R"],"score":595,"play_id":"cfb730d4-fb97-4daa-af89-e928f4940ce7","local_time":"20190602151222","is_ascension_mode":true,"campfire_choices":[{"data":"Metallicize","floor":6.0,"key":"SMITH"},{"floor":11.0,"key":"REST"},{"data":"Iron Wave","floor":15.0,"key":"SMITH"},{"data":"Metallicize","floor":24,"key":"SMITH"},{"data":"Corruption","floor":28,"key":"SMITH"},{"floor":30,"key":"REST"},{"data":"Infernal Blade","floor":32,"key":"SMITH"}],"neow_cost":"NONE","seed_source_timestamp":35067858877612,"circlet_count":0,"master_deck":["Strike_R","Strike_R","Strike_R","Strike_R","Defend_R","Defend_R","Defend_R","Defend_R","Bash","Cleave","True Grit+1","Doubt","Metallicize+1","Iron Wave+1","Feed+1","Thunderclap+1","Clothesline+1","Metallicize+1","Juggernaut+1","Sword Boomerang+1","Infernal Blade+1","Twin Strike+1","Anger+1","Corruption+1","Armaments+1","Juggernaut","Metallicize","Demon Form","Feel No Pain","Inflame","Normality","Normality","Dark Shackles+1","Ghostly Armor+1"],"special_seed":0,"relics":["Burning Blood","Blood Vial","Golden Idol","Sling","The Courier","Molten Egg 2","Lantern","Sozu","Pocketwatch","Toxic Egg 2","Pen Nib","Shuriken","Black Star","Dead Branch"],"potions_floor_usage":[25],"damage_taken":[{"damage":2.0,"enemies":"2 Louse","floor":1.0,"turns":2.0},{"damage":10.0,"enemies":"Small Slimes","floor":2.0,"turns":3.0},{"damage":43.0,"enemies":"3 Sentries","floor":7.0,"turns":8.0},{"damage":8.0,"enemies":"Jaw Worm","floor":10.0,"turns":5.0},{"damage":9.0,"enemies":"Red Slaver","floor":12.0,"turns":6.0},{"damage":26.0,"enemies":"Lagavulin","floor":13.0,"turns":5.0},{"damage":0.0,"enemies":"Blue Slaver","floor":14.0,"turns":2.0},{"damage":28.0,"enemies":"The Guardian","floor":16.0,"turns":16.0},{"damage":6,"enemies":"Spheric Guardian","floor":18,"turns":4},{"damage":8,"enemies":"Shell Parasite","floor":19,"turns":6},{"damage":16,"enemies":"Centurion and Healer","floor":21,"turns":7},{"damage":15,"enemies":"Book of Stabbing","floor":23,"turns":5},{"damage":4,"enemies":"Snecko","floor":25,"turns":5},{"damage":23,"enemies":"Chosen and Byrds","floor":27,"turns":5},{"damage":47,"enemies":"Slavers","floor":29,"turns":6},{"damage":8,"enemies":"Centurion and Healer","floor":31,"turns":5},{"damage":37,"enemies":"Automaton","floor":33,"turns":8},{"damage":32,"enemies":"Orb Walker","floor":35,"turns":5},{"damage":6,"enemies":"3 Shapes","floor":39,"turns":3},{"damage":87,"enemies":"Reptomancer","floor":40,"turns":6}],"seed_played":"110497846494935568","potions_obtained":[{"floor":7.0,"key":"Explosive Potion"},{"floor":10.0,"key":"Weak Potion"},{"floor":12.0,"key":"SteroidPotion"}],"is_trial":false,"path_per_floor":["M","M","?","?","$","R","E","?","T","M","R","M","E","M","R","B",null,"M","M","$","M","?","E","R","M","T","M","R","E","R","M","R","B",null,"M","$","?","?","M","E"],"character_chosen":"IRONCLAD","items_purchased":["Sling","Metallicize","Pocketwatch","Dead Branch","Inflame"],"campfire_rested":2,"item_purchase_floors":[5,5,20,36,36],"current_hp_per_floor":[80,76,76,56,56,56,21,21,21,21,45,48,30,42,42,22,72,78,78,78,74,74,67,67,71,71,56,56,21,51,55,55,26,85,61,61,61,61,63,0],"gold":1058,"neow_bonus":"RANDOM_COMMON_RELIC","is_prod":false,"is_daily":false,"chose_seed":false,"campfire_upgraded":5,"win_rate":0,"timestamp":1559506342,"path_taken":["M","M","?","?","$","R","E","?","T","M","R","M","E","M","R","BOSS","M","M","$","M","?","E","R","?","T","M","R","E","R","M","R","BOSS","M","$","?","?","M","E"],"build_version":"2019-01-23","purchased_purges":1,"victory":false,"max_hp_per_floor":[80,80,80,80,80,80,80,80,80,80,80,84,84,88,88,88,88,92,92,92,96,96,96,96,96,96,96,96,100,100,104,104,104,104,104,104,104,104,104,104],"card_choices":[{"not_picked":["Wild Strike","Havoc"],"picked":"Cleave","floor":1.0},{"not_picked":["Pommel Strike","Thunderclap"],"picked":"True Grit","floor":2.0},{"not_picked":["Pommel Strike","Disarm"],"picked":"Iron Wave","floor":7.0},{"not_picked":["Cleave+1","Infernal Blade"],"picked":"Feed+1","floor":10.0},{"not_picked":["Clothesline+1","Shrug It Off"],"picked":"Thunderclap+1","floor":12.0},{"not_picked":["Wild Strike+1","Rampage+1"],"picked":"Clothesline+1","floor":13.0},{"not_picked":["Flex","Rampage+1"],"picked":"Metallicize","floor":14.0},{"not_picked":["Dark Embrace","Brutality"],"picked":"Juggernaut","floor":16.0},{"not_picked":["Iron Wave+1","Headbutt+1"],"picked":"Sword Boomerang+1","floor":18},{"not_picked":["Sever Soul+1","Heavy Blade+1"],"picked":"Infernal Blade","floor":19},{"not_picked":["Disarm","Heavy Blade+1"],"picked":"Twin Strike+1","floor":21},{"not_picked":["Whirlwind+1","Cleave+1"],"picked":"Anger+1","floor":23},{"not_picked":["Iron Wave+1","Headbutt+1"],"picked":"Corruption","floor":25},{"not_picked":["Clash+1","Wild Strike+1"],"picked":"Armaments+1","floor":27},{"not_picked":["Carnage+1","Wild Strike+1"],"picked":"Juggernaut","floor":29},{"not_picked":["Whirlwind+1","Thunderclap+1"],"picked":"Metallicize","floor":31},{"not_picked":["Limit Break+1","Exhume+1"],"picked":"Demon Form","floor":33},{"not_picked":["Shrug It Off+1","Twin Strike+1"],"picked":"Feel No Pain","floor":35},{"not_picked":["Blind+1","Good Instincts+1"],"picked":"Dark Shackles+1","floor":38},{"not_picked":["Bloodletting+1","Blood for Blood+1"],"picked":"Ghostly Armor+1","floor":39}],"player_experience":252768,"relics_obtained":[{"floor":7.0,"key":"The Courier"},{"floor":9.0,"key":"Molten Egg 2"},{"floor":13.0,"key":"Lantern"},{"floor":23,"key":"Toxic Egg 2"},{"floor":26,"key":"Pen Nib"},{"floor":29,"key":"Shuriken"}],"event_choices":[{"damage_healed":0.0,"max_hp_gain":0.0,"max_hp_loss":0.0,"gold_gain":175.0,"event_name":"Liars Game","player_choice":"AGREE","floor":3.0,"gold_loss":0.0,"damage_taken":0.0,"cards_obtained":["Doubt"]},{"damage_healed":0.0,"max_hp_gain":0.0,"max_hp_loss":0.0,"gold_gain":0.0,"event_name":"Golden Idol","player_choice":"Take Damage","floor":4.0,"gold_loss":0.0,"damage_taken":20.0,"relics_obtained":["Golden Idol"]},{"damage_healed":0.0,"max_hp_gain":0.0,"max_hp_loss":0.0,"gold_gain":0.0,"event_name":"Upgrade Shrine","player_choice":"Upgraded","floor":8.0,"gold_loss":0.0,"damage_taken":0.0,"cards_upgraded":["True Grit"]},{"damage_healed":0,"gold_gain":0,"player_choice":"Forge","damage_taken":0,"max_hp_gain":0,"max_hp_loss":0,"event_name":"Accursed Blacksmith","floor":22,"gold_loss":0,"cards_upgraded":["Juggernaut"]},{"damage_healed":0,"gold_gain":999,"player_choice":"Gold","damage_taken":0,"max_hp_gain":0,"max_hp_loss":0,"event_name":"MindBloom","floor":37,"gold_loss":0,"cards_obtained":["Normality","Normality"]},{"damage_healed":0,"gold_gain":0,"player_choice":"Memory 1","damage_taken":0,"max_hp_gain":0,"max_hp_loss":0,"event_name":"SensoryStone","floor":38,"gold_loss":0}],"is_beta":false,"boss_relics":[{"not_picked":["Philosopher\u0027s Stone","Coffee Dripper"],"picked":"Sozu"},{"not_picked":["Orrery","Lizard Tail"],"picked":"Black Star"}],"items_purged_floors":[20],"is_endless":false,"potions_floor_spawned":[7,10,12,18,23,25,27,35,39],"killed_by":"Reptomancer","ascension_level":5}