{"gold_per_floor":[116,116,41,56,14,41,53,94,106,118,148,160,206,236,248,332,344,371,393,418,146,146,146],"floor_reached":23,"playtime":1108,"items_purged":["Strike_R"],"score":433,"play_id":"893ffb04-1c60-4eb5-93b9-7dd81f81f5f8","local_time":"20190707200148","is_ascension_mode":true,"campfire_choices":[{"data":"Rampage","floor":7,"key":"SMITH"},{"data":"Barricade","floor":10,"key":"SMITH"},{"data":"Heavy Blade","floor":12,"key":"SMITH"},{"data":"Body Slam","floor":15,"key":"SMITH"}],"neow_cost":"NONE","seed_source_timestamp":3307200144989,"circlet_count":0,"master_deck":["AscendersBane","Strike_R","Strike_R","Strike_R","Defend_R","Defend_R","Defend_R","Defend_R","Bash","Shrug It Off","Headbutt","Rampage+1","Barricade+1","Heavy Blade+1","Sword Boomerang","Double Tap+1","Body Slam+1","Offering+1","True Grit+1","True Grit+1","Pummel","PanicButton+1","Iron Wave","Flame Barrier+1","Pain"],"relics":["Burning Blood","NeowsBlessing","Gremlin Horn","MawBank","Red Skull","Toxic Egg 2","Sundial","Velvet Choker","WarpedTongs"],"potions_floor_usage":[13,16,16,18,23],"damage_taken":[{"damage":0,"enemies":"2 Louse","floor":1,"turns":1},{"damage":0,"enemies":"Jaw Worm","floor":4,"turns":1},{"damage":0,"enemies":"Lagavulin","floor":6,"turns":1},{"damage":35,"enemies":"3 Sentries","floor":8,"turns":9},{"damage":6,"enemies":"Cultist","floor":11,"turns":4},{"damage":6,"enemies":"Gremlin Nob","floor":13,"turns":4},{"damage":8,"enemies":"3 Louse","floor":14,"turns":3},{"damage":36,"enemies":"Hexaghost","floor":16,"turns":8},{"damage":30,"enemies":"3 Byrds","floor":18,"turns":3},{"damage":6,"enemies":"Spheric Guardian","floor":19,"turns":3},{"damage":0,"enemies":"Centurion and Healer","floor":20,"turns":4},{"damage":42,"enemies":"Gremlin Leader","floor":23,"turns":3}],"seed_played":"7041935845298895337","potions_obtained":[{"floor":1,"key":"Block Potion"},{"floor":4,"key":"PowerPotion"},{"floor":14,"key":"EssenceOfSteel"},{"floor":16,"key":"Explosive Potion"},{"floor":19,"key":"GamblersBrew"},{"floor":20,"key":"Dexterity Potion"}],"is_trial":false,"path_per_floor":["M","?","?","M","$","E","R","E","T","R","M","R","E","M","R","B",null,"M","M","M","$","?","E"],"character_chosen":"IRONCLAD","items_purchased":["Rampage","PanicButton+1","Iron Wave","Flame Barrier+1"],"campfire_rested":0,"item_purchase_floors":[5,21,21,21],"current_hp_per_floor":[74,69,69,75,75,75,75,46,46,46,46,46,46,44,44,14,60,36,36,42,42,42,0],"gold":146,"neow_bonus":"THREE_ENEMY_KILL","is_prod":false,"is_daily":false,"chose_seed":false,"campfire_upgraded":4,"win_rate":0,"timestamp":1562547708,"path_taken":["M","?","?","M","$","E","R","E","T","R","M","R","E","M","R","BOSS","M","M","M","$","?","E"],"build_version":"2019-07-05","purchased_purges":1,"victory":false,"max_hp_per_floor":[75,75,75,75,75,75,75,75,75,75,75,75,75,75,75,75,75,75,75,75,75,75,75],"card_choices":[{"not_picked":["Armaments","Cleave"],"picked":"Shrug It Off","floor":1},{"not_picked":["Clothesline","Iron Wave"],"picked":"Headbutt","floor":4},{"not_picked":["Anger","Rupture"],"picked":"Barricade","floor":6},{"not_picked":["Twin Strike","Sword Boomerang"],"picked":"Heavy Blade","floor":8},{"not_picked":["Heavy Blade","Anger"],"picked":"Sword Boomerang","floor":11},{"not_picked":["True Grit+1","Rampage"],"picked":"Double Tap+1","floor":13},{"not_picked":["Wild Strike","Pummel"],"picked":"Body Slam","floor":14},{"not_picked":["Barricade","Juggernaut"],"picked":"Offering+1","floor":16},{"not_picked":["Twin Strike","Pommel Strike"],"picked":"True Grit+1","floor":18},{"not_picked":["Headbutt","Perfected Strike"],"picked":"True Grit+1","floor":19},{"not_picked":["Cleave+1","Wild Strike"],"picked":"Pummel","floor":20}],"player_experience":453823,"relics_obtained":[{"floor":6,"key":"MawBank"},{"floor":8,"key":"Red Skull"},{"floor":9,"key":"Toxic Egg 2"},{"floor":13,"key":"Sundial"}],"event_choices":[{"damage_healed":0,"gold_gain":0,"player_choice":"Success","damage_taken":5,"relics_obtained":["Gremlin Horn"],"max_hp_gain":0,"max_hp_loss":0,"event_name":"Scrap Ooze","floor":2,"gold_loss":0},{"cards_removed":["Strike_R"],"damage_healed":0,"gold_gain":0,"player_choice":"Card Removal","damage_taken":0,"max_hp_gain":0,"max_hp_loss":0,"event_name":"The Cleric","floor":3,"gold_loss":75},{"damage_healed":0,"gold_gain":0,"player_choice":"Rummage","damage_taken":0,"relics_obtained":["WarpedTongs"],"max_hp_gain":0,"max_hp_loss":0,"event_name":"Accursed Blacksmith","floor":22,"gold_loss":0,"cards_obtained":["Pain"]}],"is_beta":false,"boss_relics":[{"not_picked":["Busted Crown","Mark of Pain"],"picked":"Velvet Choker"}],"items_purged_floors":[21],"is_endless":false,"potions_floor_spawned":[1,4,14,16,19,20],"killed_by":"Gremlin Leader","ascension_level":17}