{"gold_per_floor":[17,32,43,61,74,109,109,136,136,136],"floor_reached":10,"playtime":895,"items_purged":[],"score":112,"play_id":"5b4471fa-9886-48a0-865d-0d2d7712532f","local_time":"20190615145731","is_ascension_mode":true,"campfire_choices":[{"floor":7,"key":"REST"}],"neow_cost":"NO_GOLD","seed_source_timestamp":20527618322123,"circlet_count":0,"master_deck":["Strike_R","Strike_R","Strike_R","Defend_R","Defend_R","Defend_R","Defend_R","Bash","Iron Wave","Headbutt","Rupture","True Grit","Pommel Strike","Searing Blow","Shrug It Off","Cleave","Reaper"],"relics":["Burning Blood","Vajra","Art of War","Centennial Puzzle"],"potions_floor_usage":[6,8],"damage_taken":[{"damage":7,"enemies":"Small Slimes","floor":1,"turns":3},{"damage":11,"enemies":"Jaw Worm","floor":2,"turns":4},{"damage":6,"enemies":"2 Louse","floor":3,"turns":4},{"damage":15,"enemies":"Large Slime","floor":4,"turns":5},{"damage":15,"enemies":"Red Slaver","floor":5,"turns":6},{"damage":32,"enemies":"Lagavulin","floor":6,"turns":8},{"damage":27,"enemies":"Gremlin Nob","floor":8,"turns":5},{"damage":34,"enemies":"Lagavulin","floor":10,"turns":7}],"seed_played":"-5664106177381194926","potions_obtained":[{"floor":2,"key":"Explosive Potion"},{"floor":4,"key":"Strength Potion"},{"floor":6,"key":"BloodPotion"}],"is_trial":false,"path_per_floor":["M","M","M","M","M","E","R","E","T","E"],"character_chosen":"IRONCLAD","items_purchased":[],"campfire_rested":1,"item_purchase_floors":[],"current_hp_per_floor":[71,66,66,57,48,22,46,33,33,0],"gold":136,"neow_bonus":"TRANSFORM_TWO_CARDS","is_prod":false,"is_daily":false,"chose_seed":false,"campfire_upgraded":0,"win_rate":0,"timestamp":1560628651,"path_taken":["M","M","M","M","M","E","R","E","T","E"],"build_version":"2019-01-23","purchased_purges":0,"victory":false,"max_hp_per_floor":[80,80,80,80,80,80,80,80,80,80],"card_choices":[{"not_picked":["Anger","Twin Strike"],"picked":"Rupture","floor":1},{"not_picked":["Headbutt","Juggernaut"],"picked":"True Grit","floor":2},{"not_picked":["Clash","Body Slam"],"picked":"Pommel Strike","floor":3},{"not_picked":["Clothesline","Iron Wave"],"picked":"Searing Blow","floor":4},{"not_picked":["Twin Strike","Limit Break"],"picked":"Shrug It Off","floor":5},{"not_picked":["Reckless Charge","Clash"],"picked":"Cleave","floor":6},{"not_picked":["Second Wind","Evolve"],"picked":"Reaper","floor":8}],"player_experience":330019,"relics_obtained":[{"floor":6,"key":"Vajra"},{"floor":8,"key":"Art of War"},{"floor":9,"key":"Centennial Puzzle"}],"event_choices":[],"is_beta":false,"boss_relics":[],"items_purged_floors":[],"is_endless":false,"potions_floor_spawned":[2,4,6],"killed_by":"Lagavulin","ascension_level":8}