{"gold_per_floor":[217,229,199,209,221,221,231,231,231,256,256,256,283,298,298,393,393,403,416,426,426,444,454,553,553,553,553,582,592,219,229,229,326,326,346,2,13,13,29,54,100,117,117,117,117,0,0,25,25,25],"floor_reached":51,"playtime":2734,"items_purged":["Strike_R"],"score":968,"play_id":"24d11125-ebd5-423b-86cc-8b260b921933","local_time":"20190602171617","is_ascension_mode":true,"campfire_choices":[{"data":"Metallicize","floor":6.0,"key":"SMITH"},{"data":"Armaments","floor":8.0,"key":"SMITH"},{"data":"Seeing Red","floor":12.0,"key":"SMITH"},{"data":"Anger","floor":15.0,"key":"SMITH"},{"floor":25.0,"key":"REST"},{"floor":32.0,"key":"REST"},{"data":"True Grit","floor":45,"key":"SMITH"},{"floor":49,"key":"REST"}],"neow_cost":"NONE","seed_source_timestamp":44762283093148,"circlet_count":0,"master_deck":["Strike_R","Strike_R","Strike_R","Strike_R","Defend_R","Defend_R","Defend_R","Defend_R","Bash","Thunderclap","Burning Pact","Metallicize+1","Anger+1","Armaments+1","Seeing Red+1","Second Wind","Headbutt","Feel No Pain","Feed","Headbutt+1","Shrug It Off","Sentinel","Body Slam+1","Cleave+1","Limit Break","Clothesline","Heavy Blade","True Grit+1","Sword Boomerang+1","Pummel+1","Madness","Madness","Heavy Blade+1"],"special_seed":0,"relics":["Burning Blood","Pantograph","Mercury Hourglass","Lantern","Runic Pyramid","Magic Flower","MutagenicStrength","Strawberry","Brimstone","Snecko Eye","Shuriken","Centennial Puzzle","Nunchaku","Red Mask","Dead Branch","Gremlin Horn"],"potions_floor_usage":[33,33,33,37,41,41],"damage_taken":[{"damage":10.0,"enemies":"2 Louse","floor":1.0,"turns":3.0},{"damage":1.0,"enemies":"Cultist","floor":2.0,"turns":3.0},{"damage":10.0,"enemies":"Small Slimes","floor":4.0,"turns":4.0},{"damage":21.0,"enemies":"Exordium Wildlife","floor":5.0,"turns":6.0},{"damage":4.0,"enemies":"Looter","floor":7.0,"turns":4.0},{"damage":7.0,"enemies":"3 Sentries","floor":10.0,"turns":7.0},{"damage":17.0,"enemies":"Gremlin Nob","floor":13.0,"turns":5.0},{"damage":0.0,"enemies":"2 Fungi Beasts","floor":14.0,"turns":2.0},{"damage":52.0,"enemies":"Slime Boss","floor":16.0,"turns":8.0},{"damage":1.0,"enemies":"Chosen","floor":18.0,"turns":5.0},{"damage":21.0,"enemies":"3 Byrds","floor":19.0,"turns":4.0},{"damage":16.0,"enemies":"3 Cultists","floor":20.0,"turns":6.0},{"damage":24.0,"enemies":"Snake Plant","floor":22.0,"turns":4.0},{"damage":4.0,"enemies":"Chosen and Byrds","floor":23.0,"turns":8.0},{"damage":27.0,"enemies":"Book of Stabbing","floor":28.0,"turns":5.0},{"damage":54.0,"enemies":"Snecko","floor":29.0,"turns":10.0},{"damage":21.0,"enemies":"Snake Plant","floor":31.0,"turns":3.0},{"damage":10,"enemies":"Automaton","floor":33,"turns":6},{"damage":0,"enemies":"3 Shapes","floor":35,"turns":1},{"damage":8,"enemies":"Orb Walker","floor":37,"turns":2},{"damage":22,"enemies":"Spire Growth","floor":39,"turns":4},{"damage":0,"enemies":"Giant Head","floor":40,"turns":5},{"damage":7,"enemies":"2 Orb Walkers","floor":41,"turns":2},{"damage":27,"enemies":"Writhing Mass","floor":42,"turns":4},{"damage":62,"enemies":"Reptomancer","floor":48,"turns":6},{"damage":33,"enemies":"Time Eater","floor":50,"turns":5}],"seed_played":"-5033926645966011221","potions_obtained":[{"floor":2.0,"key":"SteroidPotion"},{"floor":3.0,"key":"GamblersBrew"},{"floor":3.0,"key":"SneckoOil"},{"floor":5.0,"key":"Energy Potion"},{"floor":16.0,"key":"Block Potion"},{"floor":18.0,"key":"PowerPotion"},{"floor":19.0,"key":"Weak Potion"},{"floor":28.0,"key":"Regen Potion"},{"floor":31.0,"key":"GamblersBrew"},{"floor":33,"key":"GamblersBrew"},{"floor":35,"key":"Swift Potion"},{"floor":39,"key":"AttackPotion"},{"floor":48,"key":"Weak Potion"}],"is_trial":false,"path_per_floor":["M","M","?","M","M","R","M","R","T","E","?","R","E","M","R","B",null,"M","M","M","?","M","M","?","R","T","?","E","M","$","M","R","B",null,"M","$","M","?","M","E","?","M","T","?","R","?","T","E","R","B",null],"character_chosen":"IRONCLAD","items_purchased":["Brimstone","SteroidPotion","AttackPotion","Heavy Blade","Shuriken","True Grit"],"campfire_rested":3,"item_purchase_floors":[30,30,30,36,36,36],"current_hp_per_floor":[76,80,80,76,61,61,63,63,63,62,62,62,51,57,57,34,69,78,63,56,39,24,26,26,54,54,54,49,34,34,27,60,103,114,120,120,123,123,110,119,126,108,108,92,92,92,92,39,76,90],"gold":25,"neow_bonus":"HUNDRED_GOLD","is_prod":false,"is_daily":false,"chose_seed":false,"campfire_upgraded":5,"win_rate":0,"timestamp":1559513777,"path_taken":["M","M","?","?","M","R","M","R","T","E","?","R","E","?","R","BOSS","M","M","?","?","M","M","?","R","T","?","E","M","$","M","R","BOSS","M","$","M","?","M","E","?","M","T","?","R","?","?","E","R","BOSS"],"build_version":"2019-01-23","purchased_purges":1,"victory":true,"max_hp_per_floor":[80,80,80,80,80,80,80,80,80,80,80,80,80,80,80,80,80,84,84,87,92,95,95,95,95,95,95,106,110,110,113,113,117,117,120,120,123,123,123,123,126,126,126,126,126,126,126,126,126,126],"card_choices":[{"not_picked":["Warcry","Dropkick"],"picked":"Thunderclap","floor":1.0},{"not_picked":["Thunderclap","Heavy Blade"],"picked":"Burning Pact","floor":2.0},{"not_picked":["Sword Boomerang","Heavy Blade"],"picked":"Metallicize","floor":4.0},{"not_picked":["Sword Boomerang","Heavy Blade"],"picked":"Anger","floor":5.0},{"not_picked":["Sentinel","Cleave"],"picked":"Armaments","floor":7.0},{"not_picked":["Exhume","Thunderclap"],"picked":"Seeing Red","floor":10.0},{"not_picked":["Blood for Blood","Uppercut"],"picked":"Headbutt","floor":13.0},{"not_picked":["Twin Strike","Clash"],"picked":"Feel No Pain","floor":14.0},{"not_picked":["Berserk","Limit Break"],"picked":"Feed","floor":16.0},{"not_picked":["Warcry","Perfected Strike"],"picked":"Headbutt+1","floor":18.0},{"not_picked":["Armaments","Hemokinesis"],"picked":"Shrug It Off","floor":19.0},{"not_picked":["Reckless Charge","Dropkick"],"picked":"Sentinel","floor":20.0},{"not_picked":["Shrug It Off","Flex","Cleave"],"picked":"SKIP","floor":22.0},{"not_picked":["Wild Strike+1","Entrench"],"picked":"Body Slam+1","floor":23.0},{"not_picked":["Warcry+1","Shrug It Off","Searing Blow"],"picked":"SKIP","floor":28.0},{"not_picked":["Body Slam","Reckless Charge","Fire Breathing"],"picked":"SKIP","floor":29.0},{"not_picked":["Shrug It Off","Combust"],"picked":"Cleave+1","floor":31.0},{"not_picked":["Double Tap","Juggernaut"],"picked":"Limit Break","floor":33},{"not_picked":["Havoc+1","Feel No Pain"],"picked":"Clothesline","floor":35},{"not_picked":["Body Slam","Twin Strike+1"],"picked":"Sword Boomerang+1","floor":37},{"not_picked":["Wild Strike","Metallicize+1","Clothesline+1"],"picked":"SKIP","floor":39},{"not_picked":["Blood for Blood","Metallicize+1"],"picked":"Pummel+1","floor":40},{"not_picked":["Warcry+1","Ghostly Armor","Sword Boomerang+1"],"picked":"SKIP","floor":42},{"not_picked":["Bloodletting","Clash"],"picked":"Heavy Blade+1","floor":48}],"player_experience":258768,"relics_obtained":[{"floor":9.0,"key":"Pantograph"},{"floor":10.0,"key":"Mercury Hourglass"},{"floor":13.0,"key":"Lantern"},{"floor":26.0,"key":"Magic Flower"},{"floor":28.0,"key":"Strawberry"},{"floor":40,"key":"Centennial Puzzle"},{"floor":41,"key":"Nunchaku"},{"floor":47,"key":"Dead Branch"},{"floor":48,"key":"Gremlin Horn"}],"event_choices":[{"damage_healed":0.0,"max_hp_gain":0.0,"max_hp_loss":0.0,"gold_gain":0.0,"event_name":"The Woman in Blue","player_choice":"Bought 2 Potions","floor":3.0,"gold_loss":0.0,"damage_taken":0.0},{"damage_healed":0.0,"max_hp_gain":0.0,"max_hp_loss":0.0,"gold_gain":0.0,"event_name":"Match and Keep!","player_choice":"1 cards matched","floor":11.0,"gold_loss":0.0,"damage_taken":0.0,"cards_obtained":["Second Wind"]},{"damage_healed":0.0,"max_hp_gain":5.0,"max_hp_loss":0.0,"gold_gain":0.0,"event_name":"Forgotten Altar","player_choice":"Shed Blood","floor":21.0,"gold_loss":0.0,"damage_taken":22.0},{"damage_healed":0.0,"max_hp_gain":0.0,"max_hp_loss":0.0,"gold_gain":99.0,"event_name":"Nest","player_choice":"Stole From Cult","floor":24.0,"gold_loss":0.0,"damage_taken":0.0},{"damage_healed":0.0,"max_hp_gain":0.0,"max_hp_loss":0.0,"gold_gain":0.0,"event_name":"Drug Dealer","player_choice":"Inject Mutagens","floor":27.0,"gold_loss":0.0,"damage_taken":0.0,"relics_obtained":["MutagenicStrength"]},{"damage_healed":0,"gold_gain":0,"player_choice":"Memory 1","damage_taken":0,"max_hp_gain":0,"max_hp_loss":0,"event_name":"SensoryStone","floor":38,"gold_loss":0},{"damage_healed":0,"gold_gain":0,"player_choice":"Fight","damage_taken":0,"max_hp_gain":0,"max_hp_loss":0,"event_name":"Mysterious Sphere","floor":41,"gold_loss":0},{"damage_healed":0,"gold_gain":0,"player_choice":"Embrace Madness","damage_taken":16,"max_hp_gain":0,"max_hp_loss":0,"event_name":"Winding Halls","floor":44,"gold_loss":0,"cards_obtained":["Madness","Madness"]},{"damage_healed":0,"gold_gain":0,"player_choice":"Paid","damage_taken":0,"relics_obtained":["Red Mask"],"max_hp_gain":0,"max_hp_loss":0,"event_name":"Tomb of Lord Red Mask","floor":46,"gold_loss":117}],"is_beta":false,"boss_relics":[{"not_picked":["Lizard Tail","Black Star"],"picked":"Runic Pyramid"},{"not_picked":["Eternal Feather","Fusion Hammer"],"picked":"Snecko Eye"}],"items_purged_floors":[30],"is_endless":false,"potions_floor_spawned":[2,5,16,18,19,28,31,33,35,39,48],"ascension_level":5}