{"gold_per_floor":[113,125,4,22,97,97,113,113,140,154,16,34,47,62,62,159,159,174,185,35,35,35],"floor_reached":22,"playtime":1730,"items_purged":["Strike_R"],"score":180,"play_id":"172046c8-ed2a-453f-a8a4-ca41f6e04df2","local_time":"20190803165753","is_ascension_mode":false,"campfire_choices":[{"data":"Anger","floor":6,"key":"SMITH"},{"data":"Armaments","floor":15,"key":"SMITH"}],"neow_cost":"NONE","seed_source_timestamp":165646305624800,"circlet_count":0,"master_deck":["Strike_R","Strike_R","Strike_R","Strike_R","Defend_R","Defend_R","Defend_R","Defend_R","Bash","Reaper","Shrug It Off","Rampage","Shrug It Off","Anger+1","Clothesline","Battle Trance","Bandage Up","Armaments+1","True Grit","True Grit","Shrug It Off","Juggernaut","Whirlwind+1","Headbutt"],"relics":["Burning Blood","Ancient Tea Set","Snecko Eye","Lantern"],"potions_floor_usage":[10,16],"damage_taken":[{"damage":0,"enemies":"2 Louse","floor":1,"turns":4},{"damage":2,"enemies":"Cultist","floor":2,"turns":6},{"damage":7,"enemies":"Jaw Worm","floor":4,"turns":4},{"damage":2,"enemies":"3 Louse","floor":7,"turns":4},{"damage":8,"enemies":"Lots of Slimes","floor":10,"turns":2},{"damage":10,"enemies":"2 Fungi Beasts","floor":12,"turns":5},{"damage":2,"enemies":"Red Slaver","floor":13,"turns":4},{"damage":0,"enemies":"3 Louse","floor":14,"turns":3},{"damage":46,"enemies":"Hexaghost","floor":16,"turns":14},{"damage":45,"enemies":"3 Byrds","floor":18,"turns":8},{"damage":22,"enemies":"2 Thieves","floor":19,"turns":3},{"damage":51,"enemies":"Centurion and Healer","floor":22,"turns":5}],"seed_played":"-5701672802174635266","potions_obtained":[{"floor":1,"key":"Weak Potion"},{"floor":8,"key":"Explosive Potion"},{"floor":10,"key":"Poison Potion"},{"floor":12,"key":"SteroidPotion"},{"floor":16,"key":"EssenceOfSteel"},{"floor":18,"key":"Explosive Potion"}],"is_trial":false,"path_per_floor":["M","M","$","M","?","R","M","?","T","M","$","M","M","M","R","B",null,"M","M","$","?","M"],"character_chosen":"IRONCLAD","items_purchased":["Shrug It Off","Bandage Up","Armaments","Lantern"],"campfire_rested":0,"item_purchase_floors":[3,11,11,20],"current_hp_per_floor":[80,80,80,79,68,68,80,80,80,78,78,78,80,80,80,50,80,53,47,47,47,0],"gold":35,"neow_bonus":"ONE_RANDOM_RARE_CARD","is_prod":false,"is_daily":false,"chose_seed":false,"campfire_upgraded":2,"win_rate":0.0,"timestamp":1564844273,"path_taken":["M","M","$","M","?","R","M","?","T","M","$","M","M","?","R","BOSS","M","?","$","?","M"],"build_version":"2019-07-17","purchased_purges":1,"victory":false,"max_hp_per_floor":[80,80,80,80,80,80,80,80,80,80,80,80,80,80,80,80,80,80,80,80,80,80],"card_choices":[{"not_picked":["Second Wind","Heavy Blade"],"picked":"Shrug It Off","floor":1},{"not_picked":["Twin Strike","Thunderclap"],"picked":"Rampage","floor":2},{"not_picked":["Cleave","Perfected Strike"],"picked":"Anger","floor":4},{"not_picked":["Thunderclap","Sever Soul"],"picked":"Clothesline","floor":7},{"not_picked":["Heavy Blade","Thunderclap"],"picked":"Battle Trance","floor":10},{"not_picked":["Fiend Fire","Body Slam"],"picked":"True Grit","floor":12},{"not_picked":["Perfected Strike","Shockwave"],"picked":"True Grit","floor":13},{"not_picked":["Thunderclap","Clothesline"],"picked":"Shrug It Off","floor":14},{"not_picked":["Demon Form","Dark Embrace"],"picked":"Juggernaut","floor":16},{"not_picked":["Pommel Strike","Cleave"],"picked":"Whirlwind+1","floor":18},{"not_picked":["Disarm+1","Reckless Charge+1"],"picked":"Headbutt","floor":19}],"player_experience":18053,"relics_obtained":[{"floor":9,"key":"Ancient Tea Set"}],"event_choices":[{"damage_healed":0,"gold_gain":75,"player_choice":"Gather Gold","damage_taken":11,"max_hp_gain":0,"max_hp_loss":0,"event_name":"World of Goop","floor":5,"gold_loss":0},{"damage_healed":0,"gold_gain":0,"player_choice":"Got Potions","damage_taken":0,"max_hp_gain":0,"max_hp_loss":0,"event_name":"Lab","floor":8,"gold_loss":0},{"damage_healed":0,"gold_gain":0,"player_choice":"Ignored","damage_taken":0,"max_hp_gain":0,"max_hp_loss":0,"event_name":"Ghosts","floor":21,"gold_loss":0}],"is_beta":false,"boss_relics":[{"not_picked":["White Beast Statue","Black Star"],"picked":"Snecko Eye"}],"items_purged_floors":[3],"is_endless":false,"potions_floor_spawned":[1,10,12,16,18],"killed_by":"Centurion and Healer","ascension_level":0}