{"gold_per_floor":[112,126,126,21,41,41,68,18,18,43,63,63,124,55,55,55],"floor_reached":16,"playtime":747,"items_purged":[],"score":178,"play_id":"effcd795-c752-445c-93bb-683ec332e096","local_time":"20190627165034","is_ascension_mode":true,"campfire_choices":[{"data":"Iron Wave","floor":6,"key":"SMITH"},{"data":"Hemokinesis","floor":12,"key":"SMITH"},{"data":"Inflame","floor":15,"key":"SMITH"}],"neow_cost":"CURSE","seed_source_timestamp":100800356746527,"circlet_count":0,"master_deck":["AscendersBane","Strike_R","Strike_R","Strike_R","Strike_R","Strike_R","Defend_R","Defend_R","Defend_R","Defend_R","Bash","Pommel Strike","Iron Wave+1","Inflame+1","Cleave","Shrug It Off","Metallicize","Hemokinesis+1","Seeing Red","Impervious"],"relics":["Burning Blood","Unceasing Top","Matryoshka","Art of War","Mummified Hand","FossilizedHelix","Prayer Wheel"],"potions_floor_usage":[],"damage_taken":[{"damage":18,"enemies":"Small Slimes","floor":1,"turns":5},{"damage":19,"enemies":"Jaw Worm","floor":2,"turns":5},{"damage":9,"enemies":"2 Louse","floor":5,"turns":3},{"damage":28,"enemies":"3 Sentries","floor":7,"turns":9},{"damage":17,"enemies":"Lagavulin","floor":10,"turns":7},{"damage":0,"enemies":"Blue Slaver","floor":11,"turns":3},{"damage":16,"enemies":"3 Sentries","floor":13,"turns":8},{"damage":36,"enemies":"Hexaghost","floor":16,"turns":9}],"seed_played":"3251684261025894054","potions_obtained":[{"floor":11,"key":"Dexterity Potion"},{"floor":13,"key":"Fire Potion"}],"is_trial":false,"path_per_floor":["M","M","?","$","M","R","E","?","T","E","M","R","?","$","R","B"],"character_chosen":"IRONCLAD","items_purchased":["Inflame","Cleave","Impervious"],"campfire_rested":0,"item_purchase_floors":[4,4,14],"current_hp_per_floor":[60,47,73,73,70,70,48,48,48,37,43,43,33,33,33,0],"gold":55,"neow_bonus":"ONE_RARE_RELIC","is_prod":false,"is_daily":false,"chose_seed":false,"campfire_upgraded":3,"win_rate":0,"timestamp":1561672234,"path_taken":["M","M","?","$","M","R","E","?","T","E","M","R","?","?","R","BOSS"],"build_version":"2019-01-23","purchased_purges":0,"victory":false,"max_hp_per_floor":[80,80,80,80,80,80,80,80,80,80,80,80,80,80,80,80],"card_choices":[{"not_picked":["Twin Strike","Wild Strike"],"picked":"Pommel Strike","floor":1},{"not_picked":["Heavy Blade","Dual Wield"],"picked":"Iron Wave","floor":2},{"not_picked":["True Grit","Body Slam"],"picked":"Shrug It Off","floor":5},{"not_picked":["Cleave","Dual Wield"],"picked":"Metallicize","floor":7},{"not_picked":["Havoc","Shrug It Off","Blood for Blood"],"picked":"SKIP","floor":10},{"not_picked":["Body Slam","Wild Strike"],"picked":"Hemokinesis","floor":11},{"not_picked":["Armaments","Thunderclap"],"picked":"Seeing Red","floor":13}],"player_experience":412599,"relics_obtained":[{"floor":7,"key":"Matryoshka"},{"floor":9,"key":"Art of War"},{"floor":9,"key":"Mummified Hand"},{"floor":10,"key":"FossilizedHelix"},{"floor":13,"key":"Prayer Wheel"}],"event_choices":[{"damage_healed":26,"gold_gain":0,"player_choice":"Banana","damage_taken":0,"max_hp_gain":0,"max_hp_loss":0,"event_name":"Big Fish","floor":3,"gold_loss":0},{"cards_removed":["Writhe"],"damage_healed":0,"gold_gain":0,"player_choice":"Card Removal","damage_taken":0,"max_hp_gain":0,"max_hp_loss":0,"event_name":"The Cleric","floor":8,"gold_loss":50},{"damage_healed":0,"gold_gain":0,"player_choice":"Searched \u00271\u0027 times","damage_taken":0,"max_hp_gain":0,"max_hp_loss":0,"event_name":"Dead Adventurer","floor":13,"gold_loss":0}],"is_beta":false,"boss_relics":[],"items_purged_floors":[],"is_endless":false,"potions_floor_spawned":[11,13],"killed_by":"Hexaghost","ascension_level":13}