{"gold_per_floor":[117,117,42,15,31,58,77,112,112,127,127,157,157,220,220,297,297,310,321,333,37,69,69,69],"floor_reached":24,"playtime":1646,"items_purged":[],"score":418,"play_id":"d781c795-0861-437b-9ff1-3a217e3e50c6","local_time":"20190630124306","is_ascension_mode":true,"campfire_choices":[{"floor":11,"key":"REST"},{"data":"Whirlwind","floor":13,"key":"SMITH"},{"floor":15,"key":"REST"},{"floor":23,"key":"REST"}],"neow_cost":"NONE","seed_source_timestamp":167868266271459,"circlet_count":0,"master_deck":["AscendersBane","Bash","Anger","Armaments+1","Whirlwind+1","Disarm","Inflame","Anger","Iron Wave","True Grit","Double Tap","Anger","Perfected Strike","Second Wind","Hemokinesis","Power Through","Disarm","Reaper","Pummel","Blind"],"relics":["Burning Blood","NeowsBlessing","Pantograph","Champion Belt","Meat on the Bone","WingedGreaves","War Paint","Pandora\u0027s Box","PreservedInsect","Red Mask"],"potions_floor_usage":[10,10,14,22],"damage_taken":[{"damage":0,"enemies":"Jaw Worm","floor":1,"turns":1},{"damage":0,"enemies":"Small Slimes","floor":5,"turns":1},{"damage":0,"enemies":"Lagavulin","floor":6,"turns":2},{"damage":6,"enemies":"2 Louse","floor":7,"turns":4},{"damage":64,"enemies":"3 Sentries","floor":8,"turns":11},{"damage":13,"enemies":"2 Fungi Beasts","floor":10,"turns":3},{"damage":24,"enemies":"Gremlin Nob","floor":12,"turns":4},{"damage":13,"enemies":"3 Sentries","floor":14,"turns":4},{"damage":42,"enemies":"Slime Boss","floor":16,"turns":10},{"damage":17,"enemies":"Chosen","floor":18,"turns":6},{"damage":27,"enemies":"Spheric Guardian","floor":19,"turns":6},{"damage":34,"enemies":"Snake Plant","floor":20,"turns":6},{"damage":42,"enemies":"Masked Bandits","floor":22,"turns":7},{"damage":56,"enemies":"Gremlin Leader","floor":24,"turns":7}],"seed_played":"-4208698534331267129","potions_obtained":[{"floor":1,"key":"Regen Potion"},{"floor":7,"key":"Dexterity Potion"},{"floor":12,"key":"SkillPotion"},{"floor":20,"key":"Dexterity Potion"}],"is_trial":false,"path_per_floor":["M","?","?","$","M","E","M","E","T","M","R","E","R","?","R","B",null,"M","M","M","$","?","R","E"],"character_chosen":"IRONCLAD","items_purchased":["Armaments","PreservedInsect","Blind","PowerPotion"],"campfire_rested":3,"item_purchase_floors":[4,21,21,21],"current_hp_per_floor":[74,69,69,69,75,75,75,17,17,31,53,47,47,52,74,51,69,68,47,35,35,19,41,0],"gold":69,"neow_bonus":"THREE_ENEMY_KILL","is_prod":false,"is_daily":false,"chose_seed":false,"campfire_upgraded":1,"win_rate":0,"timestamp":1561916586,"path_taken":["M","?","?","$","M","E","M","E","T","M","R","E","R","?","R","BOSS","M","M","M","$","?","R","E"],"build_version":"2019-01-23","purchased_purges":0,"victory":false,"max_hp_per_floor":[75,75,75,75,75,75,75,75,75,75,75,75,75,75,75,75,75,75,75,75,75,75,75,75],"card_choices":[{"not_picked":["Entrench","Thunderclap"],"picked":"Anger","floor":1},{"not_picked":["Heavy Blade","Sentinel"],"picked":"Whirlwind","floor":5},{"not_picked":["Searing Blow","Headbutt"],"picked":"Disarm","floor":6},{"not_picked":["Sever Soul","Havoc","Clash"],"picked":"SKIP","floor":7},{"not_picked":["Havoc","Pommel Strike"],"picked":"Inflame","floor":8},{"not_picked":["Body Slam","Searing Blow"],"picked":"Anger","floor":10},{"not_picked":["Clothesline","Sentinel"],"picked":"Iron Wave","floor":12},{"not_picked":["Iron Wave","Anger"],"picked":"True Grit","floor":14},{"not_picked":["Limit Break","Barricade"],"picked":"Double Tap","floor":16},{"not_picked":["Warcry","Bloodletting+1","Dropkick"],"picked":"SKIP","floor":18},{"not_picked":["Sentinel","Warcry+1","Body Slam"],"picked":"SKIP","floor":19},{"not_picked":["Warcry+1","Bloodletting","Pommel Strike"],"picked":"SKIP","floor":20}],"player_experience":426476,"relics_obtained":[{"floor":6,"key":"Champion Belt"},{"floor":8,"key":"Meat on the Bone"},{"floor":9,"key":"WingedGreaves"},{"floor":12,"key":"War Paint"},{"floor":22,"key":"Red Mask"}],"event_choices":[{"damage_healed":0,"gold_gain":0,"player_choice":"Success","damage_taken":5,"relics_obtained":["Pantograph"],"max_hp_gain":0,"max_hp_loss":0,"event_name":"Scrap Ooze","floor":2,"gold_loss":0},{"cards_removed":["Strike_R"],"damage_healed":0,"gold_gain":0,"player_choice":"Card Removal","damage_taken":0,"max_hp_gain":0,"max_hp_loss":0,"event_name":"The Cleric","floor":3,"gold_loss":75},{"damage_healed":0,"gold_gain":0,"player_choice":"Searched \u00271\u0027 times","damage_taken":0,"max_hp_gain":0,"max_hp_loss":0,"event_name":"Dead Adventurer","floor":14,"gold_loss":0},{"damage_healed":0,"gold_gain":0,"player_choice":"Fought Bandits","damage_taken":0,"max_hp_gain":0,"max_hp_loss":0,"event_name":"Masked Bandits","floor":22,"gold_loss":0}],"is_beta":false,"boss_relics":[{"not_picked":["Tiny House","Busted Crown"],"picked":"Pandora\u0027s Box"}],"items_purged_floors":[],"is_endless":false,"potions_floor_spawned":[1,7,8,12,20],"killed_by":"Gremlin Leader","ascension_level":15}