{"gold_per_floor":[115,115,128,142,202,202,231,231,231,231,231,250,16,41,41,142,142,160,160,14,14,14,14],"floor_reached":23,"playtime":769,"items_purged":["Strike_R"],"score":275,"play_id":"9afa2c80-5cff-49c3-a073-512c5b82f4f7","local_time":"20190602134747","is_ascension_mode":true,"campfire_choices":[{"data":"Uppercut","floor":6,"key":"SMITH"},{"data":"Bash","floor":8,"key":"SMITH"},{"data":"Flex","floor":10,"key":"SMITH"},{"floor":15,"key":"REST"}],"neow_cost":"NONE","seed_source_timestamp":34287586490917,"circlet_count":0,"master_deck":["Strike_R","Strike_R","Strike_R","Strike_R","Defend_R","Defend_R","Defend_R","Defend_R+1","Bash+1","Shrug It Off","Rupture+1","Bash","Uppercut+1","Pummel","Flex+1","Immolate","Seeing Red","Dropkick","Dark Embrace","Shrug It Off+1","J.A.X.","Heavy Blade","Shrug It Off"],"relics":["Burning Blood","NeowsBlessing","WingedGreaves","Nunchaku","Orichalcum","Smiling Mask","White Beast Statue"],"potions_floor_usage":[14,14,16,23],"damage_taken":[{"damage":0,"enemies":"Cultist","floor":1,"turns":1},{"damage":0,"enemies":"2 Louse","floor":3,"turns":1},{"damage":0,"enemies":"Small Slimes","floor":4,"turns":1},{"damage":34,"enemies":"Lagavulin","floor":7,"turns":6},{"damage":2,"enemies":"2 Fungi Beasts","floor":12,"turns":4},{"damage":0,"enemies":"Gremlin Nob","floor":14,"turns":2},{"damage":46,"enemies":"Slime Boss","floor":16,"turns":8},{"damage":10,"enemies":"2 Thieves","floor":18,"turns":3},{"damage":73,"enemies":"Slavers","floor":23,"turns":4}],"seed_played":"-8323358300586372604","potions_obtained":[{"floor":3,"key":"GamblersBrew"},{"floor":7,"key":"AttackPotion"},{"floor":18,"key":"FearPotion"}],"is_trial":false,"path_per_floor":["M","?","M","M","?","R","E","R","T","R","?","M","$","E","R","B",null,"M","?","$","?","$","E"],"character_chosen":"IRONCLAD","items_purchased":["Seeing Red","Orichalcum","Energy Potion","Heavy Blade","Shrug It Off"],"campfire_rested":1,"item_purchase_floors":[13,13,13,20,20],"current_hp_per_floor":[80,80,80,80,80,80,52,52,52,52,36,40,40,46,70,30,68,64,64,64,64,64,0],"gold":14,"neow_bonus":"THREE_ENEMY_KILL","is_prod":false,"is_daily":false,"chose_seed":false,"campfire_upgraded":3,"win_rate":0,"timestamp":1559501267,"path_taken":["M","?","M","?","?","R","E","R","T","R","?","M","$","E","R","BOSS","M","?","$","?","?","E"],"build_version":"2019-01-23","purchased_purges":1,"victory":false,"max_hp_per_floor":[80,80,80,80,80,80,80,80,80,80,80,80,80,80,80,80,80,80,80,80,80,80,80],"card_choices":[{"not_picked":["Body Slam","Thunderclap"],"picked":"Shrug It Off","floor":1},{"not_picked":["Anger","Warcry"],"picked":"Uppercut","floor":3},{"not_picked":["Infernal Blade","Twin Strike"],"picked":"Pummel","floor":4},{"not_picked":["Blood for Blood","Dual Wield"],"picked":"Flex","floor":7},{"not_picked":["Anger","Intimidate"],"picked":"Immolate","floor":12},{"not_picked":["Blood for Blood","Iron Wave"],"picked":"Dropkick","floor":14},{"not_picked":["Berserk","Bludgeon"],"picked":"Dark Embrace","floor":16},{"not_picked":["Pommel Strike","Warcry"],"picked":"Shrug It Off+1","floor":18}],"player_experience":251999,"relics_obtained":[{"floor":7,"key":"WingedGreaves"},{"floor":9,"key":"Nunchaku"},{"floor":14,"key":"Smiling Mask"}],"event_choices":[{"damage_healed":0,"gold_gain":0,"player_choice":"2 cards matched","damage_taken":0,"max_hp_gain":0,"max_hp_loss":0,"event_name":"Match and Keep!","floor":2,"gold_loss":0,"cards_obtained":["Rupture","Bash"]},{"damage_healed":0,"gold_gain":60,"player_choice":"Gained Gold","damage_taken":0,"max_hp_gain":0,"max_hp_loss":0,"event_name":"Golden Wing","floor":5,"gold_loss":0},{"damage_healed":0,"gold_gain":0,"player_choice":"Entered Light","damage_taken":16,"max_hp_gain":0,"max_hp_loss":0,"event_name":"Shining Light","floor":11,"gold_loss":0,"cards_upgraded":["Defend_R","Rupture"]},{"damage_healed":0,"gold_gain":0,"player_choice":"Obtain J.A.X.","damage_taken":0,"max_hp_gain":0,"max_hp_loss":0,"event_name":"Drug Dealer","floor":19,"gold_loss":0,"cards_obtained":["J.A.X."]},{"damage_healed":0,"gold_gain":0,"player_choice":"Ignored","damage_taken":0,"max_hp_gain":0,"max_hp_loss":0,"event_name":"Ghosts","floor":21,"gold_loss":0}],"is_beta":false,"boss_relics":[{"not_picked":["Busted Crown","Coffee Dripper"],"picked":"White Beast Statue"}],"items_purged_floors":[20],"is_endless":false,"potions_floor_spawned":[3,7,18],"killed_by":"Slavers","ascension_level":5}