{"gold_per_floor":[111,111,126,141,151,180,180,25,72,84,96,108,136,176,188,200],"floor_reached":16,"playtime":513,"items_purged":[],"score":138,"play_id":"48f06526-ac21-4580-9b67-40d0f782cf1c","local_time":"20190602152651","is_ascension_mode":true,"campfire_choices":[{"data":"Second Wind","floor":7,"key":"SMITH"},{"data":"Sentinel","floor":10,"key":"SMITH"},{"data":"Thunderclap","floor":12,"key":"SMITH"},{"data":"Flame Barrier","floor":15,"key":"SMITH"}],"neow_cost":"NONE","seed_source_timestamp":40488223191547,"circlet_count":0,"master_deck":["Strike_R","Strike_R","Strike_R","Strike_R","Defend_R","Defend_R","Defend_R","Defend_R","Bash","True Grit+1","Thunderclap+1","Spot Weakness","Sentinel+1","Second Wind+1","Shrug It Off","Flame Barrier+1"],"relics":["Burning Blood","NeowsBlessing","Matryoshka","PreservedInsect","Omamori","MawBank","Sundial"],"potions_floor_usage":[6,6,6,13],"damage_taken":[{"damage":0,"enemies":"2 Louse","floor":1,"turns":1},{"damage":0,"enemies":"Cultist","floor":3,"turns":1},{"damage":0,"enemies":"Jaw Worm","floor":4,"turns":1},{"damage":3,"enemies":"Looter","floor":5,"turns":4},{"damage":33,"enemies":"Lagavulin","floor":6,"turns":8},{"damage":0,"enemies":"Lots of Slimes","floor":13,"turns":2},{"damage":16,"enemies":"3 Sentries","floor":14,"turns":6},{"damage":43,"enemies":"Hexaghost","floor":16,"turns":9}],"seed_played":"-8675935981520671962","potions_obtained":[{"floor":1,"key":"AttackPotion"},{"floor":3,"key":"Energy Potion"},{"floor":4,"key":"Energy Potion"},{"floor":6,"key":"Explosive Potion"}],"is_trial":false,"path_per_floor":["M","?","M","M","M","E","R","$","T","R","?","R","M","E","R","B"],"character_chosen":"IRONCLAD","items_purchased":["PreservedInsect"],"campfire_rested":0,"item_purchase_floors":[8],"current_hp_per_floor":[80,80,80,80,80,53,53,53,53,53,46,46,52,42,42,0],"gold":200,"neow_bonus":"THREE_ENEMY_KILL","is_prod":false,"is_daily":false,"chose_seed":false,"campfire_upgraded":4,"win_rate":0,"timestamp":1559507211,"path_taken":["M","?","M","?","M","E","R","$","T","R","?","R","M","E","R","BOSS"],"build_version":"2019-01-23","purchased_purges":0,"victory":false,"max_hp_per_floor":[80,80,80,80,80,80,80,80,80,80,80,80,80,80,80,80],"card_choices":[{"not_picked":["Burning Pact","Headbutt"],"picked":"True Grit","floor":1},{"not_picked":["Bloodletting","Flex"],"picked":"Thunderclap","floor":3},{"not_picked":["Twin Strike","Body Slam"],"picked":"Spot Weakness","floor":4},{"not_picked":["Body Slam","Armaments"],"picked":"Sentinel","floor":5},{"not_picked":["Offering","Havoc"],"picked":"Second Wind","floor":6},{"not_picked":["Armaments","Headbutt"],"picked":"Shrug It Off","floor":13},{"not_picked":["Wild Strike","Blood for Blood"],"picked":"Flame Barrier","floor":14}],"player_experience":255313,"relics_obtained":[{"floor":6,"key":"Matryoshka"},{"floor":9,"key":"Omamori"},{"floor":9,"key":"MawBank"},{"floor":14,"key":"Sundial"}],"event_choices":[{"damage_healed":0,"gold_gain":0,"player_choice":"Forge","damage_taken":0,"max_hp_gain":0,"max_hp_loss":0,"event_name":"Accursed Blacksmith","floor":2,"gold_loss":0,"cards_upgraded":["True Grit"]},{"cards_removed":["Strike_R"],"damage_healed":0,"gold_gain":0,"player_choice":"Card Removal","damage_taken":7,"max_hp_gain":0,"max_hp_loss":0,"event_name":"Golden Wing","floor":11,"gold_loss":0}],"is_beta":false,"boss_relics":[],"items_purged_floors":[],"is_endless":false,"potions_floor_spawned":[1,3,4,6],"killed_by":"Hexaghost","ascension_level":5}