{"gold_per_floor":[118,5,5,22,41,41,60,60,60,60,122,141,141,141,141,243,243,260,53,53,153,28,53,69,86,86,86],"floor_reached":27,"playtime":1308,"items_purged":["Strike_B","Strike_B","Strike_B"],"score":347,"play_id":"6e68c8b2-50f2-402d-9c6c-0d996913b917","local_time":"20190727021024","is_ascension_mode":true,"campfire_choices":[{"data":"Zap","floor":6,"key":"SMITH"},{"data":"Melter","floor":8,"key":"SMITH"},{"data":"Conserve Battery","floor":10,"key":"SMITH"},{"data":"Dualcast","floor":15,"key":"SMITH"}],"neow_cost":"TEN_PERCENT_HP_LOSS","seed_source_timestamp":1400103291674600,"circlet_count":0,"master_deck":["AscendersBane","Strike_B","Defend_B","Defend_B+1","Defend_B","Defend_B+1","Zap+1","Dualcast+1","Blind","Go for the Eyes","Melter+1","Conserve Battery+1","Genetic Algorithm","Gash","Machine Learning","Conserve Battery","Reboot","Scrape","Streamline","Go for the Eyes+1","Gash+1","Genetic Algorithm+1"],"relics":["Cracked Core","Letter Opener","Tiny Chest","Fusion Hammer","Meat on the Bone","Molten Egg 2","Bottled Lightning"],"potions_floor_usage":[11,23,27],"damage_taken":[{"damage":0,"enemies":"2 Louse","floor":1,"turns":3},{"damage":0,"enemies":"Small Slimes","floor":4,"turns":2},{"damage":0,"enemies":"Cultist","floor":5,"turns":4},{"damage":0,"enemies":"Looter","floor":7,"turns":3},{"damage":17,"enemies":"Gremlin Nob","floor":11,"turns":5},{"damage":13,"enemies":"Lots of Slimes","floor":12,"turns":4},{"damage":28,"enemies":"Hexaghost","floor":16,"turns":10},{"damage":0,"enemies":"Spheric Guardian","floor":18,"turns":1},{"damage":29,"enemies":"Slavers","floor":23,"turns":6},{"damage":0,"enemies":"Shell Parasite","floor":24,"turns":6},{"damage":3,"enemies":"3 Cultists","floor":25,"turns":4},{"damage":44,"enemies":"Book of Stabbing","floor":27,"turns":6}],"seed_played":"4329116156898224278","potions_obtained":[{"floor":4,"key":"Regen Potion"},{"floor":7,"key":"EssenceOfSteel"},{"floor":11,"key":"AttackPotion"}],"is_trial":false,"path_per_floor":["M","$","?","M","M","R","M","R","T","R","E","M","?","?","R","B",null,"M","$","T","?","$","E","M","M","T","E"],"character_chosen":"DEFECT","items_purchased":["Melter","Scrape","Streamline"],"campfire_rested":0,"item_purchase_floors":[2,19,19],"current_hp_per_floor":[68,68,68,68,68,68,68,68,68,68,51,38,24,68,68,40,61,61,61,61,61,61,47,47,44,44,0],"gold":86,"neow_bonus":"RANDOM_COLORLESS_2","is_prod":false,"is_daily":false,"chose_seed":false,"campfire_upgraded":4,"win_rate":0,"timestamp":1564215024,"path_taken":["M","$","?","M","M","R","M","R","T","R","E","M","?","?","R","BOSS","M","$","?","?","$","E","M","?","T","E"],"build_version":"2019-07-18","purchased_purges":3,"victory":false,"max_hp_per_floor":[68,68,68,68,68,68,68,68,68,68,68,68,68,68,68,68,68,68,68,68,68,68,68,68,68,68,68],"card_choices":[{"not_picked":["Steam","Compile Driver"],"picked":"Go for the Eyes","floor":1},{"not_picked":["Force Field","Beam Cell"],"picked":"Conserve Battery","floor":4},{"not_picked":["Hologram","Rip and Tear"],"picked":"Genetic Algorithm","floor":5},{"not_picked":["Steam","Darkness"],"picked":"Gash","floor":7},{"not_picked":["Sunder","Steam"],"picked":"Machine Learning","floor":11},{"not_picked":["Rip and Tear","Steam"],"picked":"Conserve Battery","floor":12},{"not_picked":["Rainbow","Multi-Cast"],"picked":"Reboot","floor":16},{"not_picked":["Ball Lightning","Cold Snap","Steam"],"picked":"SKIP","floor":18},{"not_picked":["Buffer","Turbo"],"picked":"Go for the Eyes","floor":23},{"not_picked":["Streamline+1","Storm"],"picked":"Gash+1","floor":24},{"not_picked":["Leap","Ball Lightning+1"],"picked":"Genetic Algorithm+1","floor":25}],"player_experience":381749,"relics_obtained":[{"floor":9,"key":"Letter Opener"},{"floor":11,"key":"Tiny Chest"},{"floor":20,"key":"Meat on the Bone"},{"floor":23,"key":"Molten Egg 2"},{"floor":26,"key":"Bottled Lightning"}],"event_choices":[{"damage_healed":0,"gold_gain":0,"player_choice":"Ignored","damage_taken":0,"max_hp_gain":0,"max_hp_loss":0,"event_name":"Liars Game","floor":3,"gold_loss":0},{"damage_healed":0,"gold_gain":0,"player_choice":"Entered Light","damage_taken":14,"max_hp_gain":0,"max_hp_loss":0,"event_name":"Shining Light","floor":13,"gold_loss":0,"cards_upgraded":["Defend_B","Defend_B"]},{"cards_removed":["Forethought"],"damage_healed":44,"gold_gain":0,"player_choice":"Offered Uncommon","damage_taken":0,"max_hp_gain":0,"max_hp_loss":0,"event_name":"Bonfire Elementals","floor":14,"gold_loss":0},{"damage_healed":0,"gold_gain":100,"player_choice":"Pray","damage_taken":0,"max_hp_gain":0,"max_hp_loss":0,"event_name":"Golden Shrine","floor":21,"gold_loss":0}],"is_beta":true,"boss_relics":[{"not_picked":["Calling Bell","Cursed Key"],"picked":"Fusion Hammer"}],"items_purged_floors":[2,19,22],"is_endless":false,"potions_floor_spawned":[4,7,11],"killed_by":"Book of Stabbing","ascension_level":10}