{"gold_per_floor":[111,111,163,238,238,238,252,252,252,293,306,326,154,154,154,249,312,335,73,91,91,110,110,153,153,153,103,119,119,142,142],"floor_reached":31,"playtime":644,"items_purged":[],"score":556,"play_id":"06a2574a-cabd-4f4d-865d-5f7a192e5550","local_time":"20190803223518","is_ascension_mode":true,"campfire_choices":[{"data":"Zap","floor":6.0,"key":"SMITH"},{"data":"Sunder","floor":8.0,"key":"SMITH"},{"floor":15.0,"key":"REST"},{"floor":23.0,"key":"REST"},{"floor":25.0,"key":"REST"},{"floor":29.0,"key":"REST"}],"neow_cost":"NONE","seed_source_timestamp":1044328366972000,"circlet_count":0,"master_deck":["AscendersBane","Strike_B","Strike_B","Strike_B","Strike_B","Defend_B","Defend_B+1","Defend_B+1","Defend_B","Zap+1","Dualcast","Sunder+1","Sunder+1","Ball Lightning","Core Surge","All For One","Hologram","Echo Form"],"special_seed":0,"relics":["Cracked Core","NeowsBlessing","DataDisk","Golden Idol","Strawberry","Centennial Puzzle","Bronze Scales","Tiny House","Singing Bowl","Dodecahedron","Sundial"],"potions_floor_usage":[30],"damage_taken":[{"damage":0.0,"enemies":"Cultist","floor":1.0,"turns":1.0},{"damage":0.0,"enemies":"2 Louse","floor":7.0,"turns":1.0},{"damage":0.0,"enemies":"3 Sentries","floor":10.0,"turns":1.0},{"damage":7.0,"enemies":"Jaw Worm","floor":11.0,"turns":2.0},{"damage":6.0,"enemies":"Exordium Thugs","floor":12.0,"turns":3.0},{"damage":57.0,"enemies":"Hexaghost","floor":16.0,"turns":7.0},{"damage":4.0,"enemies":"3 Byrds","floor":18.0,"turns":2.0},{"damage":0.0,"enemies":"Chosen","floor":20.0,"turns":3.0},{"damage":23.0,"enemies":"Centurion and Healer","floor":22.0,"turns":6.0},{"damage":66.0,"enemies":"Book of Stabbing","floor":24.0,"turns":5.0},{"damage":34.0,"enemies":"Snake Plant","floor":28.0,"turns":3.0},{"damage":27,"enemies":"Chosen and Byrds","floor":30,"turns":4},{"damage":31,"enemies":"Shelled Parasite and Fungi","floor":31,"turns":1}],"seed_played":"2113652383376363555","potions_obtained":[{"floor":10.0,"key":"Swift Potion"},{"floor":11.0,"key":"Regen Potion"},{"floor":12.0,"key":"Fire Potion"},{"floor":24.0,"key":"Explosive Potion"},{"floor":28.0,"key":"PowerPotion"},{"floor":30,"key":"Poison Potion"}],"is_trial":false,"path_per_floor":["M","$","T","?","?","R","M","R","T","E","M","M","$","?","R","B",null,"M","$","M","?","M","R","E","R","T","?","M","R","M","M"],"character_chosen":"DEFECT","items_purchased":["Bronze Scales","Singing Bowl"],"campfire_rested":4,"item_purchase_floors":[13,19],"current_hp_per_floor":[64,64,64,53,53,53,53,53,60,60,53,47,47,47,68,11,61,57,57,59,59,38,62,12,36,36,36,4,29,4,0],"gold":142,"neow_bonus":"THREE_ENEMY_KILL","is_prod":false,"is_daily":false,"chose_seed":false,"campfire_upgraded":2,"win_rate":0,"timestamp":1564864518,"path_taken":["M","$","?","?","?","R","M","R","T","E","M","M","$","?","R","BOSS","M","$","?","?","?","R","E","R","T","?","?","R","M","M"],"build_version":"2019-07-17","purchased_purges":0,"victory":false,"max_hp_per_floor":[71,71,71,71,64,64,64,64,71,71,71,71,71,71,71,71,76,76,76,78,78,80,80,82,82,82,82,84,84,86,86],"card_choices":[{"not_picked":["Rebound","Go for the Eyes"],"picked":"Sunder","floor":1.0},{"not_picked":["Stack","Conserve Battery"],"picked":"Sunder","floor":7.0},{"not_picked":["Rebound","Redo","Coolheaded"],"picked":"SKIP","floor":10.0},{"not_picked":["Storm","Streamline"],"picked":"Ball Lightning","floor":11.0},{"not_picked":["Blizzard","Conserve Battery"],"picked":"Core Surge","floor":12.0},{"not_picked":["Reboot","Rainbow"],"picked":"All For One","floor":16.0},{"not_picked":["Blizzard+1","Undo"],"picked":"Hologram","floor":18.0},{"not_picked":["Sweeping Beam","Skim","Hologram+1"],"picked":"Singing Bowl","floor":20.0},{"not_picked":["Loop","Streamline+1","Undo"],"picked":"Singing Bowl","floor":22.0},{"not_picked":["Steam","Beam Cell","Stack"],"picked":"Singing Bowl","floor":24.0},{"not_picked":["Loop","Electrodynamics","Gash"],"picked":"Singing Bowl","floor":28.0},{"not_picked":["Recycle","Leap","Doom and Gloom"],"picked":"Singing Bowl","floor":30}],"player_experience":413729,"relics_obtained":[{"floor":3.0,"key":"DataDisk"},{"floor":9.0,"key":"Strawberry"},{"floor":10.0,"key":"Centennial Puzzle"},{"floor":24.0,"key":"Dodecahedron"},{"floor":26.0,"key":"Sundial"}],"event_choices":[{"damage_healed":0.0,"max_hp_gain":0.0,"max_hp_loss":0.0,"gold_gain":75.0,"event_name":"World of Goop","player_choice":"Gather Gold","floor":4.0,"gold_loss":0.0,"damage_taken":11.0},{"damage_healed":0.0,"max_hp_gain":0.0,"max_hp_loss":7.0,"gold_gain":0.0,"event_name":"Golden Idol","player_choice":"Lose Max HP","floor":5.0,"gold_loss":0.0,"damage_taken":0.0,"relics_obtained":["Golden Idol"]},{"damage_healed":0.0,"max_hp_gain":0.0,"max_hp_loss":0.0,"gold_gain":0.0,"event_name":"Match and Keep!","player_choice":"0 cards matched","floor":14.0,"gold_loss":0.0,"damage_taken":0.0,"cards_obtained":[]},{"damage_healed":0.0,"max_hp_gain":0.0,"max_hp_loss":0.0,"gold_gain":0.0,"event_name":"Match and Keep!","player_choice":"1 cards matched","floor":21.0,"gold_loss":0.0,"damage_taken":0.0,"cards_obtained":["Echo Form"]},{"damage_healed":0.0,"max_hp_gain":0.0,"max_hp_loss":0.0,"gold_gain":0.0,"event_name":"Designer","player_choice":"Upgraded Two","floor":27.0,"gold_loss":50.0,"damage_taken":0.0,"cards_upgraded":["Sunder","Defend_B"]}],"is_beta":false,"boss_relics":[{"not_picked":["Runic Dome","Fusion Hammer"],"picked":"Tiny House"}],"items_purged_floors":[],"is_endless":false,"potions_floor_spawned":[10,11,12,16,24,28,30],"killed_by":"Shelled Parasite and Fungi","ascension_level":20}