{"gold_per_floor":[18,31,31,45,120,149,149,176,176,191,191,191,191,208,208,208],"floor_reached":16,"playtime":518,"items_purged":[],"score":215,"play_id":"2e0210ae-a6b0-426f-9683-685f9882a081","local_time":"20190727170734","is_ascension_mode":true,"campfire_choices":[{"data":"Fiend Fire","floor":7,"key":"SMITH"},{"floor":11,"key":"REST"},{"floor":15,"key":"REST"}],"neow_cost":"NO_GOLD","seed_source_timestamp":423157033475053,"circlet_count":0,"master_deck":["AscendersBane","Strike_R","Strike_R","Strike_R","Defend_R","Defend_R","Defend_R","Defend_R","Bash","Fiend Fire+1","Iron Wave","Spot Weakness","Fiend Fire","Twin Strike","Juggernaut","Cleave","True Grit","Inflame+1"],"relics":["Burning Blood","Mercury Hourglass","Bottled Tornado","Frozen Egg 2"],"potions_floor_usage":[8,8,10,14],"damage_taken":[{"damage":7,"enemies":"Jaw Worm","floor":1,"turns":2},{"damage":0,"enemies":"Small Slimes","floor":2,"turns":2},{"damage":6,"enemies":"2 Louse","floor":4,"turns":2},{"damage":34,"enemies":"Gremlin Nob","floor":6,"turns":4},{"damage":30,"enemies":"Lagavulin","floor":8,"turns":5},{"damage":0,"enemies":"Exordium Wildlife","floor":10,"turns":2},{"damage":10,"enemies":"Large Slime","floor":14,"turns":4},{"damage":49,"enemies":"The Guardian","floor":16,"turns":7}],"seed_played":"-610203333512674734","potions_obtained":[{"floor":1,"key":"SpeedPotion"},{"floor":2,"key":"Regen Potion"},{"floor":8,"key":"AttackPotion"},{"floor":10,"key":"AttackPotion"}],"is_trial":false,"path_per_floor":["M","M","?","M","?","E","R","E","T","M","R","?","?","M","R","B"],"character_chosen":"IRONCLAD","items_purchased":[],"campfire_rested":2,"item_purchase_floors":[],"current_hp_per_floor":[67,73,73,73,62,34,34,19,19,25,47,40,29,25,47,0],"gold":208,"neow_bonus":"THREE_RARE_CARDS","is_prod":false,"is_daily":false,"chose_seed":false,"campfire_upgraded":1,"win_rate":0,"timestamp":1564265254,"path_taken":["M","M","?","M","?","E","R","E","T","M","R","?","?","M","R","BOSS"],"build_version":"2019-07-17","purchased_purges":0,"victory":false,"max_hp_per_floor":[75,75,75,75,75,75,75,75,75,75,75,75,75,75,75,75],"card_choices":[{"not_picked":["Dark Embrace","Berserk"],"picked":"Fiend Fire","floor":0},{"not_picked":["Bloodletting","Perfected Strike"],"picked":"Iron Wave","floor":1},{"not_picked":["Heavy Blade","Rage"],"picked":"Spot Weakness","floor":2},{"not_picked":["Rage","Iron Wave"],"picked":"Twin Strike","floor":4},{"not_picked":["Twin Strike","Perfected Strike"],"picked":"Juggernaut","floor":6},{"not_picked":["Flex","Armaments"],"picked":"Cleave","floor":8},{"not_picked":["Fire Breathing","Clothesline"],"picked":"True Grit","floor":10},{"not_picked":["Thunderclap","Twin Strike"],"picked":"Inflame+1","floor":14}],"player_experience":544169,"relics_obtained":[{"floor":6,"key":"Mercury Hourglass"},{"floor":8,"key":"Bottled Tornado"}],"event_choices":[{"damage_healed":0,"gold_gain":0,"cards_transformed":["Strike_R"],"player_choice":"Change","damage_taken":0,"max_hp_gain":0,"max_hp_loss":0,"event_name":"Living Wall","floor":3,"gold_loss":0,"cards_obtained":["Fiend Fire"]},{"damage_healed":0,"gold_gain":75,"player_choice":"Gather Gold","damage_taken":11,"max_hp_gain":0,"max_hp_loss":0,"event_name":"World of Goop","floor":5,"gold_loss":0},{"cards_removed":["Strike_R"],"damage_healed":0,"gold_gain":0,"player_choice":"Card Removal","damage_taken":7,"max_hp_gain":0,"max_hp_loss":0,"event_name":"Golden Wing","floor":12,"gold_loss":0},{"damage_healed":0,"gold_gain":0,"player_choice":"Success","damage_taken":11,"relics_obtained":["Frozen Egg 2"],"max_hp_gain":0,"max_hp_loss":0,"event_name":"Scrap Ooze","floor":13,"gold_loss":0}],"is_beta":false,"boss_relics":[],"items_purged_floors":[],"is_endless":false,"potions_floor_spawned":[1,2,8,10],"killed_by":"The Guardian","ascension_level":19}