{"gold_per_floor":[113,113,1,20,40,40,65,65,65,65,91,91,91,108,108,203,203,219,318,318,335,44,74,74,74,74,90,22,37,37,50,50,153,153,172,191,191,202,77,77,404,404,427,72,104,104,104,115,115,115],"floor_reached":51,"playtime":2316,"items_purged":["Strike_B","Defend_B","Strike_B","Defend_B"],"score":912,"play_id":"7f0bfca5-2325-482f-bc29-b39207b98f5c","local_time":"20180903074944","is_ascension_mode":true,"campfire_choices":[{"data":"Zap","floor":6,"key":"SMITH"},{"data":"Static Discharge","floor":8,"key":"SMITH"},{"data":"Storm","floor":10,"key":"SMITH"},{"data":"Loop","floor":15,"key":"SMITH"},{"data":"Defragment","floor":24,"key":"SMITH"},{"data":"Biased Cognition","floor":30,"key":"SMITH"},{"data":"Biased Cognition","floor":32,"key":"SMITH"},{"floor":40,"key":"REST"},{"floor":42,"key":"REST"},{"data":"Loop","floor":47,"key":"SMITH"},{"floor":49,"key":"REST"}],"neow_cost":"NONE","seed_source_timestamp":1610961938254194,"circlet_count":0,"master_deck":["Strike_B+1","Defend_B+1","Defend_B","Zap+1","Dualcast","Biased Cognition+1","Genetic Algorithm","Storm+1","BootSequence","Static Discharge+1","Steam","Loop+1","Leap","Electrodynamics","Defragment+1","Leap","Barrage+1","Leap","Loop+1","Biased Cognition+1","Echo Form","Chaos+1","Thunder Strike+1","Biased Cognition","Leap","Machine Learning"],"relics":["Cracked Core","Mercury Hourglass","Calipers","Torii","Velvet Choker","Nloth\u0027s Gift","Oddly Smooth Stone","Ginger","Thread and Needle","Runic Dome","Shuriken","Old Coin","Whetstone","Matryoshka"],"potions_floor_usage":[50,50,50],"damage_taken":[{"damage":5,"enemies":"Small Slimes","floor":1,"turns":3},{"damage":0,"enemies":"Jaw Worm","floor":4,"turns":3},{"damage":0,"enemies":"2 Louse","floor":5,"turns":2},{"damage":15,"enemies":"3 Sentries","floor":7,"turns":5},{"damage":3,"enemies":"Lagavulin","floor":11,"turns":3},{"damage":1,"enemies":"Lots of Slimes","floor":14,"turns":3},{"damage":3,"enemies":"Hexaghost","floor":16,"turns":6},{"damage":1,"enemies":"Chosen","floor":18,"turns":2},{"damage":9,"enemies":"2 Thieves","floor":21,"turns":3},{"damage":21,"enemies":"Gremlin Leader","floor":23,"turns":4},{"damage":0,"enemies":"Sentry and Sphere","floor":27,"turns":3},{"damage":0,"enemies":"Centurion and Healer","floor":29,"turns":4},{"damage":0,"enemies":"Snake Plant","floor":31,"turns":3},{"damage":15,"enemies":"Champ","floor":33,"turns":6},{"damage":28,"enemies":"3 Darklings","floor":35,"turns":3},{"damage":0,"enemies":"Orb Walker","floor":36,"turns":3},{"damage":14,"enemies":"Maw","floor":38,"turns":4},{"damage":27,"enemies":"Nemesis","floor":41,"turns":5},{"damage":0,"enemies":"Giant Head","floor":45,"turns":5},{"damage":0,"enemies":"Jaw Worm Horde","floor":48,"turns":2},{"damage":56,"enemies":"Awakened One","floor":50,"turns":6}],"seed_played":"3623179496266656203","potions_obtained":[{"floor":14,"key":"Explosive Potion"},{"floor":16,"key":"SteroidPotion"},{"floor":21,"key":"SteroidPotion"},{"floor":23,"key":"GamblersBrew"},{"floor":33,"key":"SkillPotion"},{"floor":38,"key":"Ancient Potion"},{"floor":48,"key":"Weak Potion"}],"is_trial":false,"path_per_floor":["M","?","$","M","M","R","E","R","T","R","E","?","?","M","R","B",null,"M","?","?","M","$","E","R","?","T","M","$","M","R","M","R","B",null,"M","M","T","M","$","R","E","R","T","$","E","?","R","M","R","B"],"character_chosen":"DEFECT","items_purchased":["Storm","Oddly Smooth Stone","Leap","Loop","Biased Cognition","Leap"],"campfire_rested":3,"item_purchase_floors":[3,22,22,28,44,44],"current_hp_per_floor":[70,67,67,67,67,67,52,52,52,52,49,34,34,33,33,30,75,74,74,74,65,65,44,44,44,44,44,44,44,44,44,44,29,75,47,47,47,33,33,55,28,50,50,50,50,50,50,50,72,16],"gold":115,"neow_bonus":"ONE_RANDOM_RARE_CARD","is_prod":false,"is_daily":false,"chose_seed":false,"campfire_upgraded":8,"win_rate":0,"timestamp":1535982584,"path_taken":["M","?","$","M","M","R","E","R","T","R","E","?","?","M","R","BOSS","M","?","?","M","$","E","R","?","T","?","$","M","R","M","R","BOSS","M","M","?","M","$","R","E","R","T","?","E","?","R","M","R","BOSS"],"build_version":"2018-08-30","purchased_purges":4,"victory":true,"max_hp_per_floor":[75,75,75,75,75,75,75,75,75,75,75,75,75,75,75,75,75,75,75,75,75,75,75,75,75,75,75,75,75,75,75,75,75,75,75,75,75,75,75,75,75,75,75,75,75,75,75,75,75,75],"card_choices":[{"not_picked":["Cold Snap","Rebound"],"picked":"Genetic Algorithm","floor":1},{"not_picked":["Turbo","Ball Lightning"],"picked":"BootSequence","floor":4},{"not_picked":["Reprogram","Stack"],"picked":"Static Discharge","floor":5},{"not_picked":["Steam Power","Beam Cell"],"picked":"Steam","floor":7},{"not_picked":["Doom and Gloom","Blizzard"],"picked":"Loop","floor":11},{"not_picked":["Coolheaded","Gash"],"picked":"Leap","floor":14},{"not_picked":["Buffer","Biased Cognition"],"picked":"Electrodynamics","floor":16},{"not_picked":["Ball Lightning","Steam","Conserve Battery"],"picked":"SKIP","floor":18},{"not_picked":["Cold Snap","Loop"],"picked":"Defragment","floor":21},{"not_picked":["FTL","Conserve Battery"],"picked":"Barrage+1","floor":23},{"not_picked":["Beam Cell","Sweeping Beam"],"picked":"Leap","floor":27},{"not_picked":["Barrage","Gash+1"],"picked":"Biased Cognition","floor":29},{"not_picked":["Scrape+1","Cold Snap+1","Redo"],"picked":"SKIP","floor":31},{"not_picked":["Electrodynamics","Multi-Cast"],"picked":"Echo Form","floor":33},{"not_picked":["Gash+1","Rip and Tear"],"picked":"Chaos+1","floor":35},{"not_picked":["Stack+1","Steam","Skim+1"],"picked":"SKIP","floor":36},{"not_picked":["Coolheaded","Compile Driver+1"],"picked":"Thunder Strike","floor":38},{"not_picked":["Meteor Strike","Compile Driver","Barrage+1"],"picked":"SKIP","floor":41},{"not_picked":["Coolheaded+1","White Noise"],"picked":"Machine Learning","floor":45},{"not_picked":["Sweeping Beam","Rebound+1","Ball Lightning"],"picked":"SKIP","floor":48}],"player_experience":79908,"relics_obtained":[{"floor":7,"key":"Mercury Hourglass"},{"floor":9,"key":"Calipers"},{"floor":11,"key":"Torii"},{"floor":23,"key":"Ginger"},{"floor":26,"key":"Thread and Needle"},{"floor":37,"key":"Shuriken"},{"floor":41,"key":"Old Coin"},{"floor":43,"key":"Whetstone"},{"floor":45,"key":"Matryoshka"}],"event_choices":[{"event_name":"Scrap Ooze","player_choice":"success","floor":2,"damage_taken":3},{"event_name":"Shining Light","player_choice":"Entered Light","floor":12,"damage_taken":0},{"event_name":"Living Wall","player_choice":"Forget","floor":13,"damage_taken":0},{"event_name":"Nest","player_choice":"Stole From Cult","floor":19,"damage_taken":0},{"event_name":"N\u0027loth","player_choice":"Traded a Turnip","floor":20,"damage_taken":0},{"event_name":"The Woman in Blue","player_choice":"Bought 0 Potions","floor":25,"damage_taken":0},{"event_name":"SensoryStone","player_choice":"Memory 1","floor":46,"damage_taken":0}],"is_beta":true,"boss_relics":[{"not_picked":["Pandora\u0027s Box","FrozenCore"],"picked":"Velvet Choker"},{"not_picked":["Philosopher\u0027s Stone","Snecko Eye"],"picked":"Runic Dome"}],"items_purged_floors":[3,22,39,44],"is_endless":false,"potions_floor_spawned":[14,16,21,23,33,38,45,48],"ascension_level":3}