{"gold_per_floor":[117,137,137,157,157,157,170,188,188,15,15,41,41,57,57,128,128,142,142,16,31,31,31,50,50,50,81,108,108],"floor_reached":29,"playtime":1720,"items_purged":["Pain","Strike_R"],"score":533,"play_id":"4c936274-1838-4cf6-8a08-d9f5fde74968","local_time":"20190707011941","is_ascension_mode":true,"campfire_choices":[{"data":"Shockwave","floor":6.0,"key":"SMITH"},{"data":"Whirlwind","floor":11.0,"key":"SMITH"},{"data":"Clothesline","floor":13.0,"key":"SMITH"},{"floor":15.0,"key":"REST"},{"data":"True Grit","floor":23,"key":"SMITH"},{"data":"Reaper","floor":25,"key":"SMITH"}],"neow_cost":"NONE","seed_source_timestamp":0,"circlet_count":0,"master_deck":["AscendersBane","Strike_R","Strike_R","Strike_R","Defend_R","Defend_R+1","Defend_R","Defend_R","Bash","Battle Trance+1","Clothesline+1","Shockwave+1","Cleave","Shrug It Off","Whirlwind+1","True Grit+1","Ghostly Armor","Reaper+1","Barricade","Feel No Pain","Headbutt","Impervious","Metallicize+1"],"special_seed":0,"relics":["Burning Blood","WarpedTongs","Self Forming Clay","Question Card","Snecko Eye","WingedGreaves","Darkstone Periapt","Potion Belt"],"potions_floor_usage":[27,27,29],"damage_taken":[{"damage":14.0,"enemies":"Cultist","floor":1.0,"turns":6.0},{"damage":2.0,"enemies":"2 Louse","floor":2.0,"turns":4.0},{"damage":4.0,"enemies":"Jaw Worm","floor":4.0,"turns":5.0},{"damage":18.0,"enemies":"Red Slaver","floor":7.0,"turns":6.0},{"damage":5.0,"enemies":"Looter","floor":8.0,"turns":4.0},{"damage":13.0,"enemies":"3 Sentries","floor":12.0,"turns":5.0},{"damage":11.0,"enemies":"Gremlin Gang","floor":14.0,"turns":4.0},{"damage":26.0,"enemies":"The Guardian","floor":16.0,"turns":17.0},{"damage":6.0,"enemies":"3 Byrds","floor":18.0,"turns":3.0},{"damage":6.0,"enemies":"Chosen","floor":21.0,"turns":6.0},{"damage":10,"enemies":"Snake Plant","floor":24,"turns":5},{"damage":18,"enemies":"Slavers","floor":27,"turns":10},{"damage":0,"enemies":"Gremlin Leader","floor":28,"turns":6},{"damage":76,"enemies":"Book of Stabbing","floor":29,"turns":10}],"seed_played":"-2246255700528938927","potions_obtained":[{"floor":2.0,"key":"Poison Potion"},{"floor":8.0,"key":"Weak Potion"},{"floor":14.0,"key":"Poison Potion"},{"floor":16.0,"key":"SteroidPotion"},{"floor":18.0,"key":"Explosive Potion"},{"floor":28,"key":"GamblersBrew"}],"is_trial":false,"path_per_floor":["M","M","?","M","?","R","M","M","T","$","R","E","R","M","R","B",null,"M","?","$","M","?","R","M","R","T","E","E","E"],"character_chosen":"IRONCLAD","items_purchased":["Whirlwind","True Grit","Headbutt"],"campfire_rested":1,"item_purchase_floors":[10,10,20],"current_hp_per_floor":[60,64,41,43,43,43,31,32,32,32,32,25,25,20,42,28,63,63,63,63,63,63,63,64,64,64,52,75,0],"gold":108,"neow_bonus":"THREE_CARDS","is_prod":false,"is_daily":false,"chose_seed":false,"campfire_upgraded":5,"win_rate":0,"timestamp":1562480381,"path_taken":["M","?","?","M","?","R","?","M","T","$","R","E","R","M","R","BOSS","M","?","?","?","?","R","M","R","T","E","E","E"],"build_version":"2019-07-05","purchased_purges":2,"victory":false,"max_hp_per_floor":[75,75,75,75,75,75,75,75,75,75,75,75,75,75,75,75,75,75,75,75,75,75,75,75,75,75,75,75,75],"card_choices":[{"not_picked":["Entrench","Armaments"],"picked":"Battle Trance","floor":0.0},{"not_picked":["Blood for Blood","Wild Strike"],"picked":"Clothesline","floor":1.0},{"not_picked":["Heavy Blade","Clash"],"picked":"Shockwave","floor":2.0},{"not_picked":["Thunderclap","Warcry","Anger"],"picked":"SKIP","floor":4.0},{"not_picked":["Metallicize","Infernal Blade"],"picked":"Cleave","floor":7.0},{"not_picked":["Iron Wave","Combust"],"picked":"Shrug It Off","floor":8.0},{"not_picked":["Fire Breathing","Rupture"],"picked":"Ghostly Armor","floor":12.0},{"not_picked":["Uppercut","Sword Boomerang","Twin Strike"],"picked":"Reaper","floor":14.0},{"not_picked":["Fiend Fire","Brutality","Dark Embrace"],"picked":"Barricade","floor":16.0},{"not_picked":["Fire Breathing","Perfected Strike+1","Ghostly Armor"],"picked":"Feel No Pain","floor":18.0},{"not_picked":["Perfected Strike","Warcry","Pummel","Flex"],"picked":"SKIP","floor":21.0},{"not_picked":["Twin Strike","Pommel Strike+1","Clash","Thunderclap+1"],"picked":"SKIP","floor":24},{"not_picked":["Dark Embrace","Cleave","Searing Blow"],"picked":"Impervious","floor":27},{"not_picked":["Carnage+1","Second Wind","True Grit"],"picked":"Metallicize+1","floor":28}],"player_experience":451475,"relics_obtained":[{"floor":9.0,"key":"Self Forming Clay"},{"floor":12.0,"key":"Question Card"},{"floor":26,"key":"WingedGreaves"},{"floor":27,"key":"Darkstone Periapt"},{"floor":28,"key":"Potion Belt"}],"event_choices":[{"damage_healed":0.0,"max_hp_gain":0.0,"max_hp_loss":0.0,"gold_gain":0.0,"event_name":"Shining Light","player_choice":"Entered Light","floor":3.0,"gold_loss":0.0,"damage_taken":23.0,"cards_upgraded":["Battle Trance","Defend_R"]},{"damage_healed":0.0,"max_hp_gain":0.0,"max_hp_loss":0.0,"gold_gain":0.0,"event_name":"Accursed Blacksmith","player_choice":"Rummage","floor":5.0,"gold_loss":0.0,"damage_taken":0.0,"relics_obtained":["WarpedTongs"],"cards_obtained":["Pain"]},{"damage_healed":0.0,"max_hp_gain":0.0,"max_hp_loss":0.0,"gold_gain":0.0,"event_name":"Vampires","player_choice":"Ignored","floor":19.0,"gold_loss":0.0,"damage_taken":0.0},{"cards_removed":["Strike_R"],"damage_healed":0.0,"max_hp_gain":0.0,"max_hp_loss":0.0,"gold_gain":0.0,"event_name":"Purifier","player_choice":"Purged","floor":22.0,"gold_loss":0.0,"damage_taken":0.0}],"is_beta":false,"boss_relics":[{"not_picked":["Fusion Hammer","Eternal Feather"],"picked":"Snecko Eye"}],"items_purged_floors":[10,20],"is_endless":false,"potions_floor_spawned":[2,8,14,16,18,24,28],"killed_by":"Book of Stabbing","ascension_level":17}