{"gold_per_floor":[369,369,384,24,39,39,59,59,85,112,131,131,142,155,155,251,251,265,265,119,135,150,150,161,186,212,212,232,232,252,271,271,366,366,381,1380,1380,1396,853,853,853,886,886,56,156,174,174,204,204,204],"floor_reached":51,"playtime":3978,"items_purged":["Strike_R","Strike_R","Normality","Normality"],"score":1080,"play_id":"5b128d54-cc30-4ad8-a70e-4d3bb6d3f2a6","local_time":"20190612204920","is_ascension_mode":true,"campfire_choices":[{"data":"Uppercut","floor":6.0,"key":"SMITH"},{"data":"Whirlwind","floor":8.0,"key":"SMITH"},{"data":"Inflame","floor":12.0,"key":"SMITH"},{"data":"Hemokinesis","floor":15.0,"key":"SMITH"},{"floor":23.0,"key":"REST"},{"data":"Second Wind","floor":27.0,"key":"SMITH"},{"data":"Limit Break","floor":29.0,"key":"SMITH"},{"data":"True Grit","floor":32.0,"key":"SMITH"},{"data":"Metallicize","floor":40,"key":"SMITH"},{"data":"1","floor":47,"key":"LIFT"},{"data":"2","floor":49,"key":"LIFT"}],"neow_cost":"TEN_PERCENT_HP_LOSS","seed_source_timestamp":920340439945394,"circlet_count":0,"master_deck":["Strike_R","Strike_R+1","Strike_R+1","Defend_R","Defend_R","Defend_R","Defend_R","Bash","Whirlwind+1","Inflame+1","Shrug It Off","Uppercut+1","Second Wind+1","Seeing Red","Feed","Hemokinesis+1","Rupture","Limit Break+1","Headbutt","True Grit+1","Feel No Pain","Purity","Sentinel","Immolate","Inflame","Flex","Power Through","Brutality","Pummel+1","Armaments+1","Heavy Blade+1","Metallicize+1","Shrug It Off","Shockwave+1","Corruption","Blood for Blood+1"],"special_seed":0,"relics":["Burning Blood","Membership Card","Vajra","Red Skull","PreservedInsect","Runic Pyramid","FossilizedHelix","Velvet Choker","Self Forming Clay","Molten Egg 2","Toy Ornithopter","Gremlin Horn","The Courier","Oddly Smooth Stone","Frozen Egg 2","Bottled Tornado","Anchor","Girya","Strange Spoon","Bag of Marbles","Darkstone Periapt","Orichalcum","Ice Cream"],"potions_floor_usage":[42,42],"damage_taken":[{"damage":8.0,"enemies":"Jaw Worm","floor":1.0,"turns":4.0},{"damage":12.0,"enemies":"Small Slimes","floor":3.0,"turns":2.0},{"damage":1.0,"enemies":"Cultist","floor":5.0,"turns":3.0},{"damage":4.0,"enemies":"2 Fungi Beasts","floor":7.0,"turns":4.0},{"damage":12.0,"enemies":"Gremlin Nob","floor":10.0,"turns":4.0},{"damage":11.0,"enemies":"Large Slime","floor":11.0,"turns":5.0},{"damage":14.0,"enemies":"Lots of Slimes","floor":13.0,"turns":2.0},{"damage":6.0,"enemies":"Blue Slaver","floor":14.0,"turns":5.0},{"damage":4.0,"enemies":"Slime Boss","floor":16.0,"turns":6.0},{"damage":2.0,"enemies":"3 Byrds","floor":18.0,"turns":4.0},{"damage":23.0,"enemies":"Spheric Guardian","floor":21.0,"turns":4.0},{"damage":53.0,"enemies":"3 Cultists","floor":22.0,"turns":6.0},{"damage":2.0,"enemies":"Centurion and Healer","floor":24.0,"turns":5.0},{"damage":36.0,"enemies":"Book of Stabbing","floor":25.0,"turns":5.0},{"damage":11.0,"enemies":"Cultist and Chosen","floor":28.0,"turns":4.0},{"damage":0.0,"enemies":"Snecko","floor":30.0,"turns":3.0},{"damage":2.0,"enemies":"3 Cultists","floor":31.0,"turns":5.0},{"damage":4.0,"enemies":"Champ","floor":33.0,"turns":10.0},{"damage":23.0,"enemies":"Orb Walker","floor":35.0,"turns":4.0},{"damage":4.0,"enemies":"3 Shapes","floor":38.0,"turns":3.0},{"damage":38,"enemies":"Reptomancer","floor":42,"turns":6},{"damage":2,"enemies":"Writhing Mass","floor":46,"turns":6},{"damage":27,"enemies":"Giant Head","floor":48,"turns":7},{"damage":39,"enemies":"Awakened One","floor":50,"turns":8}],"seed_played":"2559223412737969274","potions_obtained":[{"floor":7.0,"key":"BloodPotion"},{"floor":10.0,"key":"Dexterity Potion"},{"floor":11.0,"key":"PowerPotion"},{"floor":14.0,"key":"Block Potion"},{"floor":18.0,"key":"Strength Potion"},{"floor":25.0,"key":"BloodPotion"},{"floor":31.0,"key":"AttackPotion"},{"floor":33.0,"key":"Weak Potion"},{"floor":38.0,"key":"AttackPotion"},{"floor":42,"key":"PowerPotion"}],"is_trial":false,"path_per_floor":["M","?","M","$","M","R","M","R","T","E","M","R","M","M","R","B",null,"M","?","$","M","M","R","M","E","T","R","M","R","M","M","R","B",null,"M","?","?","M","$","R","?","E","T","$","?","M","R","E","R","B",null],"character_chosen":"IRONCLAD","items_purchased":["Membership Card","Vajra","Shrug It Off","Uppercut","True Grit","Feel No Pain","Purity","Self Forming Clay","Molten Egg 2","Toy Ornithopter","Heavy Blade+1","Metallicize","Ancient Potion","Shrug It Off","Oddly Smooth Stone","Corruption","Frozen Egg 2","Bottled Tornado","Anchor","Girya","Strange Spoon","Bag of Marbles","Darkstone Periapt","Orichalcum"],"campfire_rested":1,"item_purchase_floors":[4,4,4,4,20,20,20,39,39,39,39,39,39,39,44,44,44,44,44,44,44,44,44,44],"current_hp_per_floor":[70,56,50,50,55,55,57,57,57,51,49,49,41,44,44,46,70,77,77,77,63,19,45,52,25,25,25,32,32,41,48,48,53,92,78,78,78,83,83,83,83,61,61,61,61,68,68,50,50,20],"gold":204,"neow_bonus":"TWO_FIFTY_GOLD","is_prod":false,"is_daily":false,"chose_seed":false,"campfire_upgraded":8,"win_rate":0,"timestamp":1560390560,"path_taken":["M","?","M","$","M","R","M","R","T","E","M","R","M","M","R","BOSS","M","?","$","M","M","R","M","E","T","R","M","R","M","M","R","BOSS","M","?","?","?","$","R","?","E","T","$","?","?","R","E","R","BOSS"],"build_version":"2019-01-23","purchased_purges":4,"victory":true,"max_hp_per_floor":[72,72,72,72,72,72,72,72,72,72,75,75,75,78,78,78,78,81,81,81,84,87,87,90,93,93,93,96,96,99,102,102,105,105,108,108,108,111,111,111,111,111,111,111,111,114,114,117,117,120],"card_choices":[{"not_picked":["Iron Wave","Heavy Blade"],"picked":"Whirlwind","floor":1.0},{"not_picked":["Metallicize","Whirlwind"],"picked":"Inflame","floor":3.0},{"not_picked":["Cleave","Wild Strike"],"picked":"Second Wind","floor":5.0},{"not_picked":["Armaments","Flex"],"picked":"Seeing Red","floor":7.0},{"not_picked":["Flex","Clothesline"],"picked":"Feed","floor":10.0},{"not_picked":["Havoc","Iron Wave"],"picked":"Hemokinesis","floor":11.0},{"not_picked":["Burning Pact","Intimidate"],"picked":"Rupture","floor":13.0},{"not_picked":["Searing Blow","Hemokinesis","Rampage"],"picked":"SKIP","floor":14.0},{"not_picked":["Juggernaut","Double Tap"],"picked":"Limit Break","floor":16.0},{"not_picked":["Sword Boomerang","Clothesline+1"],"picked":"Headbutt","floor":18.0},{"not_picked":["Clothesline+1","Anger"],"picked":"Sentinel","floor":21.0},{"not_picked":["Second Wind","Anger"],"picked":"Immolate","floor":22.0},{"not_picked":["Clothesline","Body Slam"],"picked":"Inflame","floor":24.0},{"not_picked":["Iron Wave","Rupture"],"picked":"Flex","floor":25.0},{"not_picked":["Cleave+1","Wild Strike+1","Warcry+1"],"picked":"SKIP","floor":28.0},{"not_picked":["Twin Strike","Disarm"],"picked":"Power Through","floor":30.0},{"not_picked":["Sentinel","Wild Strike","Feel No Pain"],"picked":"SKIP","floor":31.0},{"not_picked":["Berserk","Immolate"],"picked":"Brutality","floor":33.0},{"not_picked":["Sever Soul+1","Sword Boomerang+1"],"picked":"Pummel+1","floor":35.0},{"not_picked":["Twin Strike","Warcry+1"],"picked":"Armaments+1","floor":38.0},{"not_picked":["Pommel Strike+1","Clothesline+1"],"picked":"Shockwave+1","floor":42},{"not_picked":["Flex+1","Shrug It Off","Anger+1"],"picked":"SKIP","floor":46},{"not_picked":["Reckless Charge+1","Ghostly Armor+1"],"picked":"Blood for Blood+1","floor":48}],"player_experience":315913,"relics_obtained":[{"floor":9.0,"key":"Red Skull"},{"floor":10.0,"key":"PreservedInsect"},{"floor":25.0,"key":"FossilizedHelix"},{"floor":42,"key":"Gremlin Horn"},{"floor":43,"key":"The Courier"},{"floor":48,"key":"Ice Cream"}],"event_choices":[{"damage_healed":0.0,"max_hp_gain":0.0,"max_hp_loss":0.0,"gold_gain":0.0,"event_name":"Shining Light","player_choice":"Entered Light","floor":2.0,"gold_loss":0.0,"damage_taken":14.0,"cards_upgraded":["Strike_R","Strike_R"]},{"damage_healed":0.0,"max_hp_gain":0.0,"max_hp_loss":0.0,"gold_gain":0.0,"event_name":"Vampires","player_choice":"Ignored","floor":19.0,"gold_loss":0.0,"damage_taken":0.0},{"damage_healed":0.0,"max_hp_gain":0.0,"max_hp_loss":0.0,"gold_gain":999.0,"event_name":"MindBloom","player_choice":"Gold","floor":36.0,"gold_loss":0.0,"damage_taken":0.0,"cards_obtained":["Normality","Normality"]},{"damage_healed":0.0,"max_hp_gain":0.0,"max_hp_loss":0.0,"gold_gain":0.0,"event_name":"SecretPortal","player_choice":"Ignored","floor":37.0,"gold_loss":0.0,"damage_taken":0.0},{"damage_healed":0,"gold_gain":0,"player_choice":"Ignored","damage_taken":0,"max_hp_gain":0,"max_hp_loss":0,"event_name":"Tomb of Lord Red Mask","floor":41,"gold_loss":0},{"damage_healed":0,"gold_gain":100,"player_choice":"Pray","damage_taken":0,"max_hp_gain":0,"max_hp_loss":0,"event_name":"Golden Shrine","floor":45,"gold_loss":0}],"is_beta":false,"boss_relics":[{"not_picked":["Runic Dome","Coffee Dripper"],"picked":"Runic Pyramid"},{"not_picked":["Black Blood","White Beast Statue"],"picked":"Velvet Choker"}],"items_purged_floors":[4,20,39,44],"is_endless":false,"potions_floor_spawned":[7,10,11,13,14,16,18,22,25,31,33,38,42],"ascension_level":6}