{"gold_per_floor":[116,116,131,131,131,159,159,159,184,11,11,28,40,56,56,133,133,152,0,11,11,11,11,28,28,28,39,55,55,67,82,82,160,160,172,187,187,187,199,199,209,222,222,71,71,71,71],"floor_reached":47,"playtime":1809,"items_purged":["Parasite"],"score":865,"play_id":"2201991a-4594-4d35-b20d-97981426e179","local_time":"20190731210150","is_ascension_mode":true,"campfire_choices":[{"data":"Zap","floor":7.0,"key":"SMITH"},{"floor":15.0,"key":"REST"},{"floor":23.0,"key":"REST"},{"data":"Defragment","floor":25.0,"key":"SMITH"},{"floor":29.0,"key":"REST"},{"floor":32.0,"key":"REST"},{"floor":40.0,"key":"REST"}],"neow_cost":"NONE","seed_source_timestamp":0,"circlet_count":0,"master_deck":["AscendersBane","Strike_B+1","Strike_B+1","Defend_B+1","Defend_B+1","Defend_B+1","Zap+1","Dualcast","All For One","Gash","Echo Form","Leap+1","Defragment+1","Stack+1","Go for the Eyes+1","Biased Cognition","Reinforced Body","Redo+1","Cold Snap","Reinforced Body+1","Forethought+1"],"special_seed":0,"relics":["FrozenCore","NeowsBlessing","Gambling Chip","Dodecahedron","Regal Pillow","War Paint","Inserter","Symbiotic Virus","Sundial","Toxic Egg 2","Darkstone Periapt"],"potions_floor_usage":[],"damage_taken":[{"damage":0.0,"enemies":"2 Louse","floor":1.0,"turns":1.0},{"damage":0.0,"enemies":"Cultist","floor":3.0,"turns":1.0},{"damage":0.0,"enemies":"Gremlin Nob","floor":6.0,"turns":1.0},{"damage":0.0,"enemies":"Small Slimes","floor":12.0,"turns":3.0},{"damage":3.0,"enemies":"Looter","floor":13.0,"turns":2.0},{"damage":0.0,"enemies":"2 Fungi Beasts","floor":14.0,"turns":3.0},{"damage":40.0,"enemies":"Slime Boss","floor":16.0,"turns":7.0},{"damage":16.0,"enemies":"Spheric Guardian","floor":18.0,"turns":4.0},{"damage":8.0,"enemies":"3 Byrds","floor":20.0,"turns":4.0},{"damage":20.0,"enemies":"Centurion and Healer","floor":24.0,"turns":7.0},{"damage":0.0,"enemies":"Snecko","floor":27.0,"turns":9.0},{"damage":11.0,"enemies":"Sentry and Sphere","floor":28.0,"turns":5.0},{"damage":10.0,"enemies":"Snake Plant","floor":30.0,"turns":5.0},{"damage":32.0,"enemies":"3 Cultists","floor":31.0,"turns":5.0},{"damage":56.0,"enemies":"Automaton","floor":33.0,"turns":12.0},{"damage":0.0,"enemies":"3 Shapes","floor":35.0,"turns":7.0},{"damage":0.0,"enemies":"Orb Walker","floor":36.0,"turns":3.0},{"damage":26.0,"enemies":"Writhing Mass","floor":39.0,"turns":9.0},{"damage":32,"enemies":"3 Darklings","floor":41,"turns":6},{"damage":28,"enemies":"Maw","floor":42,"turns":7},{"damage":6,"enemies":"4 Shapes","floor":47,"turns":1}],"seed_played":"-7172993985823640875","potions_obtained":[{"floor":2.0,"key":"SmokeBomb"},{"floor":2.0,"key":"Fire Potion"},{"floor":3.0,"key":"PowerPotion"},{"floor":13.0,"key":"Energy Potion"},{"floor":28.0,"key":"SpeedPotion"},{"floor":30.0,"key":"Strength Potion"},{"floor":35.0,"key":"Ancient Potion"}],"is_trial":false,"path_per_floor":["M","?","M","?","?","E","R","?","T","$","$","M","M","M","R","B",null,"M","?","M","?","?","R","M","R","T","M","M","R","M","M","R","B",null,"M","M","?","?","M","R","M","M","T","$","T","?","M"],"character_chosen":"DEFECT","items_purchased":["War Paint","Reinforced Body+1"],"campfire_rested":5,"item_purchase_floors":[10,44],"current_hp_per_floor":[64,64,64,57,57,57,57,46,46,46,46,46,43,43,71,31,61,45,45,37,37,37,71,51,51,51,51,40,71,61,29,65,9,56,56,56,56,56,30,66,34,6,6,6,6,6,0],"gold":71,"neow_bonus":"THREE_ENEMY_KILL","is_prod":false,"is_daily":false,"chose_seed":false,"campfire_upgraded":2,"win_rate":0,"timestamp":1564599710,"path_taken":["M","?","?","?","?","E","R","?","T","?","$","M","M","M","R","BOSS","M","?","M","?","?","R","M","R","T","M","M","R","?","M","R","BOSS","M","M","?","?","?","R","M","M","T","$","?","?","M"],"build_version":"2019-07-17","purchased_purges":1,"victory":false,"max_hp_per_floor":[71,71,71,71,71,71,71,71,71,71,71,71,71,71,71,71,71,71,71,71,71,71,71,71,71,71,71,71,71,71,71,71,71,71,71,71,71,71,71,71,71,71,71,68,68,68,68],"card_choices":[{"not_picked":["Turbo","Coolheaded","Hologram"],"picked":"SKIP","floor":1.0},{"not_picked":["Sweeping Beam","Streamline","Beam Cell"],"picked":"SKIP","floor":3.0},{"not_picked":["Ball Lightning","Scrape"],"picked":"All For One","floor":6.0},{"not_picked":["Chaos","Heatsinks","Consume"],"picked":"SKIP","floor":12.0},{"not_picked":["Conserve Battery","Rebound"],"picked":"Static Discharge","floor":13.0},{"not_picked":["Capacitor","Undo"],"picked":"Gash","floor":14.0},{"not_picked":["Seek","Amplify"],"picked":"Echo Form","floor":16.0},{"not_picked":["Go for the Eyes","Compile Driver"],"picked":"Leap+1","floor":18.0},{"not_picked":["Leap+1","Gash"],"picked":"Defragment","floor":20.0},{"not_picked":["Beam Cell","Steam"],"picked":"Stack+1","floor":24.0},{"not_picked":["Coolheaded","Redo","Leap"],"picked":"SKIP","floor":27.0},{"not_picked":["Barrage","Coolheaded","Machine Learning"],"picked":"SKIP","floor":28.0},{"not_picked":["Reprogram","Conserve Battery","Ball Lightning"],"picked":"SKIP","floor":30.0},{"not_picked":["Cold Snap","Sunder"],"picked":"Go for the Eyes+1","floor":31.0},{"not_picked":["All For One","Seek"],"picked":"Biased Cognition","floor":33.0},{"not_picked":["Rip and Tear","Leap+1"],"picked":"Reinforced Body","floor":35.0},{"not_picked":["Conserve Battery","Stack"],"picked":"Redo+1","floor":36.0},{"not_picked":["Hologram","Undo"],"picked":"Cold Snap","floor":39.0},{"not_picked":["Coolheaded","Redo","Compile Driver"],"picked":"SKIP","floor":41},{"not_picked":["Lockon+1","Barrage","Ball Lightning+1"],"picked":"SKIP","floor":42},{"not_picked":["Magnetism","PanicButton+1"],"picked":"Forethought+1","floor":46}],"player_experience":383317,"relics_obtained":[{"floor":6.0,"key":"Gambling Chip"},{"floor":9.0,"key":"Regal Pillow"},{"floor":26.0,"key":"Symbiotic Virus"},{"floor":43,"key":"Toxic Egg 2"},{"floor":45,"key":"Darkstone Periapt"}],"event_choices":[{"damage_healed":0.0,"max_hp_gain":0.0,"max_hp_loss":0.0,"gold_gain":0.0,"event_name":"Lab","player_choice":"Got Potions","floor":2.0,"gold_loss":0.0,"damage_taken":0.0},{"cards_removed":["Strike_B"],"damage_healed":0.0,"max_hp_gain":0.0,"max_hp_loss":0.0,"gold_gain":0.0,"event_name":"Golden Wing","player_choice":"Card Removal","floor":4.0,"gold_loss":0.0,"damage_taken":7.0},{"cards_removed":["Defend_B"],"damage_healed":0.0,"max_hp_gain":0.0,"max_hp_loss":0.0,"gold_gain":0.0,"event_name":"Living Wall","player_choice":"Forget","floor":5.0,"gold_loss":0.0,"damage_taken":0.0},{"damage_healed":0.0,"max_hp_gain":0.0,"max_hp_loss":0.0,"gold_gain":0.0,"event_name":"Scrap Ooze","player_choice":"Success","floor":8.0,"gold_loss":0.0,"damage_taken":11.0,"relics_obtained":["Dodecahedron"]},{"damage_healed":0.0,"max_hp_gain":0.0,"max_hp_loss":0.0,"gold_gain":0.0,"event_name":"Masked Bandits","player_choice":"Paid Fearfully","floor":19.0,"gold_loss":152.0,"damage_taken":0.0},{"damage_healed":0.0,"max_hp_gain":0.0,"max_hp_loss":0.0,"gold_gain":0.0,"event_name":"Back to Basics","player_choice":"Simplicity","floor":21.0,"gold_loss":0.0,"damage_taken":0.0,"cards_upgraded":["Strike_B","Strike_B","Strike_B","Defend_B"]},{"cards_removed":["Strike_B"],"damage_healed":0.0,"max_hp_gain":0.0,"max_hp_loss":0.0,"gold_gain":0.0,"event_name":"Purifier","player_choice":"Purged","floor":22.0,"gold_loss":0.0,"damage_taken":0.0},{"damage_healed":0.0,"max_hp_gain":0.0,"max_hp_loss":0.0,"gold_gain":0.0,"event_name":"Mysterious Sphere","player_choice":"Ignored","floor":37.0,"gold_loss":0.0,"damage_taken":0.0},{"cards_removed":["Static Discharge"],"damage_healed":0.0,"max_hp_gain":0.0,"max_hp_loss":0.0,"gold_gain":0.0,"event_name":"WeMeetAgain","player_choice":"Gave Card","floor":38.0,"gold_loss":0.0,"damage_taken":0.0,"relics_obtained":["Sundial"]},{"damage_healed":0,"gold_gain":0,"player_choice":"Memory 1","damage_taken":0,"max_hp_gain":0,"max_hp_loss":0,"event_name":"SensoryStone","floor":46,"gold_loss":0}],"is_beta":false,"boss_relics":[{"not_picked":["Cursed Key","Tiny House"],"picked":"Inserter"},{"not_picked":["Orrery","Black Star"],"picked":"FrozenCore"}],"items_purged_floors":[44],"is_endless":false,"potions_floor_spawned":[3,12,13,14,28,30,31,35,36],"killed_by":"4 Shapes","ascension_level":17}