{"gold_per_floor":[110,110,110,123,42,70,345,377,377,377,404,420,420,455,455,455],"floor_reached":16,"playtime":544,"items_purged":[],"score":287,"play_id":"0ea14b6b-e987-4e3f-8e0c-4000dac8396e","local_time":"20190716192453","is_ascension_mode":true,"campfire_choices":[{"floor":10.0,"key":"REST"},{"data":"Heavy Blade","floor":13.0,"key":"SMITH"},{"floor":15,"key":"REST"}],"neow_cost":"NONE","seed_source_timestamp":523089184327336,"circlet_count":0,"master_deck":["AscendersBane","Strike_R","Strike_R","Strike_R","Strike_R","Strike_R","Defend_R","Defend_R","Defend_R","Defend_R","Bash","Heavy Blade+1","Anger","Bloodletting","Dual Wield","Spot Weakness","Corruption","Regret","Iron Wave","Whirlwind","Flame Barrier","Armaments"],"special_seed":0,"relics":["Burning Blood","NeowsBlessing","Du-Vu Doll","Centennial Puzzle","Pear","Shuriken","Gambling Chip"],"potions_floor_usage":[16,16],"damage_taken":[{"damage":0.0,"enemies":"Jaw Worm","floor":1.0,"turns":1.0},{"damage":0.0,"enemies":"Small Slimes","floor":4.0,"turns":1.0},{"damage":0.0,"enemies":"Gremlin Nob","floor":6.0,"turns":1.0},{"damage":64.0,"enemies":"3 Sentries","floor":8.0,"turns":7.0},{"damage":8.0,"enemies":"Gremlin Nob","floor":11.0,"turns":3.0},{"damage":14.0,"enemies":"Cultist","floor":12.0,"turns":4.0},{"damage":30,"enemies":"3 Sentries","floor":14,"turns":7},{"damage":44,"enemies":"Slime Boss","floor":16,"turns":5}],"seed_played":"-1461573073114673339","potions_obtained":[{"floor":8.0,"key":"SkillPotion"},{"floor":12.0,"key":"LiquidBronze"},{"floor":14,"key":"Fire Potion"}],"is_trial":false,"path_per_floor":["M","?","?","M","$","E","?","E","T","R","E","M","R","E","R","B"],"character_chosen":"IRONCLAD","items_purchased":["Spot Weakness"],"campfire_rested":2,"item_purchase_floors":[5],"current_hp_per_floor":[74,74,74,75,75,75,75,17,27,52,50,42,42,18,43,0],"gold":455,"neow_bonus":"THREE_ENEMY_KILL","is_prod":false,"is_daily":false,"chose_seed":false,"campfire_upgraded":1,"win_rate":0,"timestamp":1563323093,"path_taken":["M","?","?","?","$","E","?","E","T","R","E","M","R","E","R","BOSS"],"build_version":"2019-07-05","purchased_purges":0,"victory":false,"max_hp_per_floor":[75,75,75,75,75,75,75,75,85,85,85,85,85,85,85,85],"card_choices":[{"not_picked":["Havoc","Wild Strike"],"picked":"Heavy Blade","floor":1.0},{"not_picked":["Anger","Wild Strike"],"picked":"Dual Wield","floor":4.0},{"not_picked":["Thunderclap","Ghostly Armor"],"picked":"Corruption","floor":6.0},{"not_picked":["Wild Strike","Berserk"],"picked":"Iron Wave","floor":8.0},{"not_picked":["Second Wind","Spot Weakness"],"picked":"Whirlwind","floor":11.0},{"not_picked":["Clash","Havoc"],"picked":"Flame Barrier","floor":12.0},{"not_picked":["Flex","Evolve"],"picked":"Armaments","floor":14}],"player_experience":496405,"relics_obtained":[{"floor":6.0,"key":"Du-Vu Doll"},{"floor":8.0,"key":"Centennial Puzzle"},{"floor":9.0,"key":"Pear"},{"floor":11.0,"key":"Shuriken"},{"floor":14,"key":"Gambling Chip"}],"event_choices":[{"damage_healed":0.0,"max_hp_gain":0.0,"max_hp_loss":0.0,"gold_gain":0.0,"event_name":"Liars Game","player_choice":"Ignored","floor":2.0,"gold_loss":0.0,"damage_taken":0.0},{"damage_healed":0.0,"max_hp_gain":0.0,"max_hp_loss":0.0,"gold_gain":0.0,"event_name":"Match and Keep!","player_choice":"2 cards matched","floor":3.0,"gold_loss":0.0,"damage_taken":0.0,"cards_obtained":["Anger","Bloodletting"]},{"damage_healed":0.0,"max_hp_gain":0.0,"max_hp_loss":0.0,"gold_gain":275.0,"event_name":"Golden Shrine","player_choice":"Desecrate","floor":7.0,"gold_loss":0.0,"damage_taken":0.0,"cards_obtained":["Regret"]}],"is_beta":false,"boss_relics":[],"items_purged_floors":[],"is_endless":false,"potions_floor_spawned":[8,12,14],"killed_by":"Slime Boss","ascension_level":18}