{"gold_per_floor":[218,218,218,29,62,62,62,62,62,100,25,66,66,135,135,255,255,304,348,412,412,433,433,493,493],"floor_reached":25,"playtime":1380,"items_purged":["Strike_R"],"score":354,"play_id":"35586a80-37fa-4f67-bb8f-8b0bb3eb311c","local_time":"20190625182647","is_ascension_mode":true,"campfire_choices":[{"data":"HandOfGreed","floor":6.0,"key":"SMITH"},{"data":"Bash","floor":8.0,"key":"SMITH"},{"floor":13.0,"key":"REST"},{"floor":15.0,"key":"RECALL"},{"floor":23,"key":"REST"}],"neow_cost":"NONE","seed_source_timestamp":513865896014463,"circlet_count":0,"master_deck":["AscendersBane","Strike_R+1","Strike_R+1","Strike_R+1","Strike_R+1","Defend_R+1","Defend_R+1","Defend_R+1","Defend_R+1","Bash+1","Seeing Red","HandOfGreed+1","Armaments","Pain","Impervious","Whirlwind","Pommel Strike","Spot Weakness","Demon Form","Twin Strike","Burning Pact","Shrug It Off+1","Heavy Blade","Battle Trance"],"special_seed":0,"relics":["Burning Blood","Golden Idol","WarpedTongs","Question Card","Dream Catcher","Velvet Choker","Omamori"],"potions_floor_usage":[22],"damage_taken":[{"damage":5.0,"enemies":"2 Louse","floor":1.0,"turns":4.0},{"damage":0.0,"enemies":"Cultist","floor":5.0,"turns":3.0},{"damage":20.0,"enemies":"Lagavulin","floor":10.0,"turns":5.0},{"damage":2.0,"enemies":"Small Slimes","floor":12.0,"turns":3.0},{"damage":10.0,"enemies":"2 Fungi Beasts","floor":14.0,"turns":5.0},{"damage":36.0,"enemies":"The Guardian","floor":16.0,"turns":9.0},{"damage":9,"enemies":"2 Thieves","floor":18,"turns":5},{"damage":12,"enemies":"Shell Parasite","floor":19,"turns":4},{"damage":20,"enemies":"Cultist and Chosen","floor":20,"turns":6},{"damage":41,"enemies":"Sentry and Sphere","floor":22,"turns":7},{"damage":23,"enemies":"Gremlin Leader","floor":24,"turns":5},{"damage":33,"enemies":"3 Cultists","floor":25,"turns":5}],"seed_played":"5532788491173244438","potions_obtained":[{"floor":1.0,"key":"PowerPotion"},{"floor":5.0,"key":"Weak Potion"},{"floor":18,"key":"Strength Potion"},{"floor":19,"key":"FairyPotion"}],"is_trial":false,"path_per_floor":["M","?","?","$","M","R","?","R","T","E","$","M","R","M","R","B",null,"M","M","M","?","M","R","E","M"],"character_chosen":"IRONCLAD","items_purchased":["HandOfGreed"],"campfire_rested":2,"item_purchase_floors":[4],"current_hp_per_floor":[73,53,37,37,43,43,43,43,43,29,29,33,57,53,53,23,66,63,57,43,43,8,32,15,0],"gold":493,"neow_bonus":"HUNDRED_GOLD","is_prod":false,"is_daily":false,"chose_seed":false,"campfire_upgraded":2,"win_rate":0,"timestamp":1561505207,"path_taken":["M","?","?","$","M","R","?","R","T","E","$","M","R","?","R","BOSS","M","?","M","?","M","R","E","M"],"build_version":"2019-01-23","purchased_purges":1,"victory":false,"max_hp_per_floor":[80,80,80,80,80,80,80,80,80,80,80,80,80,80,80,80,80,80,80,80,80,80,80,80,80],"card_choices":[{"not_picked":["Sword Boomerang","Clash"],"picked":"Seeing Red","floor":1.0},{"not_picked":["Sever Soul","Body Slam"],"picked":"Armaments","floor":5.0},{"not_picked":["Reckless Charge","Wild Strike","Clash"],"picked":"Impervious","floor":10.0},{"not_picked":["Sword Boomerang","Thunderclap","Flame Barrier"],"picked":"Whirlwind","floor":12.0},{"not_picked":["Anger","Body Slam","Twin Strike"],"picked":"Pommel Strike","floor":13.0},{"not_picked":["Rampage","Warcry","Havoc"],"picked":"Spot Weakness","floor":14.0},{"not_picked":["Immolate","Juggernaut","Impervious"],"picked":"Demon Form","floor":16.0},{"not_picked":["Wild Strike","Combust","Armaments","Perfected Strike"],"picked":"SKIP","floor":18},{"not_picked":["Perfected Strike","Rampage","Armaments"],"picked":"Twin Strike","floor":19},{"not_picked":["Armaments","Carnage","Sever Soul"],"picked":"Burning Pact","floor":20},{"not_picked":["True Grit+1","Wild Strike","Warcry"],"picked":"Shrug It Off+1","floor":22},{"not_picked":["Fiend Fire","Metallicize","Dropkick"],"picked":"Heavy Blade","floor":23},{"not_picked":["Perfected Strike","Rampage","Wild Strike"],"picked":"Battle Trance","floor":24}],"player_experience":397800,"relics_obtained":[{"floor":9.0,"key":"Question Card"},{"floor":10.0,"key":"Dream Catcher"},{"floor":24,"key":"Omamori"}],"event_choices":[{"damage_healed":0.0,"max_hp_gain":0.0,"max_hp_loss":0.0,"gold_gain":0.0,"event_name":"Golden Idol","player_choice":"Take Damage","floor":2.0,"gold_loss":0.0,"damage_taken":20.0,"relics_obtained":["Golden Idol"]},{"damage_healed":0.0,"max_hp_gain":0.0,"max_hp_loss":0.0,"gold_gain":0.0,"event_name":"Shining Light","player_choice":"Entered Light","floor":3.0,"gold_loss":0.0,"damage_taken":16.0,"cards_upgraded":["Strike_R","Defend_R"]},{"damage_healed":0.0,"max_hp_gain":0.0,"max_hp_loss":0.0,"gold_gain":0.0,"event_name":"Accursed Blacksmith","player_choice":"Rummage","floor":7.0,"gold_loss":0.0,"damage_taken":0.0,"relics_obtained":["WarpedTongs"],"cards_obtained":["Pain"]},{"damage_healed":0,"gold_gain":0,"player_choice":"Simplicity","damage_taken":0,"max_hp_gain":0,"max_hp_loss":0,"event_name":"Back to Basics","floor":21,"gold_loss":0,"cards_upgraded":["Strike_R","Strike_R","Strike_R","Defend_R","Defend_R","Defend_R"]}],"is_beta":false,"boss_relics":[{"not_picked":["Ectoplasm","Coffee Dripper"],"picked":"Velvet Choker"}],"items_purged_floors":[11],"is_endless":false,"potions_floor_spawned":[1,5,12,18,19,20],"killed_by":"3 Cultists","ascension_level":12}