{"gold_per_floor":[112,112,262,277,277,308,193,193,247,262,262,295,295,309,309,405,405,425,425,425,129,148,148,161,181,181,181,181,181,181,199,199,292,292,316,316,339,339,339,339,190,190,214,249,270,95,110,110],"floor_reached":48,"playtime":1883,"items_purged":["Doubt","Writhe","Parasite"],"score":884,"play_id":"ec327f4a-9028-4009-8f67-77a65ed52b9f","local_time":"20190725211035","is_ascension_mode":true,"campfire_choices":[{"data":"White Noise","floor":11.0,"key":"SMITH"},{"floor":13.0,"key":"REST"},{"floor":15.0,"key":"REST"},{"floor":23.0,"key":"REST"},{"floor":28.0,"key":"REST"},{"floor":30.0,"key":"REST"},{"floor":32.0,"key":"REST"},{"floor":40.0,"key":"REST"},{"floor":42.0,"key":"REST"}],"neow_cost":"NONE","seed_source_timestamp":0,"circlet_count":0,"master_deck":["AscendersBane","Strike_B+1","Strike_B+1","Strike_B+1","Defend_B+1","Defend_B+1","Defend_B+1","Defend_B+1","Zap","Dualcast","Chill","Creative AI+1","White Noise+1","Gash","Reinforced Body","Chill","Cold Snap","Chill","Chill","Static Discharge","Tempest","Cold Snap+1","Static Discharge"],"special_seed":0,"relics":["Cracked Core","NeowsBlessing","Golden Idol","Pear","Sundial","Art of War","Orichalcum","Lizard Tail","Ice Cream","Ornamental Fan","Fusion Hammer","Centennial Puzzle","Bottled Lightning"],"potions_floor_usage":[],"damage_taken":[{"damage":0.0,"enemies":"Jaw Worm","floor":1.0,"turns":1.0},{"damage":0.0,"enemies":"Small Slimes","floor":4.0,"turns":1.0},{"damage":0.0,"enemies":"Gremlin Nob","floor":6.0,"turns":1.0},{"damage":3.0,"enemies":"2 Louse","floor":10.0,"turns":3.0},{"damage":34.0,"enemies":"Lagavulin","floor":12.0,"turns":9.0},{"damage":15.0,"enemies":"Large Slime","floor":14.0,"turns":7.0},{"damage":19.0,"enemies":"Slime Boss","floor":16.0,"turns":10.0},{"damage":37.0,"enemies":"Shell Parasite","floor":18.0,"turns":8.0},{"damage":25.0,"enemies":"Chosen","floor":22.0,"turns":5.0},{"damage":15.0,"enemies":"Shelled Parasite and Fungi","floor":24.0,"turns":9.0},{"damage":27.0,"enemies":"Snake Plant","floor":25.0,"turns":9.0},{"damage":17.0,"enemies":"Colosseum Slavers","floor":27.0,"turns":3.0},{"damage":27.0,"enemies":"Cultist and Chosen","floor":31.0,"turns":11.0},{"damage":31.0,"enemies":"Champ","floor":33.0,"turns":12.0},{"damage":2.0,"enemies":"3 Shapes","floor":35.0,"turns":6.0},{"damage":10.0,"enemies":"Orb Walker","floor":37.0,"turns":5.0},{"damage":28.0,"enemies":"Giant Head","floor":44.0,"turns":8.0},{"damage":25,"enemies":"Writhing Mass","floor":45,"turns":6},{"damage":0,"enemies":"Sphere and 2 Shapes","floor":47,"turns":6},{"damage":24,"enemies":"3 Darklings","floor":48,"turns":4}],"seed_played":"-3064733538035070273","potions_obtained":[{"floor":4.0,"key":"Block Potion"},{"floor":14.0,"key":"SteroidPotion"},{"floor":16.0,"key":"Dexterity Potion"},{"floor":24.0,"key":"Block Potion"},{"floor":33.0,"key":"Swift Potion"},{"floor":45,"key":"SteroidPotion"}],"is_trial":false,"path_per_floor":["M","?","?","M","T","E","$","?","T","M","R","E","R","M","R","B",null,"M","?","?","$","M","R","M","M","T","?","R","?","R","M","R","B",null,"M","?","M","?","?","R","$","R","T","E","M","$","M","M"],"character_chosen":"DEFECT","items_purchased":["White Noise","Ice Cream","PowerPotion","Fire Potion"],"campfire_rested":8,"item_purchase_floors":[7,21,41,46],"current_hp_per_floor":[64,64,64,64,74,74,74,74,74,71,71,37,59,44,66,47,67,30,30,30,30,5,27,12,24,24,7,29,29,51,24,46,15,59,57,72,62,62,62,74,74,74,74,46,21,21,21,0],"gold":110,"neow_bonus":"THREE_ENEMY_KILL","is_prod":false,"is_daily":false,"chose_seed":false,"campfire_upgraded":1,"win_rate":0,"timestamp":1564081835,"path_taken":["M","?","?","M","?","E","$","?","T","M","R","E","R","M","R","BOSS","M","?","?","$","M","R","M","M","T","?","R","?","R","M","R","BOSS","M","?","M","?","?","R","$","R","T","E","?","$","M","?"],"build_version":"2019-07-17","purchased_purges":3,"victory":false,"max_hp_per_floor":[71,64,64,64,74,74,74,74,74,74,74,74,74,74,74,74,74,74,74,74,74,74,74,74,74,74,74,74,74,74,74,74,74,74,74,74,74,74,74,74,74,74,74,74,74,71,71,71],"card_choices":[{"not_picked":["Hologram","Double Energy","Beam Cell"],"picked":"SKIP","floor":1.0},{"not_picked":["Go for the Eyes","Barrage"],"picked":"Chill","floor":4.0},{"not_picked":["BootSequence","FTL"],"picked":"Creative AI","floor":6.0},{"not_picked":["Streamline","Sweeping Beam"],"picked":"Gash","floor":10.0},{"not_picked":["Stack","Compile Driver"],"picked":"Reinforced Body","floor":12.0},{"not_picked":["Streamline","Turbo","Ball Lightning"],"picked":"SKIP","floor":14.0},{"not_picked":["Stack","Rebound"],"picked":"Chill","floor":18.0},{"not_picked":["Coolheaded","Undo"],"picked":"Cold Snap","floor":22.0},{"not_picked":["Rebound","Redo"],"picked":"Chill","floor":24.0},{"not_picked":["Reinforced Body","Amplify"],"picked":"Chill","floor":25.0},{"not_picked":["Ball Lightning","Beam Cell"],"picked":"Static Discharge","floor":31.0},{"not_picked":["Aggregate+1","Tempest","Beam Cell+1"],"picked":"SKIP","floor":35.0},{"not_picked":["Aggregate+1","Beam Cell+1"],"picked":"Tempest","floor":35.0},{"not_picked":["Turbo","Coolheaded","Rebound"],"picked":"SKIP","floor":37.0},{"not_picked":["Cold Snap+1","Barrage+1","Rebound"],"picked":"SKIP","floor":44.0},{"not_picked":["Barrage+1","Rebound"],"picked":"Cold Snap+1","floor":44.0},{"not_picked":["Compile Driver+1","Turbo","Stack"],"picked":"SKIP","floor":45},{"not_picked":["Beam Cell","Coolheaded"],"picked":"Static Discharge","floor":47}],"player_experience":370907,"relics_obtained":[{"floor":5.0,"key":"Pear"},{"floor":6.0,"key":"Sundial"},{"floor":9.0,"key":"Art of War"},{"floor":12.0,"key":"Orichalcum"},{"floor":26.0,"key":"Ornamental Fan"},{"floor":43.0,"key":"Centennial Puzzle"},{"floor":44.0,"key":"Bottled Lightning"}],"event_choices":[{"damage_healed":0.0,"max_hp_gain":0.0,"max_hp_loss":7.0,"gold_gain":0.0,"event_name":"Golden Idol","player_choice":"Lose Max HP","floor":2.0,"gold_loss":0.0,"damage_taken":0.0,"relics_obtained":["Golden Idol"]},{"damage_healed":0.0,"max_hp_gain":0.0,"max_hp_loss":0.0,"gold_gain":150.0,"event_name":"Liars Game","player_choice":"AGREE","floor":3.0,"gold_loss":0.0,"damage_taken":0.0,"cards_obtained":["Doubt"]},{"damage_healed":0.0,"max_hp_gain":0.0,"max_hp_loss":0.0,"gold_gain":0.0,"event_name":"Living Wall","player_choice":"Grow","floor":8.0,"gold_loss":0.0,"damage_taken":0.0,"cards_upgraded":["Creative AI"]},{"damage_healed":0.0,"max_hp_gain":0.0,"max_hp_loss":0.0,"gold_gain":0.0,"event_name":"Back to Basics","player_choice":"Simplicity","floor":19.0,"gold_loss":0.0,"damage_taken":0.0,"cards_upgraded":["Strike_B","Strike_B","Strike_B","Strike_B","Defend_B","Defend_B","Defend_B","Defend_B"]},{"damage_healed":0.0,"max_hp_gain":0.0,"max_hp_loss":0.0,"gold_gain":0.0,"event_name":"The Mausoleum","player_choice":"Ignored","floor":20.0,"gold_loss":0.0,"damage_taken":0.0},{"damage_healed":0.0,"max_hp_gain":0.0,"max_hp_loss":0.0,"gold_gain":0.0,"event_name":"Colosseum","player_choice":"Fight","floor":27.0,"gold_loss":0.0,"damage_taken":0.0},{"damage_healed":0.0,"max_hp_gain":0.0,"max_hp_loss":0.0,"gold_gain":0.0,"event_name":"Colosseum","player_choice":"Fled From Nobs","floor":27.0,"gold_loss":0.0,"damage_taken":0.0},{"damage_healed":0.0,"max_hp_gain":0.0,"max_hp_loss":0.0,"gold_gain":0.0,"event_name":"Ghosts","player_choice":"Ignored","floor":29.0,"gold_loss":0.0,"damage_taken":0.0},{"damage_healed":15.0,"max_hp_gain":0.0,"max_hp_loss":0.0,"gold_gain":0.0,"event_name":"Winding Halls","player_choice":"Writhe","floor":36.0,"gold_loss":0.0,"damage_taken":0.0,"cards_obtained":["Writhe"]},{"cards_removed":["Strike_B"],"damage_healed":0.0,"max_hp_gain":0.0,"max_hp_loss":0.0,"gold_gain":0.0,"event_name":"Falling","player_choice":"Removed Attack","floor":38.0,"gold_loss":0.0,"damage_taken":0.0},{"damage_healed":0.0,"max_hp_gain":0.0,"max_hp_loss":0.0,"gold_gain":0.0,"event_name":"Tomb of Lord Red Mask","player_choice":"Ignored","floor":39.0,"gold_loss":0.0,"damage_taken":0.0}],"is_beta":false,"boss_relics":[{"not_picked":["Cursed Key","Empty Cage"],"picked":"Lizard Tail"},{"not_picked":["Astrolabe","Velvet Choker"],"picked":"Fusion Hammer"}],"items_purged_floors":[7,41,46],"is_endless":false,"potions_floor_spawned":[4,14,16,24,27,33,45],"killed_by":"3 Darklings","ascension_level":15}