{"gold_per_floor":[116,126,141,141,188,188,221,221,244,304,304,316,98,116,116,217,217,228,240,140,164,164,164,196,216,269,284,87,102,102,32,32,133,133,143,143,143,153,153,182,202,250,250,250,270,270],"floor_reached":46,"playtime":2892,"items_purged":["Strike_B","Defend_B","Defend_B"],"score":686,"play_id":"c0d48195-6920-4014-8ccf-2865765f0a26","local_time":"20181017044916","is_ascension_mode":true,"campfire_choices":[{"data":"Doom and Gloom","floor":6,"key":"SMITH"},{"data":"Zap","floor":8,"key":"SMITH"},{"data":"Dualcast","floor":11,"key":"SMITH"},{"data":"Steam","floor":15,"key":"SMITH"},{"data":"Multi-Cast","floor":23,"key":"SMITH"},{"data":"Darkness","floor":30,"key":"SMITH"},{"data":"Reinforced Body","floor":32,"key":"SMITH"}],"neow_cost":"NONE","seed_source_timestamp":228236474452527,"circlet_count":0,"master_deck":["Zap+1","Dualcast+1","Auto Shields","Steam+1","Doom and Gloom+1","Hologram","Rainbow","Reinforced Body+1","Multi-Cast+1","Machine Learning+1","Core Surge+1","Double Energy+1","Darkness+1","Conserve Battery","Self Repair","Machine Learning","Sweeping Beam+1","Core Surge+1","Leap"],"relics":["Cracked Core","Ancient Tea Set","Boot","Mercury Hourglass","Oddly Smooth Stone","Tiny Chest","Happy Flower","Astrolabe","Potion Belt","Lantern","Strawberry","Black Star","Whetstone","Vajra","Ginger","Singing Bowl"],"potions_floor_usage":[29,33,33,33,40,40,40,45,46],"damage_taken":[{"damage":0,"enemies":"Small Slimes","floor":1,"turns":3},{"damage":1,"enemies":"Jaw Worm","floor":2,"turns":4},{"damage":0,"enemies":"2 Louse","floor":3,"turns":3},{"damage":5,"enemies":"3 Sentries","floor":7,"turns":4},{"damage":17,"enemies":"Gremlin Nob","floor":10,"turns":4},{"damage":0,"enemies":"Exordium Thugs","floor":12,"turns":3},{"damage":0,"enemies":"Large Slime","floor":14,"turns":2},{"damage":0,"enemies":"The Guardian","floor":16,"turns":11},{"damage":12,"enemies":"Shell Parasite","floor":18,"turns":4},{"damage":0,"enemies":"Chosen","floor":19,"turns":4},{"damage":13,"enemies":"Book of Stabbing","floor":24,"turns":6},{"damage":0,"enemies":"Centurion and Healer","floor":25,"turns":6},{"damage":3,"enemies":"Snecko","floor":27,"turns":4},{"damage":9,"enemies":"Snake Plant","floor":29,"turns":3},{"damage":22,"enemies":"Champ","floor":33,"turns":5},{"damage":6,"enemies":"Orb Walker","floor":35,"turns":4},{"damage":15,"enemies":"3 Shapes","floor":38,"turns":4},{"damage":18,"enemies":"2 Orb Walkers","floor":40,"turns":4},{"damage":7,"enemies":"Reptomancer","floor":41,"turns":3},{"damage":28,"enemies":"Mysterious Sphere","floor":42,"turns":5},{"damage":10,"enemies":"3 Darklings","floor":45,"turns":5},{"damage":31,"enemies":"4 Shapes","floor":46,"turns":1}],"seed_played":"-2301464457681667414","potions_obtained":[{"floor":1,"key":"Energy Potion"},{"floor":2,"key":"Explosive Potion"},{"floor":7,"key":"EssenceOfSteel"},{"floor":12,"key":"PowerPotion"},{"floor":24,"key":"LiquidBronze"},{"floor":27,"key":"EntropicBrew"},{"floor":29,"key":"AttackPotion"},{"floor":40,"key":"FearPotion"},{"floor":42,"key":"Energy Potion"}],"is_trial":false,"path_per_floor":["M","M","M","?","T","R","E","R","T","E","R","M","$","M","R","B",null,"M","M","$","T","?","R","E","M","T","M","$","M","R","$","R","B",null,"M","$","?","M","?","E","M","?","T","?","M"],"character_chosen":"DEFECT","items_purchased":["Happy Flower","Darkness","Self Repair"],"campfire_rested":0,"item_purchase_floors":[13,28,31],"current_hp_per_floor":[68,67,67,72,72,72,67,67,67,50,50,50,50,50,50,50,73,61,61,61,61,61,61,48,48,55,52,52,43,43,43,43,28,72,73,73,73,65,65,47,47,26,26,26,25,0],"gold":270,"neow_bonus":"RANDOM_COMMON_RELIC","is_prod":false,"is_daily":false,"chose_seed":false,"campfire_upgraded":7,"win_rate":0,"timestamp":1539773356,"path_taken":["M","M","M","?","?","R","E","R","T","E","R","M","$","?","R","BOSS","M","M","$","?","?","R","E","M","T","?","$","M","R","?","R","BOSS","M","?","?","?","?","E","M","?","T","?","M","M"],"build_version":"2018-10-15v2","purchased_purges":3,"victory":false,"max_hp_per_floor":[75,75,75,80,80,80,80,80,80,80,80,80,80,80,80,80,80,80,80,80,80,80,80,80,80,87,87,87,87,87,87,87,87,87,87,87,87,87,87,87,87,87,87,87,89,89],"card_choices":[{"not_picked":["Capacitor","Coolheaded"],"picked":"Auto Shields","floor":1},{"not_picked":["Barrage","Recycle"],"picked":"Steam","floor":2},{"not_picked":["Streamline","Conserve Battery"],"picked":"Doom and Gloom","floor":3},{"not_picked":["White Noise","Skim"],"picked":"Hologram","floor":7},{"not_picked":["Capacitor","Biased Cognition"],"picked":"Rainbow","floor":10},{"not_picked":["Skim","Sweeping Beam","Stack"],"picked":"SKIP","floor":12},{"not_picked":["Hologram","Melter"],"picked":"Reinforced Body","floor":14},{"not_picked":["Reboot","Amplify"],"picked":"Multi-Cast","floor":16},{"not_picked":["Rip and Tear","Hologram","Rebound"],"picked":"SKIP","floor":18},{"not_picked":["Aggregate+1","Scrape","Streamline"],"picked":"SKIP","floor":19},{"not_picked":["Sweeping Beam","Streamline","Gash"],"picked":"SKIP","floor":24},{"not_picked":["Leap","Melter"],"picked":"Double Energy+1","floor":25},{"not_picked":["Tempest","Ball Lightning+1","Rip and Tear"],"picked":"SKIP","floor":27},{"not_picked":["Meteor Strike","Barrage"],"picked":"Conserve Battery","floor":29},{"not_picked":["Fission","Reboot"],"picked":"Machine Learning","floor":33},{"not_picked":["Steam","Glacier+1"],"picked":"Sweeping Beam+1","floor":35},{"not_picked":["Redo","Coolheaded"],"picked":"Leap","floor":38},{"not_picked":["Steam Power+1","Cold Snap","Conserve Battery"],"picked":"SKIP","floor":40},{"not_picked":["Melter+1","Coolheaded+1","Steam Power+1"],"picked":"SKIP","floor":41},{"not_picked":["Electrodynamics","Cold Snap+1","Beam Cell+1"],"picked":"Singing Bowl","floor":45}],"player_experience":112314,"relics_obtained":[{"floor":5,"key":"Boot"},{"floor":7,"key":"Mercury Hourglass"},{"floor":9,"key":"Oddly Smooth Stone"},{"floor":10,"key":"Tiny Chest"},{"floor":21,"key":"Potion Belt"},{"floor":24,"key":"Lantern"},{"floor":26,"key":"Strawberry"},{"floor":40,"key":"Whetstone"},{"floor":40,"key":"Vajra"},{"floor":42,"key":"Ginger"},{"floor":43,"key":"Singing Bowl"}],"event_choices":[{"event_name":"Big Fish","player_choice":"Donut","floor":4,"damage_taken":0},{"event_name":"Transmorgrifier","player_choice":"Transform","floor":22,"damage_taken":0},{"event_name":"Transmorgrifier","player_choice":"Transform","floor":37,"damage_taken":0},{"event_name":"Wheel of Change","player_choice":"Card Removal","floor":39,"damage_taken":0},{"event_name":"Mysterious Sphere","player_choice":"Fight","floor":42,"damage_taken":0},{"event_name":"Purifier","player_choice":"One Purge","floor":44,"damage_taken":0}],"is_beta":true,"boss_relics":[{"not_picked":["Tiny House","Orrery"],"picked":"Astrolabe"},{"not_picked":["Runic Dome","Velvet Choker"],"picked":"Black Star"}],"items_purged_floors":[13,20,28],"is_endless":false,"potions_floor_spawned":[1,2,7,12,16,24,27,29,40,42],"killed_by":"4 Shapes","ascension_level":6}