{"gold_per_floor":[112,123,123,138,11,11,28,46,101,116,116,141,141,162,162,234,234,250,165,165,179,51,51,51],"floor_reached":24,"playtime":988,"items_purged":["Strike_R","Writhe"],"score":372,"play_id":"f8242676-aa27-4e75-8a9c-50dc5bc92ceb","local_time":"20190709211519","is_ascension_mode":true,"campfire_choices":[{"data":"Berserk","floor":6.0,"key":"SMITH"},{"floor":11.0,"key":"REST"},{"floor":13.0,"key":"REST"},{"floor":15.0,"key":"REST"},{"data":"Whirlwind","floor":23,"key":"SMITH"}],"neow_cost":"TEN_PERCENT_HP_LOSS","seed_source_timestamp":1755910273691,"circlet_count":0,"master_deck":["AscendersBane","Strike_R","Strike_R","Strike_R","Strike_R","Defend_R","Defend_R","Defend_R","Defend_R","Bash","Barricade","Rampage","Inflame","Berserk+1","Heavy Blade","Whirlwind+1","Dual Wield","Pummel+1","Clothesline+1","Feed+1","Power Through","Rampage+1","Headbutt+1"],"special_seed":0,"relics":["Burning Blood","GremlinMask","Happy Flower","Molten Egg 2","Odd Mushroom","Velvet Choker","Orichalcum","Boot"],"potions_floor_usage":[24,24],"damage_taken":[{"damage":18.0,"enemies":"Cultist","floor":1.0,"turns":5.0},{"damage":4.0,"enemies":"Small Slimes","floor":2.0,"turns":5.0},{"damage":19.0,"enemies":"Jaw Worm","floor":4.0,"turns":4.0},{"damage":18.0,"enemies":"Large Slime","floor":7.0,"turns":3.0},{"damage":14.0,"enemies":"3 Louse","floor":8.0,"turns":2.0},{"damage":18.0,"enemies":"2 Fungi Beasts","floor":10.0,"turns":4.0},{"damage":25.0,"enemies":"Lagavulin","floor":12.0,"turns":6.0},{"damage":9.0,"enemies":"The Mushroom Lair","floor":14.0,"turns":3.0},{"damage":26,"enemies":"The Guardian","floor":16,"turns":13},{"damage":28,"enemies":"2 Thieves","floor":18,"turns":4},{"damage":7,"enemies":"Chosen","floor":21,"turns":5},{"damage":42,"enemies":"Book of Stabbing","floor":24,"turns":4}],"seed_played":"7897253780719198071","potions_obtained":[{"floor":4.0,"key":"LiquidBronze"},{"floor":7.0,"key":"AttackPotion"},{"floor":10.0,"key":"Ancient Potion"},{"floor":12.0,"key":"SteroidPotion"},{"floor":21,"key":"PowerPotion"}],"is_trial":false,"path_per_floor":["M","M","?","M","$","R","M","M","T","M","R","E","R","?","R","B",null,"M","?","?","M","$","R","E"],"character_chosen":"IRONCLAD","items_purchased":["Heavy Blade","Headbutt+1"],"campfire_rested":3,"item_purchase_floors":[5,22],"current_hp_per_floor":[56,58,58,45,45,45,33,25,25,13,33,14,34,31,51,31,59,37,37,37,40,40,40,0],"gold":51,"neow_bonus":"THREE_RARE_CARDS","is_prod":false,"is_daily":false,"chose_seed":false,"campfire_upgraded":2,"win_rate":0,"timestamp":1562724919,"path_taken":["M","M","?","M","?","R","M","M","T","M","R","E","R","?","R","BOSS","M","?","?","M","$","R","E"],"build_version":"2019-07-05","purchased_purges":2,"victory":false,"max_hp_per_floor":[68,68,68,68,68,68,68,68,68,68,68,68,68,68,68,68,68,68,68,68,72,72,72,72],"card_choices":[{"not_picked":["Berserk","Exhume"],"picked":"Barricade","floor":0.0},{"not_picked":["Perfected Strike","Anger"],"picked":"Rampage","floor":1.0},{"not_picked":["Twin Strike","Cleave"],"picked":"Inflame","floor":2.0},{"not_picked":["Armaments","Wild Strike"],"picked":"Berserk","floor":4.0},{"not_picked":["Warcry","Rampage"],"picked":"Whirlwind","floor":7.0},{"not_picked":["Cleave","Armaments"],"picked":"Dual Wield","floor":8.0},{"not_picked":["Rage","Rupture","Clash"],"picked":"SKIP","floor":10.0},{"not_picked":["Berserk","Carnage"],"picked":"Pummel","floor":12.0},{"not_picked":["Warcry","Thunderclap+1"],"picked":"Clothesline+1","floor":14.0},{"not_picked":["Double Tap","Demon Form"],"picked":"Feed+1","floor":16},{"not_picked":["Perfected Strike+1","Uppercut+1"],"picked":"Power Through","floor":18},{"not_picked":["Infernal Blade","Warcry"],"picked":"Rampage+1","floor":21}],"player_experience":461293,"relics_obtained":[{"floor":9.0,"key":"Happy Flower"},{"floor":12.0,"key":"Molten Egg 2"},{"floor":14.0,"key":"Odd Mushroom"}],"event_choices":[{"damage_healed":0.0,"max_hp_gain":0.0,"max_hp_loss":0.0,"gold_gain":0.0,"event_name":"FaceTrader","player_choice":"Trade","floor":3.0,"gold_loss":0.0,"damage_taken":0.0,"relics_obtained":["GremlinMask"]},{"damage_healed":0.0,"max_hp_gain":0.0,"max_hp_loss":0.0,"gold_gain":0.0,"event_name":"Mushrooms","player_choice":"Fought Mushrooms","floor":14.0,"gold_loss":0.0,"damage_taken":0.0},{"damage_healed":0,"gold_gain":0,"player_choice":"Obtained Relic","damage_taken":0,"relics_obtained":["Orichalcum"],"max_hp_gain":0,"max_hp_loss":0,"event_name":"Addict","floor":19,"gold_loss":85},{"damage_healed":0,"gold_gain":0,"player_choice":"Opened","damage_taken":0,"relics_obtained":["Boot"],"max_hp_gain":0,"max_hp_loss":0,"event_name":"The Mausoleum","floor":20,"gold_loss":0,"cards_obtained":["Writhe"]}],"is_beta":false,"boss_relics":[{"not_picked":["Mark of Pain","Busted Crown"],"picked":"Velvet Choker"}],"items_purged_floors":[5,22],"is_endless":false,"potions_floor_spawned":[4,7,10,12,21],"killed_by":"Book of Stabbing","ascension_level":18}