{"gold_per_floor":[119,130,130,55,68,68,84,84,84,98,98,273,298,308,308,408,408,421,436,233,158,158,158,183,183],"floor_reached":25,"playtime":1328,"items_purged":["Defend_R","Doubt"],"score":211,"play_id":"15e07abd-8c54-4e5d-97d9-dcba75d53324","local_time":"20180828170557","is_ascension_mode":false,"campfire_choices":[{"data":"Metallicize","floor":6,"key":"SMITH"},{"data":"Flame Barrier","floor":8,"key":"SMITH"},{"data":"Perfected Strike","floor":11,"key":"SMITH"},{"data":"Twin Strike","floor":15,"key":"SMITH"},{"data":"Strike_R","floor":23,"key":"SMITH"}],"neow_cost":"NONE","seed_source_timestamp":1126941640793690,"circlet_count":0,"master_deck":["Strike_R+1","Strike_R","Strike_R","Strike_R","Strike_R","Defend_R","Defend_R","Bash+1","Metallicize+1","Perfected Strike+1","Metallicize+1","Flame Barrier+1","Twin Strike+1","Shrug It Off+1","Warcry+1","Deep Breath+1","Pommel Strike"],"relics":["Burning Blood","Toxic Egg 2","Odd Mushroom","White Beast Statue","Frozen Egg 2"],"potions_floor_usage":[13,16,16,24,24,25,25],"damage_taken":[{"damage":9,"enemies":"Small Slimes","floor":1,"turns":4},{"damage":1,"enemies":"2 Louse","floor":2,"turns":3},{"damage":1,"enemies":"Jaw Worm","floor":5,"turns":3},{"damage":12,"enemies":"Large Slime","floor":7,"turns":6},{"damage":3,"enemies":"3 Louse","floor":10,"turns":4},{"damage":3,"enemies":"The Mushroom Lair","floor":13,"turns":6},{"damage":1,"enemies":"Exordium Wildlife","floor":14,"turns":4},{"damage":36,"enemies":"Hexaghost","floor":16,"turns":7},{"damage":10,"enemies":"Spheric Guardian","floor":18,"turns":6},{"damage":7,"enemies":"Shell Parasite","floor":19,"turns":7},{"damage":60,"enemies":"Gremlin Leader","floor":24,"turns":10},{"damage":51,"enemies":"Masked Bandits","floor":25,"turns":5}],"seed_played":"-4826644397275588016","potions_obtained":[{"floor":1,"key":"GamblersBrew"},{"floor":7,"key":"PowerPotion"},{"floor":10,"key":"Energy Potion"},{"floor":13,"key":"BloodPotion"},{"floor":18,"key":"Regen Potion"},{"floor":19,"key":"Weak Potion"},{"floor":24,"key":"BloodPotion"}],"is_trial":false,"path_per_floor":["M","M","?","$","M","R","M","R","T","M","R","?","?","M","R","B",null,"M","M","$","?","?","R","E"],"character_chosen":"IRONCLAD","items_purchased":["Deep Breath+1"],"campfire_rested":0,"item_purchase_floors":[20],"current_hp_per_floor":[77,80,80,80,80,80,74,74,74,77,77,77,80,80,80,50,80,76,75,75,75,75,75,29,0],"gold":183,"neow_bonus":"UPGRADE_CARD","is_prod":false,"is_daily":false,"chose_seed":false,"campfire_upgraded":5,"win_rate":0.0,"timestamp":1535497557,"path_taken":["M","M","?","$","M","R","M","R","T","M","R","?","?","M","R","BOSS","M","M","$","?","?","R","E","?"],"build_version":"2018-08-27","purchased_purges":2,"victory":false,"max_hp_per_floor":[80,80,80,80,80,80,80,80,80,80,80,80,80,80,80,80,80,80,80,80,80,80,80,80,80],"card_choices":[{"not_picked":["Cleave","Thunderclap"],"picked":"Metallicize","floor":1},{"not_picked":["Entrench","Anger"],"picked":"Perfected Strike","floor":2},{"not_picked":["Sword Boomerang","Warcry"],"picked":"Metallicize","floor":5},{"not_picked":["Searing Blow","Carnage"],"picked":"Flame Barrier","floor":7},{"not_picked":["Sword Boomerang","Clash","Carnage"],"picked":"SKIP","floor":10},{"not_picked":["Thunderclap","Pommel Strike"],"picked":"Twin Strike","floor":13},{"not_picked":["Entrench+1","Armaments+1","Body Slam"],"picked":"SKIP","floor":14},{"not_picked":["Warcry+1","Clash"],"picked":"Shrug It Off+1","floor":18},{"not_picked":["Clothesline","Clash"],"picked":"Warcry+1","floor":19},{"not_picked":["Sword Boomerang+1","Flex+1"],"picked":"Pommel Strike","floor":24}],"player_experience":958,"relics_obtained":[{"floor":9,"key":"Toxic Egg 2"},{"floor":13,"key":"Odd Mushroom"},{"floor":24,"key":"Frozen Egg 2"}],"event_choices":[{"event_name":"Living Wall","player_choice":"Grow","floor":3,"damage_taken":0},{"event_name":"Liars Game","player_choice":"agreed","floor":12,"damage_taken":0},{"event_name":"Mushrooms","player_choice":"Fought Mushrooms","floor":13,"damage_taken":0},{"event_name":"Beggar","player_choice":"Gave Gold","floor":21,"damage_taken":0},{"event_name":"Ghosts","player_choice":"Ignored","floor":22,"damage_taken":0},{"event_name":"Masked Bandits","player_choice":"Fought Bandits","floor":25,"damage_taken":0}],"is_beta":true,"boss_relics":[{"not_picked":["Snecko Eye","Calling Bell"],"picked":"White Beast Statue"}],"items_purged_floors":[4,20],"is_endless":false,"potions_floor_spawned":[1,7,10,13,18,19,24],"killed_by":"Masked Bandits","ascension_level":0}