{"gold_per_floor":[111,111,76,76,96,96,124,124,124,179,179,207,221,236,236,236],"floor_reached":16,"playtime":586,"items_purged":[],"score":265,"play_id":"2fb3f009-cb97-4f37-88dd-6426c1450026","local_time":"20190801134050","is_ascension_mode":true,"campfire_choices":[{"data":"Zap","floor":6.0,"key":"SMITH"},{"data":"Stack","floor":8.0,"key":"SMITH"},{"floor":15.0,"key":"REST"}],"neow_cost":"NONE","seed_source_timestamp":0,"circlet_count":0,"master_deck":["AscendersBane","Strike_B","Strike_B","Strike_B","Defend_B","Defend_B","Defend_B","Defend_B","Zap+1","Dualcast","Stack+1","Glacier","Biased Cognition","Leap+1","Double Energy+1"],"special_seed":0,"relics":["Cracked Core","NeowsBlessing","Orichalcum","Dead Branch","Tiny Chest","Mummified Hand","Toxic Egg 2"],"potions_floor_usage":[16,16],"damage_taken":[{"damage":0.0,"enemies":"2 Louse","floor":1.0,"turns":1.0},{"damage":0.0,"enemies":"Jaw Worm","floor":5.0,"turns":1.0},{"damage":0.0,"enemies":"Lagavulin","floor":7.0,"turns":2.0},{"damage":12.0,"enemies":"3 Sentries","floor":10.0,"turns":10.0},{"damage":36.0,"enemies":"Lagavulin","floor":12.0,"turns":14.0},{"damage":0.0,"enemies":"Cultist","floor":13.0,"turns":4.0},{"damage":0.0,"enemies":"3 Louse","floor":14.0,"turns":3.0},{"damage":40,"enemies":"Hexaghost","floor":16,"turns":16}],"seed_played":"8231131375039404986","potions_obtained":[{"floor":1.0,"key":"FearPotion"},{"floor":7.0,"key":"Strength Potion"},{"floor":12.0,"key":"GamblersBrew"},{"floor":13.0,"key":"Swift Potion"}],"is_trial":false,"path_per_floor":["M","$","?","?","M","R","E","R","T","E","T","E","M","M","R","B"],"character_chosen":"DEFECT","items_purchased":[],"campfire_rested":1,"item_purchase_floors":[],"current_hp_per_floor":[64,64,71,64,64,64,64,64,64,52,52,16,16,16,37,0],"gold":236,"neow_bonus":"THREE_ENEMY_KILL","is_prod":false,"is_daily":false,"chose_seed":false,"campfire_upgraded":2,"win_rate":0,"timestamp":1564659650,"path_taken":["M","$","?","?","M","R","E","R","T","E","?","E","M","M","R","BOSS"],"build_version":"2019-07-17","purchased_purges":0,"victory":false,"max_hp_per_floor":[71,71,71,71,71,71,71,71,71,71,71,71,71,71,71,71],"card_choices":[{"not_picked":["Darkness","Barrage"],"picked":"Stack","floor":1.0},{"not_picked":["Redo","Rebound","Capacitor"],"picked":"SKIP","floor":5.0},{"not_picked":["Rebound","Capacitor","Chaos"],"picked":"SKIP","floor":7.0},{"not_picked":["Static Discharge","Undo"],"picked":"Glacier","floor":10.0},{"not_picked":["Electrodynamics","Darkness"],"picked":"Biased Cognition","floor":12.0},{"not_picked":["Coolheaded+1","Sweeping Beam"],"picked":"Leap+1","floor":13.0},{"not_picked":["Streamline","Reprogram+1"],"picked":"Double Energy+1","floor":14.0}],"player_experience":385555,"relics_obtained":[{"floor":7.0,"key":"Orichalcum"},{"floor":9.0,"key":"Dead Branch"},{"floor":10.0,"key":"Tiny Chest"},{"floor":11.0,"key":"Mummified Hand"},{"floor":12.0,"key":"Toxic Egg 2"}],"event_choices":[{"damage_healed":17.0,"max_hp_gain":0.0,"max_hp_loss":0.0,"gold_gain":0.0,"event_name":"The Cleric","player_choice":"Healed","floor":3.0,"gold_loss":35.0,"damage_taken":0.0},{"cards_removed":["Strike_B"],"damage_healed":0.0,"max_hp_gain":0.0,"max_hp_loss":0.0,"gold_gain":0.0,"event_name":"Golden Wing","player_choice":"Card Removal","floor":4.0,"gold_loss":0.0,"damage_taken":7.0}],"is_beta":false,"boss_relics":[],"items_purged_floors":[],"is_endless":false,"potions_floor_spawned":[1,7,12,13],"killed_by":"Hexaghost","ascension_level":17}