{"gold_per_floor":[113,129,129,54,66,66,17,17,17,45,45,45,56,56,56,159,159,176,187,187,187,112,112],"floor_reached":23,"playtime":937,"items_purged":["Strike_R"],"score":224,"play_id":"bbe2bdba-9f6a-42ec-bd35-a0d40b346078","local_time":"20190524220528","is_ascension_mode":true,"campfire_choices":[{"data":"Pommel Strike","floor":6,"key":"SMITH"},{"data":"True Grit","floor":8,"key":"SMITH"},{"data":"Immolate","floor":11,"key":"SMITH"},{"floor":15,"key":"REST"}],"neow_cost":"NONE","seed_source_timestamp":17106937644121,"circlet_count":0,"master_deck":["Strike_R+1","Strike_R+1","Strike_R+1","Defend_R+1","Defend_R+1","Defend_R+1","Defend_R+1","Bash","Rage","Armaments+1","Cleave","Pommel Strike+1","True Grit+1","Immolate+1","Pain","Clash","Body Slam","Double Tap","Disarm","Flex","Shrug It Off"],"relics":["Burning Blood","Frozen Egg 2","Dream Catcher","WarpedTongs","Black Star"],"potions_floor_usage":[10,16,23],"damage_taken":[{"damage":4,"enemies":"Small Slimes","floor":1,"turns":3},{"damage":1,"enemies":"Cultist","floor":2,"turns":3},{"damage":6,"enemies":"2 Louse","floor":5,"turns":2},{"damage":47,"enemies":"Lagavulin","floor":10,"turns":6},{"damage":2,"enemies":"Gremlin Gang","floor":13,"turns":2},{"damage":50,"enemies":"Slime Boss","floor":16,"turns":10},{"damage":31,"enemies":"Shell Parasite","floor":18,"turns":6},{"damage":45,"enemies":"Spheric Guardian","floor":19,"turns":6},{"damage":17,"enemies":"Book of Stabbing","floor":23,"turns":3}],"seed_played":"-6533403180487728839","potions_obtained":[{"floor":1,"key":"GamblersBrew"},{"floor":10,"key":"Dexterity Potion"},{"floor":13,"key":"GamblersBrew"},{"floor":19,"key":"Ancient Potion"}],"is_trial":false,"path_per_floor":["M","M","?","$","M","R","$","R","T","E","R","?","M","$","R","B",null,"M","M","?","?","$","E"],"character_chosen":"IRONCLAD","items_purchased":["True Grit","Shrug It Off","PowerPotion"],"campfire_rested":1,"item_purchase_floors":[7,22,22],"current_hp_per_floor":[80,80,80,80,80,80,80,80,80,39,39,39,43,43,67,23,80,55,16,16,16,16,0],"gold":112,"neow_bonus":"TRANSFORM_CARD","is_prod":false,"is_daily":false,"chose_seed":false,"campfire_upgraded":3,"win_rate":0,"timestamp":1558753528,"path_taken":["M","M","?","$","M","R","?","R","T","E","R","?","M","$","R","BOSS","M","?","?","?","$","E"],"build_version":"2019-01-23","purchased_purges":1,"victory":false,"max_hp_per_floor":[80,80,80,80,80,80,80,80,80,80,80,80,80,80,80,80,80,80,80,80,80,80,80],"card_choices":[{"not_picked":["Ghostly Armor","Uppercut"],"picked":"Armaments","floor":1},{"not_picked":["Rampage","Sword Boomerang"],"picked":"Cleave","floor":2},{"not_picked":["Power Through","Armaments"],"picked":"Pommel Strike","floor":5},{"not_picked":["Sword Boomerang","Twin Strike"],"picked":"Immolate","floor":10},{"not_picked":["Warcry","Heavy Blade"],"picked":"Clash","floor":13},{"not_picked":["Power Through","Heavy Blade"],"picked":"Body Slam","floor":15},{"not_picked":["Fiend Fire","Exhume"],"picked":"Double Tap","floor":16},{"not_picked":["Hemokinesis","Armaments"],"picked":"Disarm","floor":18},{"not_picked":["Combust+1","Twin Strike+1"],"picked":"Flex","floor":19}],"player_experience":190347,"relics_obtained":[{"floor":9,"key":"Frozen Egg 2"},{"floor":10,"key":"Dream Catcher"}],"event_choices":[{"damage_healed":0,"gold_gain":0,"player_choice":"Upgraded","damage_taken":0,"max_hp_gain":0,"max_hp_loss":0,"event_name":"Upgrade Shrine","floor":3,"gold_loss":0,"cards_upgraded":["Armaments"]},{"damage_healed":0,"gold_gain":0,"player_choice":"Rummage","damage_taken":0,"relics_obtained":["WarpedTongs"],"max_hp_gain":0,"max_hp_loss":0,"event_name":"Accursed Blacksmith","floor":12,"gold_loss":0,"cards_obtained":["Pain"]},{"damage_healed":0,"gold_gain":0,"player_choice":"Ignored","damage_taken":0,"max_hp_gain":0,"max_hp_loss":0,"event_name":"Ghosts","floor":20,"gold_loss":0},{"damage_healed":0,"gold_gain":0,"player_choice":"Simplicity","damage_taken":0,"max_hp_gain":0,"max_hp_loss":0,"event_name":"Back to Basics","floor":21,"gold_loss":0,"cards_upgraded":["Strike_R","Strike_R","Strike_R","Defend_R","Defend_R","Defend_R","Defend_R"]}],"is_beta":false,"boss_relics":[{"not_picked":["Eternal Feather","Fusion Hammer"],"picked":"Black Star"}],"items_purged_floors":[4],"is_endless":false,"potions_floor_spawned":[1,10,13,19],"killed_by":"Book of Stabbing","ascension_level":4}