{"gold_per_floor":[117,167,17,34,34,59,59,59,59,84,95,95,112,127,127,127],"floor_reached":16,"playtime":353,"items_purged":[],"score":261,"play_id":"27d7c363-da26-48bb-80dc-a732ca7d2274","local_time":"20190721203005","is_ascension_mode":true,"campfire_choices":[{"data":"Zap","floor":8,"key":"SMITH"},{"floor":15,"key":"REST"}],"neow_cost":"NONE","seed_source_timestamp":663028982367600,"circlet_count":0,"master_deck":["AscendersBane","Strike_B","Strike_B","Strike_B","Strike_B","Defend_B","Defend_B","Defend_B","Defend_B","Zap+1","Dualcast","Cold Snap","Capacitor","Seek"],"relics":["Cracked Core","NeowsBlessing","Strawberry","Bag of Preparation","Pear","Letter Opener"],"potions_floor_usage":[10,10,10,16],"damage_taken":[{"damage":0,"enemies":"Jaw Worm","floor":1,"turns":1},{"damage":0,"enemies":"Cultist","floor":4,"turns":1},{"damage":0,"enemies":"3 Sentries","floor":6,"turns":1},{"damage":34,"enemies":"Gremlin Nob","floor":10,"turns":5},{"damage":10,"enemies":"Small Slimes","floor":11,"turns":3},{"damage":4,"enemies":"Looter","floor":13,"turns":3},{"damage":7,"enemies":"Exordium Thugs","floor":14,"turns":3},{"damage":60,"enemies":"Hexaghost","floor":16,"turns":14}],"seed_played":"-7815611753764464106","potions_obtained":[{"floor":4,"key":"EntropicBrew"},{"floor":13,"key":"Weak Potion"}],"is_trial":false,"path_per_floor":["M","?","$","M","?","E","?","R","T","E","M","$","M","M","R","B"],"character_chosen":"DEFECT","items_purchased":["Strawberry"],"campfire_rested":1,"item_purchase_floors":[3],"current_hp_per_floor":[64,64,71,71,76,76,76,76,86,52,42,42,38,31,58,0],"gold":127,"neow_bonus":"THREE_ENEMY_KILL","is_prod":false,"is_daily":false,"chose_seed":false,"campfire_upgraded":1,"win_rate":0,"timestamp":1563733805,"path_taken":["M","?","?","?","?","E","?","R","T","E","M","$","?","M","R","BOSS"],"build_version":"2019-07-17","purchased_purges":0,"victory":false,"max_hp_per_floor":[71,71,78,78,83,83,83,83,93,93,93,93,93,93,93,93],"card_choices":[{"not_picked":["Rebound","Hologram","Beam Cell"],"picked":"SKIP","floor":1},{"not_picked":["Gash","Leap"],"picked":"Cold Snap","floor":4},{"not_picked":["Redo","Capacitor","Beam Cell"],"picked":"SKIP","floor":6},{"not_picked":["Redo","Beam Cell"],"picked":"Capacitor","floor":6},{"not_picked":["Stack","Leap"],"picked":"Seek","floor":10},{"not_picked":["Turbo","Barrage","Coolheaded"],"picked":"SKIP","floor":11},{"not_picked":["Coolheaded","Beam Cell","Capacitor"],"picked":"SKIP","floor":13},{"not_picked":["Blizzard","Force Field","Recycle"],"picked":"SKIP","floor":14}],"player_experience":365120,"relics_obtained":[{"floor":6,"key":"Bag of Preparation"},{"floor":9,"key":"Pear"},{"floor":10,"key":"Letter Opener"}],"event_choices":[{"damage_healed":0,"gold_gain":50,"player_choice":"Pray","damage_taken":0,"max_hp_gain":0,"max_hp_loss":0,"event_name":"Golden Shrine","floor":2,"gold_loss":0},{"damage_healed":0,"gold_gain":0,"player_choice":"Donut","damage_taken":0,"max_hp_gain":5,"max_hp_loss":0,"event_name":"Big Fish","floor":5,"gold_loss":0},{"damage_healed":0,"gold_gain":0,"player_choice":"Searched \u00270\u0027 times","damage_taken":0,"max_hp_gain":0,"max_hp_loss":0,"event_name":"Dead Adventurer","floor":7,"gold_loss":0}],"is_beta":false,"boss_relics":[],"items_purged_floors":[],"is_endless":false,"potions_floor_spawned":[4,13],"killed_by":"Hexaghost","ascension_level":15}