{"gold_per_floor":[16,35,46,20,38,38,56,89,89,89,117,117,117],"floor_reached":13,"playtime":581,"items_purged":[],"score":176,"play_id":"ea685c85-1727-414b-b4eb-504fe0c94d1e","local_time":"20190702182803","is_ascension_mode":true,"campfire_choices":[{"floor":6.0,"key":"REST"},{"floor":10.0,"key":"REST"},{"floor":12,"key":"REST"}],"neow_cost":"NO_GOLD","seed_source_timestamp":362352747936299,"circlet_count":0,"master_deck":["AscendersBane","Strike_R","Strike_R","Strike_R","Strike_R","Strike_R","Defend_R","Defend_R","Defend_R","Defend_R","Bash","Demon Form","Whirlwind","Heavy Blade","Heavy Blade","Twin Strike","Headbutt","Sword Boomerang","Rupture"],"special_seed":0,"relics":["Burning Blood","Charon\u0027s Ashes","Lantern","Vajra"],"potions_floor_usage":[],"damage_taken":[{"damage":16.0,"enemies":"Jaw Worm","floor":1.0,"turns":4.0},{"damage":17.0,"enemies":"2 Louse","floor":2.0,"turns":3.0},{"damage":7.0,"enemies":"Cultist","floor":3.0,"turns":4.0},{"damage":28.0,"enemies":"Large Slime","floor":5.0,"turns":7.0},{"damage":9.0,"enemies":"Exordium Wildlife","floor":7.0,"turns":3.0},{"damage":30.0,"enemies":"Gremlin Nob","floor":8.0,"turns":5.0},{"damage":35,"enemies":"3 Sentries","floor":11,"turns":6},{"damage":44,"enemies":"Exordium Thugs","floor":13,"turns":3}],"seed_played":"8063145786594942407","potions_obtained":[{"floor":1.0,"key":"Weak Potion"},{"floor":2.0,"key":"PowerPotion"},{"floor":3.0,"key":"SteroidPotion"}],"is_trial":false,"path_per_floor":["M","M","M","$","M","R","M","E","T","R","E","R","M"],"character_chosen":"IRONCLAD","items_purchased":["Heavy Blade"],"campfire_rested":3,"item_purchase_floors":[4],"current_hp_per_floor":[58,47,46,46,24,46,43,19,19,41,12,34,0],"gold":117,"neow_bonus":"THREE_RARE_CARDS","is_prod":false,"is_daily":false,"chose_seed":false,"campfire_upgraded":0,"win_rate":0,"timestamp":1562110083,"path_taken":["M","M","M","$","M","R","M","E","T","R","E","R","M"],"build_version":"2019-07-01","purchased_purges":0,"victory":false,"max_hp_per_floor":[75,75,75,75,75,75,75,75,75,75,75,75,75],"card_choices":[{"not_picked":["Barricade","Double Tap"],"picked":"Demon Form","floor":0.0},{"not_picked":["Anger","Intimidate"],"picked":"Whirlwind","floor":1.0},{"not_picked":["Sever Soul","Body Slam","Havoc"],"picked":"SKIP","floor":2.0},{"not_picked":["Power Through","Sword Boomerang"],"picked":"Heavy Blade","floor":3.0},{"not_picked":["Clothesline","Body Slam"],"picked":"Twin Strike","floor":5.0},{"not_picked":["Whirlwind","Rampage"],"picked":"Headbutt","floor":7.0},{"not_picked":["Iron Wave","Heavy Blade"],"picked":"Sword Boomerang","floor":8.0},{"not_picked":["Clothesline","Thunderclap"],"picked":"Rupture","floor":11}],"player_experience":443422,"relics_obtained":[{"floor":8.0,"key":"Charon\u0027s Ashes"},{"floor":9.0,"key":"Lantern"},{"floor":11,"key":"Vajra"}],"event_choices":[],"is_beta":false,"boss_relics":[],"items_purged_floors":[],"is_endless":false,"potions_floor_spawned":[1,2,3],"killed_by":"Exordium Thugs","ascension_level":17}