{"gold_per_floor":[210,14,164,164,11,45,45,56,103,103,130,130,144,159,159,238,238,256,96,114,114,133,133,133],"floor_reached":24,"playtime":787,"items_purged":["Doubt"],"score":408,"play_id":"5073cfe8-0c83-44a5-bdae-1377499b5bd1","local_time":"20190803174048","is_ascension_mode":true,"campfire_choices":[{"floor":7.0,"key":"REST"},{"floor":10.0,"key":"REST"},{"data":"Defragment","floor":12.0,"key":"SMITH"},{"floor":15,"key":"REST"},{"floor":23,"key":"REST"}],"neow_cost":"NONE","seed_source_timestamp":1026436727958600,"circlet_count":0,"master_deck":["AscendersBane","Strike_B","Strike_B","Strike_B","Strike_B","Defend_B","Defend_B","Defend_B","Defend_B","Zap","Dualcast","FTL","Defragment+1","Defragment+1","Conserve Battery","Scrape","Rebound","Cold Snap","Beam Cell","Buffer","Seek","Barrage","FTL"],"special_seed":0,"relics":["Cracked Core","Anchor","Lantern","Omamori","Blood Vial","Busted Crown","Oddly Smooth Stone"],"potions_floor_usage":[],"damage_taken":[{"damage":9.0,"enemies":"Jaw Worm","floor":1.0,"turns":4.0},{"damage":31.0,"enemies":"Gremlin Nob","floor":6.0,"turns":4.0},{"damage":0.0,"enemies":"Cultist","floor":8.0,"turns":3.0},{"damage":23.0,"enemies":"3 Sentries","floor":11.0,"turns":7.0},{"damage":0.0,"enemies":"2 Louse","floor":13.0,"turns":2.0},{"damage":26,"enemies":"Gremlin Gang","floor":14,"turns":5},{"damage":26,"enemies":"The Guardian","floor":16,"turns":12},{"damage":20,"enemies":"Shell Parasite","floor":18,"turns":7},{"damage":14,"enemies":"Spheric Guardian","floor":20,"turns":5},{"damage":29,"enemies":"Cultist and Chosen","floor":22,"turns":7},{"damage":25,"enemies":"Book of Stabbing","floor":24,"turns":4}],"seed_played":"6169640070065147750","potions_obtained":[{"floor":1.0,"key":"Dexterity Potion"},{"floor":6.0,"key":"GamblersBrew"}],"is_trial":false,"path_per_floor":["M","$","?","?","$","E","R","M","T","R","E","R","M","M","R","B",null,"M","$","M","?","M","R","E"],"character_chosen":"DEFECT","items_purchased":["Defragment","Anchor","Defragment","Oddly Smooth Stone"],"campfire_rested":4,"item_purchase_floors":[2,2,5,19],"current_hp_per_floor":[55,55,55,55,55,24,45,45,45,66,43,43,45,21,42,18,58,40,40,28,28,1,22,0],"gold":133,"neow_bonus":"HUNDRED_GOLD","is_prod":false,"is_daily":false,"chose_seed":false,"campfire_upgraded":1,"win_rate":0,"timestamp":1564846848,"path_taken":["M","$","?","?","$","E","R","M","T","R","E","R","?","M","R","BOSS","M","$","M","?","?","R","E"],"build_version":"2019-07-17","purchased_purges":1,"victory":false,"max_hp_per_floor":[71,71,71,71,71,71,71,71,71,71,71,71,71,71,71,71,71,71,71,71,71,71,71,71],"card_choices":[{"not_picked":["Blizzard","Storm"],"picked":"FTL","floor":1.0},{"not_picked":["Sweeping Beam","Steam Power"],"picked":"Conserve Battery","floor":6.0},{"not_picked":["Conserve Battery","Capacitor"],"picked":"Scrape","floor":8.0},{"not_picked":["Stack","Hologram"],"picked":"Rebound","floor":11.0},{"not_picked":["Self Repair","Redo"],"picked":"Cold Snap","floor":13.0},{"not_picked":["Static Discharge","Skim"],"picked":"Beam Cell","floor":14},{"not_picked":["Hyperbeam","Thunder Strike"],"picked":"Buffer","floor":16},{"not_picked":["Lockon"],"picked":"SKIP","floor":18},{"not_picked":["Compile Driver"],"picked":"SKIP","floor":20},{"not_picked":["Tempest"],"picked":"SKIP","floor":22}],"player_experience":400054,"relics_obtained":[{"floor":6.0,"key":"Lantern"},{"floor":9.0,"key":"Omamori"},{"floor":11.0,"key":"Blood Vial"}],"event_choices":[{"damage_healed":0.0,"max_hp_gain":0.0,"max_hp_loss":0.0,"gold_gain":150.0,"event_name":"Liars Game","player_choice":"AGREE","floor":3.0,"gold_loss":0.0,"damage_taken":0.0,"cards_obtained":["Doubt"]},{"damage_healed":0.0,"max_hp_gain":0.0,"max_hp_loss":0.0,"gold_gain":0.0,"event_name":"Upgrade Shrine","player_choice":"Upgraded","floor":4.0,"gold_loss":0.0,"damage_taken":0.0,"cards_upgraded":["Defragment"]},{"damage_healed":0,"gold_gain":0,"player_choice":"3 cards matched","damage_taken":0,"max_hp_gain":0,"max_hp_loss":0,"event_name":"Match and Keep!","floor":21,"gold_loss":0,"cards_obtained":["Seek","Barrage","FTL"]}],"is_beta":false,"boss_relics":[{"not_picked":["Nuclear Battery","Runic Dome"],"picked":"Busted Crown"}],"items_purged_floors":[5],"is_endless":false,"potions_floor_spawned":[1,6],"killed_by":"Book of Stabbing","ascension_level":20}