{"gold_per_floor":[212,362,382,41,41,41,53,53,76,76,76,96,123,137,137,137],"floor_reached":16,"playtime":324,"items_purged":["Doubt"],"score":167,"play_id":"491975e5-555f-44b2-9265-4ed037543774","local_time":"20190729190700","is_ascension_mode":true,"campfire_choices":[{"data":"Dualcast","floor":6,"key":"SMITH"},{"data":"Leap","floor":8,"key":"SMITH"},{"data":"Cold Snap","floor":11,"key":"SMITH"},{"floor":15,"key":"REST"}],"neow_cost":"NONE","seed_source_timestamp":600189971911600,"circlet_count":0,"master_deck":["AscendersBane","Strike_B","Strike_B","Strike_B","Strike_B","Defend_B","Defend_B","Defend_B","Defend_B","Zap+1","Dualcast+1","Leap+1","Cold Snap+1","Cold Snap","Static Discharge"],"relics":["Cracked Core","Mummified Hand","Bag of Marbles","Odd Mushroom"],"potions_floor_usage":[13],"damage_taken":[{"damage":7,"enemies":"Jaw Worm","floor":1,"turns":3},{"damage":0,"enemies":"2 Louse","floor":3,"turns":1},{"damage":0,"enemies":"Cultist","floor":7,"turns":3},{"damage":9,"enemies":"Red Slaver","floor":12,"turns":2},{"damage":0,"enemies":"The Mushroom Lair","floor":13,"turns":5},{"damage":12,"enemies":"Exordium Wildlife","floor":14,"turns":5},{"damage":68,"enemies":"Slime Boss","floor":16,"turns":8}],"seed_played":"2184982206827759792","potions_obtained":[{"floor":12,"key":"Poison Potion"},{"floor":13,"key":"SteroidPotion"}],"is_trial":false,"path_per_floor":["M","?","M","$","?","R","M","R","T","$","R","M","?","M","R","B"],"character_chosen":"DEFECT","items_purchased":["Mummified Hand"],"campfire_rested":1,"item_purchase_floors":[4],"current_hp_per_floor":[57,57,57,57,57,57,57,57,57,57,57,48,48,36,57,0],"gold":137,"neow_bonus":"HUNDRED_GOLD","is_prod":false,"is_daily":false,"chose_seed":false,"campfire_upgraded":3,"win_rate":0,"timestamp":1564420020,"path_taken":["M","?","M","$","?","R","M","R","T","?","R","M","?","M","R","BOSS"],"build_version":"2019-07-17","purchased_purges":1,"victory":false,"max_hp_per_floor":[71,71,71,71,71,71,71,71,71,71,71,71,71,71,71,71],"card_choices":[{"not_picked":["Conserve Battery","Steam"],"picked":"Leap","floor":1},{"not_picked":["Steam Power","Coolheaded","Beam Cell"],"picked":"SKIP","floor":3},{"not_picked":["Gash","Undo"],"picked":"Cold Snap","floor":7},{"not_picked":["Skim","Rebound"],"picked":"Cold Snap","floor":12},{"not_picked":["Ball Lightning","Streamline"],"picked":"Static Discharge","floor":13},{"not_picked":["Hello World","Consume","Rebound"],"picked":"SKIP","floor":14}],"player_experience":381267,"relics_obtained":[{"floor":9,"key":"Bag of Marbles"},{"floor":13,"key":"Odd Mushroom"}],"event_choices":[{"damage_healed":0,"gold_gain":150,"player_choice":"AGREE","damage_taken":0,"max_hp_gain":0,"max_hp_loss":0,"event_name":"Liars Game","floor":2,"gold_loss":0,"cards_obtained":["Doubt"]},{"damage_healed":0,"gold_gain":0,"player_choice":"Grow","damage_taken":0,"max_hp_gain":0,"max_hp_loss":0,"event_name":"Living Wall","floor":5,"gold_loss":0,"cards_upgraded":["Zap"]},{"damage_healed":0,"gold_gain":0,"player_choice":"Fought Mushrooms","damage_taken":0,"max_hp_gain":0,"max_hp_loss":0,"event_name":"Mushrooms","floor":13,"gold_loss":0}],"is_beta":false,"boss_relics":[],"items_purged_floors":[4],"is_endless":false,"potions_floor_spawned":[12,13],"killed_by":"Slime Boss","ascension_level":17}