{"gold_per_floor":[114,127,24,38,38,38,57,57,106,106,119,138,138,213,213,307,307,325,325,131,131,131,162,44,44,124,124,160,160,194,210,210,304,304,327,327,127,460,471,504,504,515,515,515,515,532,542,0,0,0],"floor_reached":51,"playtime":1474,"items_purged":[],"score":1223,"play_id":"c60f84d6-3da7-43b7-9a98-c3f69562554c","local_time":"20190719220634","is_ascension_mode":true,"campfire_choices":[{"data":"Zap","floor":6.0,"key":"SMITH"},{"data":"Gash","floor":8.0,"key":"SMITH"},{"data":"Dualcast","floor":10.0,"key":"SMITH"},{"floor":15.0,"key":"REST"},{"floor":27.0,"key":"REST"},{"floor":29.0,"key":"REST"},{"floor":32.0,"key":"REST"},{"floor":41.0,"key":"DIG"},{"data":"Buffer","floor":49,"key":"SMITH"}],"neow_cost":"NONE","seed_source_timestamp":494851365162700,"circlet_count":0,"master_deck":["AscendersBane","Zap+1","Dualcast+1","Gash+1","Cold Snap","Go for the Eyes","Cold Snap","Static Discharge","Biased Cognition","Heatsinks","Go for the Eyes","Undo","Beam Cell","Beam Cell","Gash","Buffer+1","Static Discharge","Buffer+1","Defragment+1","Chill","Storm+1","All For One","Cold Snap+1","Biased Cognition+1","Gash","Hologram+1","Reboot"],"special_seed":0,"relics":["Cracked Core","NeowsBlessing","Juzu Bracelet","Pandora\u0027s Box","Nloth\u0027s Gift","Runic Capacitor","Frozen Egg 2","Meat on the Bone","Pen Nib","Shovel","Busted Crown","Blood Vial","Omamori","Lantern","Shuriken","Red Mask"],"potions_floor_usage":[44,50,50],"damage_taken":[{"damage":0.0,"enemies":"Jaw Worm","floor":1.0,"turns":1.0},{"damage":0.0,"enemies":"Cultist","floor":2.0,"turns":1.0},{"damage":0.0,"enemies":"2 Louse","floor":4.0,"turns":1.0},{"damage":4.0,"enemies":"Looter","floor":7.0,"turns":3.0},{"damage":3.0,"enemies":"Exordium Thugs","floor":11.0,"turns":4.0},{"damage":6.0,"enemies":"Blue Slaver","floor":12.0,"turns":3.0},{"damage":30.0,"enemies":"Hexaghost","floor":16.0,"turns":9.0},{"damage":15.0,"enemies":"Spheric Guardian","floor":18.0,"turns":4.0},{"damage":30.0,"enemies":"Book of Stabbing","floor":23.0,"turns":5.0},{"damage":43.0,"enemies":"Slavers","floor":28.0,"turns":6.0},{"damage":13.0,"enemies":"Book of Stabbing","floor":30.0,"turns":5.0},{"damage":4.0,"enemies":"2 Thieves","floor":31.0,"turns":3.0},{"damage":6.0,"enemies":"Champ","floor":33.0,"turns":7.0},{"damage":0.0,"enemies":"3 Shapes","floor":35.0,"turns":1.0},{"damage":1.0,"enemies":"3 Darklings","floor":39.0,"turns":4.0},{"damage":0.0,"enemies":"Giant Head","floor":40.0,"turns":7.0},{"damage":0,"enemies":"Maw","floor":42,"turns":5},{"damage":0,"enemies":"Spire Growth","floor":46,"turns":4},{"damage":1,"enemies":"Jaw Worm Horde","floor":47,"turns":3},{"damage":10,"enemies":"Time Eater","floor":50,"turns":10}],"seed_played":"-7630742975236113422","potions_obtained":[{"floor":2.0,"key":"Regen Potion"},{"floor":7.0,"key":"EssenceOfSteel"},{"floor":23.0,"key":"FearPotion"},{"floor":30.0,"key":"Block Potion"},{"floor":31.0,"key":"FocusPotion"},{"floor":33.0,"key":"PowerPotion"},{"floor":35.0,"key":"AttackPotion"},{"floor":42,"key":"Fire Potion"},{"floor":44,"key":"Fruit Juice"},{"floor":44,"key":"LiquidBronze"}],"is_trial":false,"path_per_floor":["M","M","?","M","?","R","M","R","T","R","M","M","?","?","R","B",null,"M","?","$","?","?","E","$","?","T","R","E","R","E","M","R","B",null,"M","?","$","?","M","E","R","M","T","?","?","M","M","?","R","B",null],"character_chosen":"DEFECT","items_purchased":["Runic Capacitor","Defragment+1","Chill","Blood Vial","Gash"],"campfire_rested":4,"item_purchase_floors":[20,24,24,37,37],"current_hp_per_floor":[68,68,68,68,68,68,64,64,64,64,61,55,48,37,57,27,59,44,44,44,44,44,28,28,51,51,69,38,58,45,41,61,55,66,66,66,66,66,65,66,66,66,66,71,71,71,70,70,70,61],"gold":0,"neow_bonus":"THREE_ENEMY_KILL","is_prod":false,"is_daily":false,"chose_seed":false,"campfire_upgraded":4,"win_rate":0,"timestamp":1563566794,"path_taken":["M","M","?","M","?","R","M","R","T","R","M","M","?","?","R","BOSS","M","?","?","?","?","E","$","?","T","R","E","R","E","M","R","BOSS","M","?","$","?","M","E","R","M","T","?","?","M","M","?","R","BOSS"],"build_version":"2019-07-17","purchased_purges":0,"victory":true,"max_hp_per_floor":[75,75,75,75,69,69,69,69,69,69,69,69,69,69,69,69,69,69,69,69,69,69,69,69,69,69,69,69,69,69,69,69,69,69,69,66,66,66,66,66,66,66,66,71,71,71,71,71,71,71],"card_choices":[{"not_picked":["Streamline","Conserve Battery"],"picked":"Gash","floor":1.0},{"not_picked":["Beam Cell","Sweeping Beam"],"picked":"Cold Snap","floor":2.0},{"not_picked":["Hologram","Sweeping Beam"],"picked":"Go for the Eyes","floor":4.0},{"not_picked":["Streamline","Redo"],"picked":"Cold Snap","floor":7.0},{"not_picked":["Capacitor","Hello World","Leap"],"picked":"SKIP","floor":11.0},{"not_picked":["Force Field","Leap"],"picked":"Static Discharge","floor":12.0},{"not_picked":["Multi-Cast","Seek"],"picked":"Biased Cognition","floor":16.0},{"not_picked":["Sweeping Beam","Reprogram"],"picked":"Gash","floor":18.0},{"not_picked":["Conserve Battery","Hyperbeam"],"picked":"Buffer","floor":23.0},{"not_picked":["Self Repair+1","Ball Lightning"],"picked":"Storm+1","floor":28.0},{"not_picked":["Aggregate","Meteor Strike"],"picked":"All For One","floor":30.0},{"not_picked":["Auto Shields","Hologram"],"picked":"Cold Snap+1","floor":31.0},{"not_picked":["Buffer+1","Creative AI+1"],"picked":"Biased Cognition+1","floor":33.0},{"not_picked":["Redo+1"],"picked":"SKIP","floor":35.0},{"not_picked":["Sunder"],"picked":"SKIP","floor":39.0},{"not_picked":["Hello World+1"],"picked":"SKIP","floor":40.0},{"not_picked":["Rip and Tear"],"picked":"SKIP","floor":42},{"not_picked":[],"picked":"Hologram+1","floor":46},{"not_picked":[],"picked":"Reboot","floor":47}],"player_experience":350921,"relics_obtained":[{"floor":9.0,"key":"Dream Catcher"},{"floor":23.0,"key":"Frozen Egg 2"},{"floor":26.0,"key":"Meat on the Bone"},{"floor":28.0,"key":"Pen Nib"},{"floor":30.0,"key":"Shovel"},{"floor":40.0,"key":"Omamori"},{"floor":41.0,"key":"Lantern"},{"floor":43,"key":"Shuriken"}],"event_choices":[{"damage_healed":0.0,"max_hp_gain":0.0,"max_hp_loss":0.0,"gold_gain":0.0,"event_name":"WeMeetAgain","player_choice":"Paid Gold","floor":3.0,"gold_loss":103.0,"damage_taken":0.0,"relics_obtained":["Juzu Bracelet"]},{"damage_healed":0.0,"max_hp_gain":0.0,"max_hp_loss":6.0,"gold_gain":0.0,"event_name":"Golden Idol","player_choice":"Lose Max HP","floor":5.0,"gold_loss":0.0,"damage_taken":0.0,"relics_obtained":["Golden Idol"]},{"cards_removed":["Strike_B"],"damage_healed":0.0,"max_hp_gain":0.0,"max_hp_loss":0.0,"gold_gain":0.0,"event_name":"Golden Wing","player_choice":"Card Removal","floor":13.0,"gold_loss":0.0,"damage_taken":7.0},{"damage_healed":0.0,"max_hp_gain":0.0,"max_hp_loss":0.0,"gold_gain":75.0,"event_name":"World of Goop","player_choice":"Gather Gold","floor":14.0,"gold_loss":0.0,"damage_taken":11.0},{"damage_healed":0.0,"max_hp_gain":0.0,"max_hp_loss":0.0,"gold_gain":0.0,"event_name":"N\u0027loth","player_choice":"Traded Relic","floor":19.0,"relics_lost":["Dream Catcher"],"gold_loss":0.0,"damage_taken":0.0,"relics_obtained":["Nloth\u0027s Gift"]},{"damage_healed":0.0,"max_hp_gain":0.0,"max_hp_loss":0.0,"gold_gain":0.0,"event_name":"The Mausoleum","player_choice":"Ignored","floor":21.0,"gold_loss":0.0,"damage_taken":0.0},{"damage_healed":0.0,"max_hp_gain":0.0,"max_hp_loss":0.0,"gold_gain":0.0,"cards_transformed":["Meteor Strike","Capacitor"],"event_name":"Drug Dealer","player_choice":"Became Test Subject","floor":22.0,"gold_loss":0.0,"damage_taken":0.0,"cards_obtained":["Buffer","Static Discharge"]},{"damage_healed":23.0,"max_hp_gain":0.0,"max_hp_loss":0.0,"gold_gain":0.0,"event_name":"The Library","player_choice":"Heal","floor":25.0,"gold_loss":0.0,"damage_taken":0.0},{"damage_healed":0.0,"max_hp_gain":0.0,"max_hp_loss":3.0,"gold_gain":0.0,"event_name":"Winding Halls","player_choice":"Max HP","floor":36.0,"gold_loss":0.0,"damage_taken":0.0},{"damage_healed":0.0,"max_hp_gain":0.0,"max_hp_loss":0.0,"gold_gain":333.0,"event_name":"The Moai Head","player_choice":"Gave Idol","floor":38.0,"relics_lost":["Golden Idol"],"gold_loss":0.0,"damage_taken":0.0},{"damage_healed":0,"gold_gain":0,"player_choice":"Got Potions","damage_taken":0,"max_hp_gain":0,"max_hp_loss":0,"event_name":"Lab","floor":44,"gold_loss":0},{"damage_healed":0,"gold_gain":0,"player_choice":"Ignored","damage_taken":0,"max_hp_gain":0,"max_hp_loss":0,"event_name":"Mysterious Sphere","floor":45,"gold_loss":0},{"damage_healed":0,"gold_gain":0,"player_choice":"Paid","damage_taken":0,"relics_obtained":["Red Mask"],"max_hp_gain":0,"max_hp_loss":0,"event_name":"Tomb of Lord Red Mask","floor":48,"gold_loss":542}],"is_beta":false,"boss_relics":[{"not_picked":["Black Star","Runic Pyramid"],"picked":"Pandora\u0027s Box"},{"not_picked":["Coffee Dripper","Philosopher\u0027s Stone"],"picked":"Busted Crown"}],"items_purged_floors":[],"is_endless":false,"potions_floor_spawned":[2,7,12,23,30,31,33,35,42,47],"ascension_level":13}