{"gold_per_floor":[113,130,205,224,17,52,52,63,63,63,74,26,54,69,69,172,172,191,191,201,201,0,0],"floor_reached":23,"playtime":940,"items_purged":["Normality"],"score":276,"play_id":"ad257fc6-afed-40db-8dbe-fd07d5fc0c91","local_time":"20190601193158","is_ascension_mode":true,"campfire_choices":[{"data":"Limit Break","floor":7,"key":"SMITH"},{"floor":10,"key":"REST"},{"floor":15,"key":"REST"}],"neow_cost":"CURSE","seed_source_timestamp":699106989418754,"circlet_count":0,"master_deck":["Strike_R","Strike_R","Strike_R","Strike_R","Strike_R","Defend_R","Defend_R","Defend_R","Defend_R","Bash","Armaments","Thunderclap","Limit Break+1","Inflame","Flex","Pommel Strike","Iron Wave","Iron Wave","Heavy Blade","Anger","Reaper","True Grit","Spot Weakness"],"relics":["Burning Blood","Letter Opener","Bottled Lightning","Matryoshka","White Beast Statue","MutagenicStrength"],"potions_floor_usage":[13,16,16,18,23],"damage_taken":[{"damage":8,"enemies":"2 Louse","floor":1,"turns":3},{"damage":4,"enemies":"Small Slimes","floor":2,"turns":5},{"damage":7,"enemies":"Jaw Worm","floor":4,"turns":3},{"damage":46,"enemies":"Gremlin Nob","floor":6,"turns":5},{"damage":20,"enemies":"Exordium Wildlife","floor":8,"turns":5},{"damage":16,"enemies":"3 Louse","floor":11,"turns":4},{"damage":20,"enemies":"3 Sentries","floor":13,"turns":5},{"damage":9,"enemies":"2 Fungi Beasts","floor":14,"turns":3},{"damage":40,"enemies":"The Guardian","floor":16,"turns":8},{"damage":41,"enemies":"Shell Parasite","floor":18,"turns":8},{"damage":48,"enemies":"Spheric Guardian","floor":20,"turns":6},{"damage":46,"enemies":"Slavers","floor":23,"turns":2}],"seed_played":"2458448485612392489","potions_obtained":[{"floor":1,"key":"GamblersBrew"},{"floor":6,"key":"Swift Potion"},{"floor":8,"key":"LiquidBronze"},{"floor":16,"key":"Strength Potion"},{"floor":18,"key":"Poison Potion"},{"floor":20,"key":"Ancient Potion"}],"is_trial":false,"path_per_floor":["M","M","?","M","$","E","R","M","T","R","M","$","E","M","R","B",null,"M","?","M","?","?","E"],"character_chosen":"IRONCLAD","items_purchased":["Inflame","Flex","Fire Potion"],"campfire_rested":2,"item_purchase_floors":[5,5,12],"current_hp_per_floor":[94,96,85,84,84,44,44,30,30,58,48,48,34,31,59,25,78,43,75,39,39,39,0],"gold":0,"neow_bonus":"TWENTY_PERCENT_HP_BONUS","is_prod":false,"is_daily":false,"chose_seed":false,"campfire_upgraded":1,"win_rate":0,"timestamp":1559435518,"path_taken":["M","M","?","M","$","E","R","M","T","R","M","$","E","M","R","BOSS","M","?","M","?","?","E"],"build_version":"2019-01-23","purchased_purges":1,"victory":false,"max_hp_per_floor":[96,96,96,96,96,96,96,96,96,96,96,96,96,96,96,96,96,96,96,96,96,96,96],"card_choices":[{"not_picked":["Havoc","Flex"],"picked":"Armaments","floor":1},{"not_picked":["Perfected Strike","Twin Strike"],"picked":"Thunderclap","floor":2},{"not_picked":["True Grit","Pummel"],"picked":"Limit Break","floor":4},{"not_picked":["Anger","Sever Soul"],"picked":"Pommel Strike","floor":6},{"not_picked":["Body Slam","Ghostly Armor"],"picked":"Iron Wave","floor":8},{"not_picked":["Combust","Bludgeon"],"picked":"Iron Wave","floor":11},{"not_picked":["Clash","Armaments"],"picked":"Heavy Blade","floor":13},{"not_picked":["Searing Blow","Body Slam"],"picked":"Anger","floor":14},{"not_picked":["Bludgeon","Offering"],"picked":"Reaper","floor":16},{"not_picked":["Bloodletting","Intimidate"],"picked":"True Grit","floor":18},{"not_picked":["Wild Strike","Thunderclap"],"picked":"Spot Weakness","floor":20}],"player_experience":250470,"relics_obtained":[{"floor":6,"key":"Letter Opener"},{"floor":9,"key":"Bottled Lightning"},{"floor":13,"key":"Matryoshka"}],"event_choices":[{"damage_healed":0,"gold_gain":75,"player_choice":"Gather Gold","damage_taken":11,"max_hp_gain":0,"max_hp_loss":0,"event_name":"World of Goop","floor":3,"gold_loss":0},{"damage_healed":32,"gold_gain":0,"player_choice":"Heal","damage_taken":0,"max_hp_gain":0,"max_hp_loss":0,"event_name":"The Library","floor":19,"gold_loss":0},{"damage_healed":0,"gold_gain":0,"player_choice":"Inject Mutagens","damage_taken":0,"relics_obtained":["MutagenicStrength"],"max_hp_gain":0,"max_hp_loss":0,"event_name":"Drug Dealer","floor":21,"gold_loss":0},{"damage_healed":0,"gold_gain":0,"player_choice":"Paid Fearfully","damage_taken":0,"max_hp_gain":0,"max_hp_loss":0,"event_name":"Masked Bandits","floor":22,"gold_loss":201}],"is_beta":false,"boss_relics":[{"not_picked":["Calling Bell","Tiny House"],"picked":"White Beast Statue"}],"items_purged_floors":[5],"is_endless":false,"potions_floor_spawned":[1,6,8,16,18,20],"killed_by":"Slavers","ascension_level":5}