{"gold_per_floor":[117,77,77,87,103,103,378,57,57,76,101,101,118,132,132,132],"floor_reached":16,"playtime":461,"items_purged":["Regret"],"score":204,"play_id":"2d7b6c38-37c6-4085-9f7f-7da726f95548","local_time":"20190802231457","is_ascension_mode":true,"campfire_choices":[{"data":"Dualcast","floor":6,"key":"SMITH"},{"data":"Defragment","floor":12,"key":"SMITH"},{"floor":15,"key":"REST"}],"neow_cost":"NONE","seed_source_timestamp":960525325914400,"circlet_count":0,"master_deck":["AscendersBane","Strike_B","Strike_B","Strike_B","Strike_B","Defend_B","Defend_B","Defend_B","Defend_B","Zap+1","Dualcast+1","Auto Shields","Defragment+1","Beam Cell","Coolheaded","Leap","Loop"],"relics":["Cracked Core","Strawberry","Gambling Chip","Nunchaku"],"potions_floor_usage":[5,11,16],"damage_taken":[{"damage":0,"enemies":"Jaw Worm","floor":1,"turns":3},{"damage":0,"enemies":"Cultist","floor":4,"turns":3},{"damage":0,"enemies":"Small Slimes","floor":5,"turns":2},{"damage":1,"enemies":"2 Fungi Beasts","floor":10,"turns":4},{"damage":24,"enemies":"Gremlin Nob","floor":11,"turns":4},{"damage":5,"enemies":"3 Louse","floor":13,"turns":3},{"damage":10,"enemies":"Large Slime","floor":14,"turns":7},{"damage":57,"enemies":"Slime Boss","floor":16,"turns":9}],"seed_played":"-5733052962707321149","potions_obtained":[{"floor":2,"key":"SkillPotion"},{"floor":2,"key":"Fire Potion"},{"floor":13,"key":"Dexterity Potion"},{"floor":14,"key":"SpeedPotion"}],"is_trial":false,"path_per_floor":["M","?","$","M","M","R","?","$","T","M","E","R","M","M","R","B"],"character_chosen":"DEFECT","items_purchased":["Defragment","Strawberry"],"campfire_rested":1,"item_purchase_floors":[8,8],"current_hp_per_floor":[64,64,64,64,64,64,64,71,71,70,46,46,41,31,54,0],"gold":132,"neow_bonus":"UPGRADE_CARD","is_prod":false,"is_daily":false,"chose_seed":false,"campfire_upgraded":2,"win_rate":0,"timestamp":1564780497,"path_taken":["M","?","$","?","M","R","?","$","T","?","E","R","M","M","R","BOSS"],"build_version":"2019-07-17","purchased_purges":1,"victory":false,"max_hp_per_floor":[71,71,71,71,71,71,71,78,78,78,78,78,78,78,78,78],"card_choices":[{"not_picked":["Steam","Chaos","Redo"],"picked":"SKIP","floor":1},{"not_picked":["Go for the Eyes","Compile Driver"],"picked":"Auto Shields","floor":4},{"not_picked":["Sweeping Beam","Reprogram","Redo"],"picked":"SKIP","floor":5},{"not_picked":["Lockon","Doom and Gloom"],"picked":"Beam Cell","floor":10},{"not_picked":["Fusion","Darkness"],"picked":"Coolheaded","floor":11},{"not_picked":["Conserve Battery","Sweeping Beam"],"picked":"Leap","floor":13},{"not_picked":["Skim","Buffer"],"picked":"Loop","floor":14}],"player_experience":397256,"relics_obtained":[{"floor":9,"key":"Gambling Chip"},{"floor":11,"key":"Nunchaku"}],"event_choices":[{"damage_healed":0,"gold_gain":0,"player_choice":"Bought 3 Potions","damage_taken":0,"max_hp_gain":0,"max_hp_loss":0,"event_name":"The Woman in Blue","floor":2,"gold_loss":0},{"damage_healed":0,"gold_gain":275,"player_choice":"Desecrate","damage_taken":0,"max_hp_gain":0,"max_hp_loss":0,"event_name":"Golden Shrine","floor":7,"gold_loss":0,"cards_obtained":["Regret"]}],"is_beta":false,"boss_relics":[],"items_purged_floors":[8],"is_endless":false,"potions_floor_spawned":[4,13,14],"killed_by":"Slime Boss","ascension_level":20}