{"gold_per_floor":[20,31,42,58,58,88,88,104,151,151,151,161,42,217,217,321,321,337,612,143,153,3,3],"floor_reached":23,"playtime":1989,"items_purged":["Regret","Doubt"],"score":239,"play_id":"deb41659-e438-44b3-baed-6dfd0ae4bc5f","local_time":"20190601105905","is_ascension_mode":true,"campfire_choices":[{"data":"Demon Form","floor":7,"key":"SMITH"},{"data":"Corruption","floor":10,"key":"SMITH"},{"floor":15,"key":"REST"}],"neow_cost":"NO_GOLD","seed_source_timestamp":667283784689677,"circlet_count":0,"master_deck":["Strike_R","Strike_R","Strike_R","Defend_R","Defend_R","Defend_R","Defend_R","Bash","Corruption+1","Inflame","Armaments","Iron Wave","Second Wind","Flame Barrier","Demon Form+1","True Grit+1","Sword Boomerang","Feel No Pain","Immolate","Uppercut","Limit Break+1","Spot Weakness+1","Shrug It Off+1"],"relics":["Burning Blood","Toxic Egg 2","Lantern","Velvet Choker","Orichalcum"],"potions_floor_usage":[4,16,16,16,21,21],"damage_taken":[{"damage":2,"enemies":"2 Louse","floor":1,"turns":3},{"damage":2,"enemies":"Small Slimes","floor":2,"turns":4},{"damage":1,"enemies":"Cultist","floor":3,"turns":3},{"damage":20,"enemies":"Lots of Slimes","floor":4,"turns":5},{"damage":28,"enemies":"3 Sentries","floor":6,"turns":14},{"damage":38,"enemies":"Gremlin Gang","floor":8,"turns":6},{"damage":0,"enemies":"Red Slaver","floor":12,"turns":4},{"damage":28,"enemies":"Slime Boss","floor":16,"turns":9},{"damage":42,"enemies":"3 Byrds","floor":18,"turns":4},{"damage":18,"enemies":"2 Thieves","floor":21,"turns":3},{"damage":22,"enemies":"Gremlin Leader","floor":23,"turns":5}],"seed_played":"-5495124980358064455","potions_obtained":[{"floor":1,"key":"Energy Potion"},{"floor":8,"key":"Block Potion"},{"floor":12,"key":"AttackPotion"},{"floor":18,"key":"Fire Potion"},{"floor":21,"key":"Strength Potion"}],"is_trial":false,"path_per_floor":["M","M","M","M","?","E","R","M","T","R","?","M","$","?","R","B",null,"M","?","$","M","$","E"],"character_chosen":"IRONCLAD","items_purchased":["Feel No Pain","SkillPotion","Limit Break+1","Spot Weakness+1","Orichalcum","AttackPotion","SpeedPotion"],"campfire_rested":1,"item_purchase_floors":[13,13,20,20,20,20,22],"current_hp_per_floor":[80,80,80,66,66,44,44,12,12,12,12,18,18,18,42,20,65,29,29,29,17,17,0],"gold":3,"neow_bonus":"TRANSFORM_TWO_CARDS","is_prod":false,"is_daily":false,"chose_seed":false,"campfire_upgraded":2,"win_rate":0,"timestamp":1559404745,"path_taken":["M","M","M","M","?","E","R","M","T","R","?","M","$","?","R","BOSS","M","?","$","?","$","E"],"build_version":"2019-01-23","purchased_purges":2,"victory":false,"max_hp_per_floor":[80,80,80,80,80,80,80,80,80,80,80,80,80,80,80,80,80,80,80,80,80,80,80],"card_choices":[{"not_picked":["Pummel","Havoc"],"picked":"Inflame","floor":1},{"not_picked":["Anger","Reckless Charge"],"picked":"Armaments","floor":2},{"not_picked":["Body Slam","Flex"],"picked":"Iron Wave","floor":3},{"not_picked":["Havoc","Ghostly Armor"],"picked":"Second Wind","floor":4},{"not_picked":["Dual Wield","Anger"],"picked":"Demon Form","floor":6},{"not_picked":["Carnage","Armaments+1"],"picked":"True Grit+1","floor":8},{"not_picked":["Cleave","Demon Form"],"picked":"Sword Boomerang","floor":12},{"not_picked":["Exhume+1","Offering+1"],"picked":"Immolate","floor":16},{"not_picked":["Thunderclap","Flex+1"],"picked":"Uppercut","floor":18},{"not_picked":["Cleave","Flex+1"],"picked":"Shrug It Off+1","floor":21}],"player_experience":244385,"relics_obtained":[{"floor":6,"key":"Toxic Egg 2"},{"floor":9,"key":"Lantern"}],"event_choices":[{"damage_healed":0,"gold_gain":0,"cards_transformed":["Perfected Strike"],"player_choice":"Change","damage_taken":0,"max_hp_gain":0,"max_hp_loss":0,"event_name":"Living Wall","floor":5,"gold_loss":0,"cards_obtained":["Flame Barrier"]},{"damage_healed":0,"gold_gain":0,"player_choice":"Searched \u00270\u0027 times","damage_taken":0,"max_hp_gain":0,"max_hp_loss":0,"event_name":"Dead Adventurer","floor":11,"gold_loss":0},{"damage_healed":0,"gold_gain":175,"player_choice":"AGREE","damage_taken":0,"max_hp_gain":0,"max_hp_loss":0,"event_name":"Liars Game","floor":14,"gold_loss":0,"cards_obtained":["Doubt"]},{"damage_healed":0,"gold_gain":275,"player_choice":"Desecrate","damage_taken":0,"max_hp_gain":0,"max_hp_loss":0,"event_name":"Golden Shrine","floor":19,"gold_loss":0,"cards_obtained":["Regret"]}],"is_beta":false,"boss_relics":[{"not_picked":["Runic Cube","Ectoplasm"],"picked":"Velvet Choker"}],"items_purged_floors":[20,22],"is_endless":false,"potions_floor_spawned":[1,8,12,18,21],"killed_by":"Gremlin Leader","ascension_level":5}