{"gold_per_floor":[118,137,62,62,81,81,114,136,161,175,175,175,187,201,201,303,303,318,332,232,250,250,250,280,293,293,293,18,50,62,62,62,160,160,173,219,230,230,242,242,242,259,259,284,284,284,134,154,154,154],"floor_reached":51,"playtime":4441,"items_purged":["Defend_B","Defend_B","Defend_B","Defend_B"],"score":727,"play_id":"ad560c5b-3fc9-4917-ab8e-e4572744bb28","local_time":"20181011042634","is_ascension_mode":true,"campfire_choices":[{"data":"Zap","floor":6,"key":"SMITH"},{"data":"Dualcast","floor":11,"key":"SMITH"},{"data":"Redo","floor":15,"key":"SMITH"},{"data":"Darkness","floor":23,"key":"SMITH"},{"data":"Self Repair","floor":27,"key":"SMITH"},{"data":"Coolheaded","floor":32,"key":"SMITH"},{"data":"Reinforced Body","floor":40,"key":"SMITH"},{"data":"Multi-Cast","floor":45,"key":"SMITH"},{"floor":49,"key":"DIG"}],"neow_cost":"NONE","seed_source_timestamp":2371149912111492,"circlet_count":0,"master_deck":["Strike_B+1","Zap+1","Dualcast+1","Undo","BootSequence","Cold Snap","Self Repair+1","Streamline+1","Redo+1","Coolheaded+1","Reinforced Body+1","Rainbow","Darkness+1","Leap+1","Conserve Battery","Dualcast+1","BootSequence+1","Machine Learning","Sweeping Beam+1","Hologram+1","Multi-Cast+1","FTL+1","Violence","Thinking Ahead","Scrape+1"],"relics":["Empty Cage","Lantern","Odd Mushroom","Whetstone","Sozu","Bronze Scales","Orichalcum","Bag of Preparation","Vajra","Coffee Dripper","Pocketwatch","DataDisk","Shovel","Smiling Mask"],"potions_floor_usage":[16,16,50,50],"damage_taken":[{"damage":0,"enemies":"Small Slimes","floor":1,"turns":4},{"damage":0,"enemies":"Jaw Worm","floor":2,"turns":5},{"damage":3,"enemies":"Cultist","floor":5,"turns":5},{"damage":45,"enemies":"Gremlin Nob","floor":7,"turns":6},{"damage":14,"enemies":"The Mushroom Lair","floor":8,"turns":6},{"damage":0,"enemies":"Blue Slaver","floor":10,"turns":4},{"damage":0,"enemies":"Looter","floor":13,"turns":3},{"damage":0,"enemies":"Large Slime","floor":14,"turns":5},{"damage":44,"enemies":"Hexaghost","floor":16,"turns":17},{"damage":6,"enemies":"2 Thieves","floor":18,"turns":5},{"damage":0,"enemies":"3 Byrds","floor":19,"turns":4},{"damage":3,"enemies":"Sentry and Sphere","floor":21,"turns":5},{"damage":35,"enemies":"Gremlin Leader","floor":24,"turns":10},{"damage":0,"enemies":"Centurion and Healer","floor":25,"turns":5},{"damage":4,"enemies":"Book of Stabbing","floor":29,"turns":4},{"damage":1,"enemies":"Snecko","floor":30,"turns":5},{"damage":8,"enemies":"Collector","floor":33,"turns":10},{"damage":0,"enemies":"3 Shapes","floor":35,"turns":5},{"damage":0,"enemies":"Mysterious Sphere","floor":36,"turns":5},{"damage":28,"enemies":"3 Darklings","floor":37,"turns":5},{"damage":6,"enemies":"4 Shapes","floor":39,"turns":4},{"damage":11,"enemies":"Sphere and 2 Shapes","floor":42,"turns":6},{"damage":0,"enemies":"Giant Head","floor":44,"turns":7},{"damage":0,"enemies":"Jaw Worm Horde","floor":48,"turns":4},{"damage":12,"enemies":"Awakened One","floor":50,"turns":16}],"seed_played":"6646709617185011824","potions_obtained":[{"floor":5,"key":"EssenceOfSteel"},{"floor":7,"key":"Strength Potion"},{"floor":8,"key":"Swift Potion"},{"floor":16,"key":"FocusPotion"}],"is_trial":false,"path_per_floor":["M","M","$","?","M","R","E","?","T","M","R","?","M","M","R","B",null,"M","M","$","M","?","R","E","M","T","R","$","E","M","?","R","B",null,"M","?","M","?","M","R","?","M","T","E","R","?","$","M","R","B"],"character_chosen":"DEFECT","items_purchased":["Bag of Preparation"],"campfire_rested":0,"item_purchase_floors":[28],"current_hp_per_floor":[75,75,75,80,77,77,32,25,25,32,32,32,39,46,46,9,80,80,80,80,80,80,80,52,59,59,59,59,65,74,74,74,76,80,80,80,62,62,66,66,66,65,65,75,75,65,65,75,75,73],"gold":154,"neow_bonus":"BOSS_RELIC","is_prod":false,"is_daily":false,"chose_seed":false,"campfire_upgraded":8,"win_rate":0,"timestamp":1539253594,"path_taken":["M","M","$","?","M","R","E","?","T","M","R","?","M","?","R","BOSS","M","M","$","M","?","R","E","M","T","R","$","E","M","?","R","BOSS","M","?","M","?","?","R","?","M","T","E","R","?","$","M","R","BOSS"],"build_version":"2018-10-10","purchased_purges":4,"victory":true,"max_hp_per_floor":[75,75,75,80,80,80,80,80,80,80,80,80,80,80,80,80,80,80,80,80,80,80,80,80,80,80,80,80,80,80,80,80,80,80,80,80,80,76,76,76,76,76,76,76,76,76,76,76,76,76],"card_choices":[{"not_picked":["Redo","Hologram"],"picked":"Undo","floor":1},{"not_picked":["Steam Power","Cold Snap"],"picked":"BootSequence","floor":2},{"not_picked":["Scrape","Stack"],"picked":"Cold Snap","floor":5},{"not_picked":["Beam Cell","Turbo"],"picked":"Self Repair","floor":7},{"not_picked":["Coolheaded","Doom and Gloom"],"picked":"Streamline","floor":8},{"not_picked":["Static Discharge","Multi-Cast"],"picked":"Redo","floor":10},{"not_picked":["Barrage","Conserve Battery"],"picked":"Coolheaded","floor":13},{"not_picked":["Capacitor","Turbo"],"picked":"Reinforced Body","floor":14},{"not_picked":["Buffer","Reboot"],"picked":"Rainbow","floor":16},{"not_picked":["Barrage","Cold Snap+1"],"picked":"Darkness","floor":18},{"not_picked":["Stack+1","Core Surge"],"picked":"Leap+1","floor":19},{"not_picked":["Tempest","Stack"],"picked":"Conserve Battery","floor":21},{"not_picked":["Steam","Conserve Battery","Hyperbeam"],"picked":"SKIP","floor":24},{"not_picked":["Leap","Static Discharge"],"picked":"BootSequence+1","floor":25},{"not_picked":["Rebound","Go for the Eyes","Hologram"],"picked":"SKIP","floor":29},{"not_picked":["Sweeping Beam","Beam Cell","Go for the Eyes"],"picked":"SKIP","floor":30},{"not_picked":["Biased Cognition","Fission"],"picked":"Machine Learning","floor":33},{"not_picked":["Beam Cell","Conserve Battery","Barrage"],"picked":"SKIP","floor":35},{"not_picked":["Scrape+1","Rebound+1"],"picked":"Sweeping Beam+1","floor":36},{"not_picked":["Streamline","Redo+1","Stack+1"],"picked":"SKIP","floor":37},{"not_picked":["Leap+1","Recycle"],"picked":"Hologram+1","floor":39},{"not_picked":["Hello World","Beam Cell"],"picked":"Multi-Cast","floor":42},{"not_picked":["Gash+1","Chaos"],"picked":"FTL+1","floor":44},{"not_picked":["Jack Of All Trades","Sadistic Nature"],"picked":"Violence","floor":46},{"not_picked":["Mind Blast","Magnetism"],"picked":"Thinking Ahead","floor":46},{"not_picked":["Reprogram+1","Sunder+1"],"picked":"Scrape+1","floor":48}],"player_experience":90746,"relics_obtained":[{"floor":7,"key":"Lantern"},{"floor":8,"key":"Odd Mushroom"},{"floor":9,"key":"Whetstone"},{"floor":24,"key":"Bronze Scales"},{"floor":26,"key":"Orichalcum"},{"floor":29,"key":"Vajra"},{"floor":36,"key":"Pocketwatch"},{"floor":43,"key":"DataDisk"},{"floor":44,"key":"Shovel"},{"floor":49,"key":"Smiling Mask"}],"event_choices":[{"event_name":"Big Fish","player_choice":"Donut","floor":4,"damage_taken":0},{"event_name":"Mushrooms","player_choice":"Fought Mushrooms","floor":8,"damage_taken":0},{"event_name":"Living Wall","player_choice":"Forget","floor":12,"damage_taken":0},{"event_name":"Duplicator","player_choice":"One dupe","floor":22,"damage_taken":0},{"event_name":"Vampires","player_choice":"Ignored","floor":31,"damage_taken":0},{"event_name":"Mysterious Sphere","player_choice":"Fight","floor":36,"damage_taken":0},{"event_name":"Winding Halls","player_choice":"Max HP","floor":38,"damage_taken":0},{"event_name":"The Woman in Blue","player_choice":"Bought 0 Potions","floor":41,"damage_taken":0},{"event_name":"SensoryStone","player_choice":"Memory 3","floor":46,"damage_taken":0}],"is_beta":true,"boss_relics":[{"not_picked":["Lizard Tail","Astrolabe"],"picked":"Sozu"},{"not_picked":["Black Star","Snecko Eye"],"picked":"Coffee Dripper"}],"items_purged_floors":[3,20,28,47],"is_endless":false,"potions_floor_spawned":[5,7,8,16,18,19,24,25,30,42,44],"ascension_level":1}