{"gold_per_floor":[112,127,127,147,159,159,49,49,49,49,59,59,69,81,81,182,182,165,65,77,87,105,105,117,117,165,165,165,178,178,193,193,296,296,307,307,320,335,352,352],"floor_reached":40,"playtime":2546,"items_purged":["Defend_B","Defend_B"],"score":386,"play_id":"f2c623a9-584a-40b1-b263-0cca9a440646","local_time":"20190108185857","is_ascension_mode":false,"campfire_choices":[{"data":"Zap","floor":6,"key":"SMITH"},{"data":"Dualcast","floor":12,"key":"SMITH"},{"data":"Loop","floor":15,"key":"SMITH"},{"floor":23,"key":"REST"},{"data":"Amplify","floor":30,"key":"SMITH"},{"data":"Conserve Battery","floor":32,"key":"SMITH"}],"neow_cost":"NONE","seed_source_timestamp":1564587760295132,"circlet_count":0,"master_deck":["Strike_B","Strike_B","Strike_B","Strike_B","Defend_B","Defend_B","Zap+1","Dualcast+1","Creative AI","Conserve Battery+1","Leap","Leap","Self Repair","White Noise","Loop+1","Amplify+1","Conserve Battery+1","Ball Lightning+1","Auto Shields","BootSequence","Fission"],"relics":["Cracked Core","Du-Vu Doll","Darkstone Periapt","Pocketwatch","Busted Crown","Unceasing Top","Cursed Key","Bag of Preparation"],"potions_floor_usage":[20,22,31,37],"damage_taken":[{"damage":4,"enemies":"Cultist","floor":1,"turns":4},{"damage":0,"enemies":"2 Louse","floor":2,"turns":3},{"damage":5,"enemies":"Small Slimes","floor":4,"turns":4},{"damage":2,"enemies":"3 Louse","floor":5,"turns":5},{"damage":8,"enemies":"Red Slaver","floor":11,"turns":4},{"damage":0,"enemies":"Gremlin Gang","floor":13,"turns":7},{"damage":27,"enemies":"Exordium Thugs","floor":14,"turns":5},{"damage":47,"enemies":"Slime Boss","floor":16,"turns":11},{"damage":28,"enemies":"2 Thieves","floor":18,"turns":4},{"damage":15,"enemies":"3 Byrds","floor":20,"turns":6},{"damage":30,"enemies":"Sentry and Sphere","floor":21,"turns":6},{"damage":20,"enemies":"Snake Plant","floor":22,"turns":5},{"damage":7,"enemies":"Snecko","floor":24,"turns":9},{"damage":14,"enemies":"Centurion and Healer","floor":29,"turns":7},{"damage":5,"enemies":"3 Cultists","floor":31,"turns":3},{"damage":1,"enemies":"Champ","floor":33,"turns":11},{"damage":8,"enemies":"3 Shapes","floor":35,"turns":6},{"damage":39,"enemies":"3 Darklings","floor":37,"turns":5},{"damage":10,"enemies":"Sphere and 2 Shapes","floor":38,"turns":5},{"damage":16,"enemies":"Maw","floor":39,"turns":10},{"damage":47,"enemies":"Giant Head","floor":40,"turns":8}],"seed_played":"-2433218337013744639","potions_obtained":[{"floor":4,"key":"PowerPotion"},{"floor":13,"key":"Weak Potion"},{"floor":14,"key":"AttackPotion"},{"floor":16,"key":"Weak Potion"},{"floor":21,"key":"EssenceOfSteel"},{"floor":22,"key":"Fire Potion"},{"floor":29,"key":"PowerPotion"},{"floor":31,"key":"Strength Potion"},{"floor":38,"key":"PowerPotion"},{"floor":39,"key":"Energy Potion"}],"is_trial":false,"path_per_floor":["M","M","?","M","M","R","$","?","T","$","M","R","M","M","R","B",null,"M","$","M","M","M","R","M","$","T","?","?","M","R","M","R","B",null,"M","?","M","M","M","E"],"character_chosen":"DEFECT","items_purchased":["Self Repair"],"campfire_rested":1,"item_purchase_floors":[7],"current_hp_per_floor":[71,71,64,59,57,57,57,57,57,57,56,56,70,50,50,10,75,54,54,46,23,10,32,32,32,32,32,32,25,25,20,20,26,75,67,67,35,32,30,0],"gold":352,"neow_bonus":"ONE_RANDOM_RARE_CARD","is_prod":false,"is_daily":false,"chose_seed":false,"campfire_upgraded":5,"win_rate":0,"timestamp":1546999137,"path_taken":["M","?","?","M","M","R","$","?","T","$","M","R","M","?","R","BOSS","M","$","M","M","M","R","M","$","T","?","?","M","R","M","R","BOSS","M","?","?","M","?","E"],"build_version":"2019-01-07","purchased_purges":2,"victory":false,"max_hp_per_floor":[75,75,75,75,75,75,75,75,75,75,75,75,75,75,75,75,75,75,75,75,75,75,75,75,75,75,75,75,75,75,75,75,75,75,75,75,75,75,75,75],"card_choices":[{"not_picked":["Redo","Rebound"],"picked":"Conserve Battery","floor":1},{"not_picked":["Doom and Gloom","Undo"],"picked":"Leap","floor":2},{"not_picked":["Compile Driver","Cold Snap","Stack"],"picked":"SKIP","floor":4},{"not_picked":["Loop","Static Discharge"],"picked":"Leap","floor":5},{"not_picked":["Conserve Battery","Stack"],"picked":"White Noise","floor":11},{"not_picked":["Stack","Conserve Battery"],"picked":"Loop","floor":13},{"not_picked":["Compile Driver","Steam","Redo"],"picked":"SKIP","floor":14},{"not_picked":["Biased Cognition","Echo Form"],"picked":"Amplify","floor":16},{"not_picked":["Cold Snap"],"picked":"SKIP","floor":18},{"not_picked":["Rebound"],"picked":"SKIP","floor":20},{"not_picked":[],"picked":"Conserve Battery+1","floor":21},{"not_picked":["Gash"],"picked":"SKIP","floor":22},{"not_picked":[],"picked":"Ball Lightning+1","floor":24},{"not_picked":[],"picked":"BootSequence","floor":29},{"not_picked":["Scrape"],"picked":"SKIP","floor":31},{"not_picked":[],"picked":"Fission","floor":33},{"not_picked":["Rebound"],"picked":"SKIP","floor":35},{"not_picked":["Rebound"],"picked":"SKIP","floor":37},{"not_picked":["Rebound"],"picked":"SKIP","floor":38},{"not_picked":["Stack"],"picked":"SKIP","floor":39}],"player_experience":235352,"relics_obtained":[{"floor":9,"key":"Pocketwatch"},{"floor":36,"key":"Bag of Preparation"}],"event_choices":[{"damage_healed":0,"gold_gain":0,"player_choice":"Success","damage_taken":7,"relics_obtained":["Du-Vu Doll"],"max_hp_gain":0,"max_hp_loss":0,"event_name":"Scrap Ooze","floor":3,"gold_loss":0},{"damage_healed":0,"gold_gain":0,"player_choice":"Gave Potion","damage_taken":0,"relics_obtained":["Darkstone Periapt"],"max_hp_gain":0,"max_hp_loss":0,"event_name":"WeMeetAgain","floor":8,"gold_loss":0},{"damage_healed":0,"gold_gain":0,"player_choice":"Opened","damage_taken":0,"relics_obtained":["Unceasing Top"],"max_hp_gain":0,"max_hp_loss":0,"event_name":"The Mausoleum","floor":27,"gold_loss":0},{"damage_healed":0,"gold_gain":0,"player_choice":"Read","damage_taken":0,"max_hp_gain":0,"max_hp_loss":0,"event_name":"The Library","floor":28,"gold_loss":0,"cards_obtained":["Auto Shields"]},{"damage_healed":0,"gold_gain":0,"player_choice":"Relic","damage_taken":0,"max_hp_gain":0,"max_hp_loss":0,"event_name":"Wheel of Change","floor":36,"gold_loss":0}],"is_beta":true,"boss_relics":[{"not_picked":["Empty Cage","Eternal Feather"],"picked":"Busted Crown"},{"not_picked":["Calling Bell","Lizard Tail"],"picked":"Cursed Key"}],"items_purged_floors":[7,19],"is_endless":false,"potions_floor_spawned":[4,13,14,16,21,22,29,31,33,38,39],"killed_by":"Giant Head","ascension_level":0}