{"gold_per_floor":[15,28,42,57,57,57,83,83],"floor_reached":8,"playtime":394,"items_purged":[],"score":110,"play_id":"8a3109aa-2999-450b-861c-28a2320341a6","local_time":"20190715220438","is_ascension_mode":true,"campfire_choices":[{"data":"Corruption","floor":6,"key":"SMITH"}],"neow_cost":"NO_GOLD","seed_source_timestamp":446514244699391,"circlet_count":0,"master_deck":["AscendersBane","Strike_R","Strike_R+1","Strike_R","Strike_R","Strike_R","Defend_R","Defend_R+1","Defend_R","Defend_R","Bash","Ghostly Armor","Corruption+1","Combust","Pummel","Dual Wield"],"relics":["Burning Blood","Matryoshka"],"potions_floor_usage":[7],"damage_taken":[{"damage":1,"enemies":"Cultist","floor":1,"turns":3},{"damage":15,"enemies":"Small Slimes","floor":2,"turns":3},{"damage":6,"enemies":"Jaw Worm","floor":3,"turns":5},{"damage":11,"enemies":"3 Louse","floor":4,"turns":6},{"damage":47,"enemies":"3 Sentries","floor":7,"turns":8},{"damage":21,"enemies":"Gremlin Gang","floor":8,"turns":2}],"seed_played":"3620007899607928319","potions_obtained":[{"floor":1,"key":"Regen Potion"},{"floor":3,"key":"EssenceOfSteel"},{"floor":7,"key":"SteroidPotion"}],"is_trial":false,"path_per_floor":["M","M","M","M","?","R","E","M"],"character_chosen":"IRONCLAD","items_purchased":[],"campfire_rested":0,"item_purchase_floors":[],"current_hp_per_floor":[87,78,78,73,46,46,20,0],"gold":83,"neow_bonus":"TWENTY_PERCENT_HP_BONUS","is_prod":false,"is_daily":false,"chose_seed":false,"campfire_upgraded":1,"win_rate":0,"timestamp":1563246278,"path_taken":["M","M","?","M","?","R","E","M"],"build_version":"2019-07-05","purchased_purges":0,"victory":false,"max_hp_per_floor":[89,89,89,89,89,89,89,89],"card_choices":[{"not_picked":["Cleave","Sword Boomerang"],"picked":"Ghostly Armor","floor":1},{"not_picked":["Intimidate","Searing Blow"],"picked":"Corruption","floor":2},{"not_picked":["Headbutt","Sever Soul"],"picked":"Combust","floor":3},{"not_picked":["Warcry","Heavy Blade"],"picked":"Pummel","floor":4},{"not_picked":["Anger","Cleave"],"picked":"Dual Wield","floor":7}],"player_experience":495687,"relics_obtained":[{"floor":7,"key":"Matryoshka"}],"event_choices":[{"damage_healed":0,"gold_gain":0,"player_choice":"Entered Light","damage_taken":27,"max_hp_gain":0,"max_hp_loss":0,"event_name":"Shining Light","floor":5,"gold_loss":0,"cards_upgraded":["Strike_R","Defend_R"]}],"is_beta":false,"boss_relics":[],"items_purged_floors":[],"is_endless":false,"potions_floor_spawned":[1,3,7],"killed_by":"Gremlin Gang","ascension_level":18}