{"gold_per_floor":[360,360,18,35,35,35,53,88,88,116,133,133,133,151,151,151],"floor_reached":16,"playtime":662,"items_purged":["Strike_R"],"score":215,"play_id":"273f0b5d-db0a-4f3d-b96d-f8665580386d","local_time":"20190803093935","is_ascension_mode":true,"campfire_choices":[{"data":"Uppercut","floor":6.0,"key":"SMITH"},{"floor":13,"key":"REST"},{"floor":15,"key":"REST"}],"neow_cost":"TEN_PERCENT_HP_LOSS","seed_source_timestamp":1000920642057331,"circlet_count":0,"master_deck":["AscendersBane","Strike_R","Strike_R","Strike_R","Strike_R","Defend_R","Defend_R","Defend_R","Defend_R","Bash","Uppercut+1","True Grit","Power Through","Headbutt","Armaments"],"special_seed":0,"relics":["Burning Blood","FaceOfCleric","Question Card","Shuriken","Blue Candle","Blood Vial"],"potions_floor_usage":[10,16,16],"damage_taken":[{"damage":14.0,"enemies":"Jaw Worm","floor":1.0,"turns":4.0},{"damage":1.0,"enemies":"Cultist","floor":4.0,"turns":3.0},{"damage":9.0,"enemies":"Small Slimes","floor":7.0,"turns":3.0},{"damage":33.0,"enemies":"3 Sentries","floor":8.0,"turns":10.0},{"damage":37,"enemies":"Lagavulin","floor":10,"turns":9},{"damage":6,"enemies":"Blue Slaver","floor":11,"turns":6},{"damage":22,"enemies":"Large Slime","floor":14,"turns":7},{"damage":54,"enemies":"Slime Boss","floor":16,"turns":8}],"seed_played":"2393197542767866582","potions_obtained":[{"floor":1.0,"key":"Explosive Potion"},{"floor":8.0,"key":"EssenceOfSteel"},{"floor":11,"key":"Fire Potion"},{"floor":14,"key":"SpeedPotion"}],"is_trial":false,"path_per_floor":["M","?","$","M","$","R","M","E","T","E","M","?","R","M","R","B"],"character_chosen":"IRONCLAD","items_purchased":["Question Card"],"campfire_rested":2,"item_purchase_floors":[3],"current_hp_per_floor":[60,60,60,66,66,66,64,38,38,8,11,11,32,19,41,0],"gold":151,"neow_bonus":"TWO_FIFTY_GOLD","is_prod":false,"is_daily":false,"chose_seed":false,"campfire_upgraded":1,"win_rate":0,"timestamp":1564843175,"path_taken":["M","?","$","M","?","R","M","E","T","E","M","?","R","M","R","BOSS"],"build_version":"2019-07-17","purchased_purges":1,"victory":false,"max_hp_per_floor":[68,68,68,69,69,69,70,71,71,72,73,73,73,74,74,74],"card_choices":[{"not_picked":["Warcry","Flex"],"picked":"Uppercut","floor":1.0},{"not_picked":["Flex","Warcry","Iron Wave"],"picked":"True Grit","floor":4.0},{"not_picked":["Flex","Thunderclap","Bloodletting","Second Wind"],"picked":"SKIP","floor":7.0},{"not_picked":["Corruption","Heavy Blade","Second Wind"],"picked":"Power Through","floor":8.0},{"not_picked":["Second Wind","Infernal Blade","Searing Blow"],"picked":"Headbutt","floor":10},{"not_picked":["Twin Strike","Bloodletting","Sword Boomerang"],"picked":"Armaments","floor":11},{"not_picked":["Brutality","Feel No Pain","Clash","Warcry"],"picked":"SKIP","floor":14}],"player_experience":550118,"relics_obtained":[{"floor":8.0,"key":"Shuriken"},{"floor":9.0,"key":"Blue Candle"},{"floor":10,"key":"Blood Vial"}],"event_choices":[{"damage_healed":0.0,"max_hp_gain":0.0,"max_hp_loss":0.0,"gold_gain":0.0,"event_name":"FaceTrader","player_choice":"Trade","floor":2.0,"gold_loss":0.0,"damage_taken":0.0,"relics_obtained":["FaceOfCleric"]},{"damage_healed":0,"gold_gain":0,"player_choice":"Fled","damage_taken":0,"max_hp_gain":0,"max_hp_loss":0,"event_name":"Scrap Ooze","floor":12,"gold_loss":0}],"is_beta":false,"boss_relics":[],"items_purged_floors":[3],"is_endless":false,"potions_floor_spawned":[1,8,11,14],"killed_by":"Slime Boss","ascension_level":19}