{"gold_per_floor":[114,134,161,173,187,212,229,229,229,229,229],"floor_reached":11,"playtime":346,"items_purged":[],"score":94,"play_id":"dd57f661-4160-49e1-96ab-f71bcaeb64f4","local_time":"20190527212307","is_ascension_mode":true,"campfire_choices":[{"data":"Flame Barrier","floor":8,"key":"SMITH"},{"data":"Inflame","floor":10,"key":"SMITH"}],"neow_cost":"NONE","seed_source_timestamp":274362587959336,"circlet_count":0,"master_deck":["Strike_R","Strike_R","Strike_R","Strike_R","Strike_R","Defend_R","Defend_R","Defend_R","Defend_R","Bash","Dark Embrace","Inflame+1","Second Wind","Feel No Pain","Cleave","Uppercut","Flame Barrier+1"],"relics":["Burning Blood","Bronze Scales","Letter Opener","WingedGreaves"],"potions_floor_usage":[6,11],"damage_taken":[{"damage":6,"enemies":"Cultist","floor":1,"turns":3},{"damage":10,"enemies":"Small Slimes","floor":2,"turns":4},{"damage":2,"enemies":"2 Louse","floor":4,"turns":2},{"damage":37,"enemies":"Exordium Thugs","floor":5,"turns":4},{"damage":31,"enemies":"Gremlin Nob","floor":6,"turns":5},{"damage":0,"enemies":"Large Slime","floor":7,"turns":5},{"damage":30,"enemies":"3 Sentries","floor":11,"turns":2}],"seed_played":"-4733280322054026979","potions_obtained":[{"floor":2,"key":"Weak Potion"},{"floor":6,"key":"SkillPotion"},{"floor":7,"key":"Strength Potion"}],"is_trial":false,"path_per_floor":["M","M","T","M","M","E","M","R","T","R","E"],"character_chosen":"IRONCLAD","items_purchased":[],"campfire_rested":0,"item_purchase_floors":[],"current_hp_per_floor":[80,76,76,80,49,24,30,30,30,30,0],"gold":229,"neow_bonus":"ONE_RANDOM_RARE_CARD","is_prod":false,"is_daily":false,"chose_seed":false,"campfire_upgraded":2,"win_rate":0,"timestamp":1559010187,"path_taken":["M","M","?","M","M","E","M","R","T","R","E"],"build_version":"2019-01-23","purchased_purges":0,"victory":false,"max_hp_per_floor":[80,80,80,80,80,80,80,80,80,80,80],"card_choices":[{"not_picked":["Perfected Strike","Clothesline"],"picked":"Inflame","floor":1},{"not_picked":["Thunderclap","Evolve"],"picked":"Second Wind","floor":2},{"not_picked":["Headbutt","Evolve"],"picked":"Feel No Pain","floor":4},{"not_picked":["Headbutt","Anger"],"picked":"Cleave","floor":5},{"not_picked":["Combust","Berserk"],"picked":"Uppercut","floor":6},{"not_picked":["Wild Strike","Thunderclap"],"picked":"Flame Barrier","floor":7}],"player_experience":220719,"relics_obtained":[{"floor":3,"key":"Bronze Scales"},{"floor":6,"key":"Letter Opener"},{"floor":9,"key":"WingedGreaves"}],"event_choices":[],"is_beta":false,"boss_relics":[],"items_purged_floors":[],"is_endless":false,"potions_floor_spawned":[2,6,7],"killed_by":"3 Sentries","ascension_level":5}