{"gold_per_floor":[20,36,48,64,82,82,107,117,169,169,200,200,230,241,241,338,338,349,34,51,51,0,0],"floor_reached":23,"playtime":1548,"items_purged":[],"score":254,"play_id":"45c18b75-4bf4-42d6-9322-a1677d9ed9a8","local_time":"20190527195940","is_ascension_mode":true,"campfire_choices":[{"data":"True Grit","floor":6,"key":"SMITH"},{"data":"Metallicize","floor":10,"key":"SMITH"},{"data":"Intimidate","floor":12,"key":"SMITH"},{"data":"Feel No Pain","floor":15,"key":"SMITH"}],"neow_cost":"NO_GOLD","seed_source_timestamp":268152981019262,"circlet_count":0,"master_deck":["Strike_R+1","Strike_R","Strike_R","Defend_R","Defend_R","Defend_R","Defend_R","Bash","Havoc","Impervious","Metallicize+1","True Grit+1","Thunderclap+1","Feel No Pain+1","Infernal Blade","Intimidate+1","Burning Pact","Barricade","Dropkick","Inflame","Armaments+1","Decay"],"relics":["Burning Blood","Pear","Bag of Marbles","Whetstone","Pantograph","Black Star","Ornamental Fan"],"potions_floor_usage":[7,7,16,16,20],"damage_taken":[{"damage":9,"enemies":"Jaw Worm","floor":1,"turns":4},{"damage":0,"enemies":"2 Louse","floor":2,"turns":4},{"damage":2,"enemies":"Cultist","floor":3,"turns":5},{"damage":4,"enemies":"3 Louse","floor":4,"turns":5},{"damage":8,"enemies":"Exordium Thugs","floor":5,"turns":8},{"damage":21,"enemies":"Gremlin Nob","floor":7,"turns":5},{"damage":0,"enemies":"Exordium Wildlife","floor":8,"turns":5},{"damage":11,"enemies":"3 Sentries","floor":11,"turns":10},{"damage":3,"enemies":"Large Slime","floor":14,"turns":8},{"damage":30,"enemies":"Slime Boss","floor":16,"turns":13},{"damage":53,"enemies":"3 Byrds","floor":18,"turns":9},{"damage":15,"enemies":"Shell Parasite","floor":20,"turns":7},{"damage":29,"enemies":"Slavers","floor":23,"turns":3}],"seed_played":"-7875639043075665516","potions_obtained":[{"floor":1,"key":"Strength Potion"},{"floor":2,"key":"Ancient Potion"},{"floor":4,"key":"Fire Potion"},{"floor":5,"key":"Swift Potion"},{"floor":11,"key":"LiquidBronze"},{"floor":14,"key":"LiquidBronze"},{"floor":18,"key":"AttackPotion"}],"is_trial":false,"path_per_floor":["M","M","M","M","M","R","E","M","T","R","E","R","?","M","R","B",null,"M","$","M","?","?","E"],"character_chosen":"IRONCLAD","items_purchased":["Ornamental Fan","Inflame"],"campfire_rested":0,"item_purchase_floors":[19,19],"current_hp_per_floor":[77,80,80,80,78,78,73,79,79,79,74,74,74,77,77,66,84,37,37,28,28,28,0],"gold":0,"neow_bonus":"TRANSFORM_TWO_CARDS","is_prod":false,"is_daily":false,"chose_seed":false,"campfire_upgraded":4,"win_rate":0,"timestamp":1559005180,"path_taken":["M","M","M","M","M","R","E","M","T","R","E","R","?","M","R","BOSS","M","$","M","?","?","E"],"build_version":"2019-01-23","purchased_purges":0,"victory":false,"max_hp_per_floor":[80,80,80,80,80,80,90,90,90,90,90,90,90,90,90,90,90,90,90,90,90,90,90],"card_choices":[{"not_picked":["Havoc","Rampage"],"picked":"Metallicize","floor":1},{"not_picked":["Second Wind","Clash","Perfected Strike"],"picked":"SKIP","floor":2},{"not_picked":["Evolve","Havoc","Warcry"],"picked":"SKIP","floor":3},{"not_picked":["Clothesline","Carnage"],"picked":"True Grit","floor":4},{"not_picked":["Clash","Ghostly Armor"],"picked":"Thunderclap","floor":5},{"not_picked":["Body Slam","Wild Strike"],"picked":"Feel No Pain","floor":7},{"not_picked":["Evolve","Anger"],"picked":"Infernal Blade","floor":8},{"not_picked":["Bloodletting","Searing Blow"],"picked":"Intimidate","floor":11},{"not_picked":["Anger","Sever Soul"],"picked":"Burning Pact","floor":14},{"not_picked":["Berserk","Brutality"],"picked":"Barricade","floor":16},{"not_picked":["Shockwave","Clothesline"],"picked":"Dropkick","floor":18},{"not_picked":["Cleave","Havoc"],"picked":"Armaments+1","floor":20}],"player_experience":219171,"relics_obtained":[{"floor":7,"key":"Pear"},{"floor":9,"key":"Bag of Marbles"},{"floor":11,"key":"Whetstone"}],"event_choices":[{"damage_healed":0,"gold_gain":30,"player_choice":"Searched \u00273\u0027 times","damage_taken":0,"relics_obtained":["Pantograph"],"max_hp_gain":0,"max_hp_loss":0,"event_name":"Dead Adventurer","floor":13,"gold_loss":0},{"damage_healed":0,"gold_gain":0,"player_choice":"Smashed Altar","damage_taken":0,"max_hp_gain":0,"max_hp_loss":0,"event_name":"Forgotten Altar","floor":21,"gold_loss":0,"cards_obtained":["Decay"]},{"damage_healed":0,"gold_gain":0,"player_choice":"Paid Fearfully","damage_taken":0,"max_hp_gain":0,"max_hp_loss":0,"event_name":"Masked Bandits","floor":22,"gold_loss":51}],"is_beta":false,"boss_relics":[{"not_picked":["Black Blood","Runic Cube"],"picked":"Black Star"}],"items_purged_floors":[],"is_endless":false,"potions_floor_spawned":[1,2,4,5,11,14,18],"killed_by":"Slavers","ascension_level":5}