{"gold_per_floor":[115,135,152,215,235,267,282,282,282,301,139,151,151,169,169,266,266,286,201,211,225,244,244,275,275,302,302,12,12,12,12,12,12],"floor_reached":33,"playtime":2396,"items_purged":[],"score":294,"play_id":"07506083-0a31-4bef-8afe-fdc669c1f52b","local_time":"20190719161618","is_ascension_mode":false,"campfire_choices":[{"floor":13.0,"key":"REST"},{"data":"Corpse Explosion","floor":15.0,"key":"SMITH"},{"floor":23.0,"key":"REST"},{"floor":25.0,"key":"REST"},{"data":"A Thousand Cuts","floor":27.0,"key":"SMITH"},{"data":"Sucker Punch","floor":32.0,"key":"SMITH"}],"neow_cost":"NONE","seed_source_timestamp":0,"circlet_count":0,"master_deck":["Strike_G","Strike_G","Strike_G","Defend_G","Defend_G","Defend_G","Defend_G","Defend_G","Survivor","Neutralize","Outmaneuver","Poisoned Stab","All Out Attack","Endless Agony","Footwork","Bullet Time","Escape Plan","Corpse Explosion+1","Prepared","Endless Agony","A Thousand Cuts+1","Predator+1","Distraction","Skewer","All Out Attack","Terror","Ghostly","Ghostly","Ghostly","Ghostly","Ghostly","Sucker Punch+1","Riddle With Holes","Writhe"],"special_seed":0,"relics":["Ring of the Serpent","NeowsBlessing","PreservedInsect","Boot","Lantern","Blood Vial","Kunai","Bronze Scales","Ice Cream","Pen Nib"],"potions_floor_usage":[],"damage_taken":[{"damage":0.0,"enemies":"Cultist","floor":1.0,"turns":1.0},{"damage":0.0,"enemies":"Jaw Worm","floor":2.0,"turns":1.0},{"damage":0.0,"enemies":"Small Slimes","floor":3.0,"turns":1.0},{"damage":5.0,"enemies":"2 Fungi Beasts","floor":5.0,"turns":5.0},{"damage":20.0,"enemies":"3 Sentries","floor":6.0,"turns":6.0},{"damage":5.0,"enemies":"Blue Slaver","floor":7.0,"turns":4.0},{"damage":2.0,"enemies":"Looter","floor":10.0,"turns":4.0},{"damage":0.0,"enemies":"2 Fungi Beasts","floor":12.0,"turns":2.0},{"damage":0.0,"enemies":"3 Louse","floor":14.0,"turns":1.0},{"damage":15.0,"enemies":"Hexaghost","floor":16.0,"turns":9.0},{"damage":17.0,"enemies":"2 Thieves","floor":18.0,"turns":3.0},{"damage":0.0,"enemies":"3 Byrds","floor":20.0,"turns":2.0},{"damage":25.0,"enemies":"Snake Plant","floor":21.0,"turns":4.0},{"damage":16.0,"enemies":"Snecko","floor":22.0,"turns":5.0},{"damage":30.0,"enemies":"Gremlin Leader","floor":24.0,"turns":6.0},{"damage":39,"enemies":"Automaton","floor":33,"turns":6}],"seed_played":"8688359383234580143","potions_obtained":[{"floor":2.0,"key":"EssenceOfSteel"},{"floor":3.0,"key":"SpeedPotion"},{"floor":6.0,"key":"PowerPotion"},{"floor":12.0,"key":"Dexterity Potion"},{"floor":16.0,"key":"LiquidBronze"},{"floor":21.0,"key":"EssenceOfSteel"}],"is_trial":false,"path_per_floor":["M","M","M","?","M","E","M","T","T","M","$","M","R","M","R","B",null,"M","?","M","M","M","R","E","R","T","R","$","?","?","?","R","B"],"character_chosen":"THE_SILENT","items_purchased":["Corpse Explosion","Ice Cream"],"campfire_rested":3,"item_purchase_floors":[11,28],"current_hp_per_floor":[70,70,70,70,65,45,40,40,40,38,38,38,59,59,59,44,70,53,53,55,32,18,39,11,32,32,32,32,32,32,32,32,0],"gold":12,"neow_bonus":"THREE_ENEMY_KILL","is_prod":false,"is_daily":false,"chose_seed":false,"campfire_upgraded":3,"win_rate":0.0,"timestamp":1563567378,"path_taken":["M","M","M","?","M","E","M","?","T","M","$","M","R","M","R","BOSS","M","?","M","M","M","R","E","R","T","R","$","?","?","?","R","BOSS"],"build_version":"2019-07-17","purchased_purges":0,"victory":false,"max_hp_per_floor":[70,70,70,70,70,70,70,70,70,70,70,70,70,70,70,70,70,70,70,70,70,70,70,70,70,70,70,70,35,35,35,35,35],"card_choices":[{"not_picked":["Poisoned Stab","Heel Hook"],"picked":"Outmaneuver","floor":1.0},{"not_picked":["Blade Dance","Bane"],"picked":"Poisoned Stab","floor":2.0},{"not_picked":["Flechettes","Acrobatics"],"picked":"All Out Attack","floor":3.0},{"not_picked":["Terror","Prepared"],"picked":"Endless Agony","floor":5.0},{"not_picked":["Bane","Outmaneuver"],"picked":"Footwork","floor":6.0},{"not_picked":["Footwork","Bane"],"picked":"Bullet Time","floor":7.0},{"not_picked":["PiercingWail","Acrobatics"],"picked":"Escape Plan","floor":10.0},{"not_picked":["Finisher","Underhanded Strike"],"picked":"Prepared","floor":12.0},{"not_picked":["Backflip","PiercingWail"],"picked":"Endless Agony","floor":14.0},{"not_picked":["Wraith Form v2","Die Die Die"],"picked":"A Thousand Cuts","floor":16.0},{"not_picked":["All Out Attack","PiercingWail"],"picked":"Predator+1","floor":18.0},{"not_picked":["Quick Slash","Sucker Punch"],"picked":"Distraction","floor":20.0},{"not_picked":["Predator","Outmaneuver+1"],"picked":"Skewer","floor":21.0},{"not_picked":["Acrobatics","Sucker Punch"],"picked":"All Out Attack","floor":22.0},{"not_picked":["Blade Dance","Masterful Stab"],"picked":"Terror","floor":24.0}],"player_experience":63687,"relics_obtained":[{"floor":6.0,"key":"PreservedInsect"},{"floor":8.0,"key":"Boot"},{"floor":9.0,"key":"Lantern"},{"floor":24.0,"key":"Kunai"},{"floor":26.0,"key":"Bronze Scales"}],"event_choices":[{"damage_healed":0.0,"max_hp_gain":0.0,"max_hp_loss":0.0,"gold_gain":63.0,"event_name":"Golden Wing","player_choice":"Gained Gold","floor":4.0,"gold_loss":0.0,"damage_taken":0.0},{"damage_healed":0.0,"max_hp_gain":0.0,"max_hp_loss":0.0,"gold_gain":0.0,"event_name":"Addict","player_choice":"Obtained Relic","floor":19.0,"gold_loss":85.0,"damage_taken":0.0,"relics_obtained":["Blood Vial"]},{"damage_healed":0.0,"max_hp_gain":0.0,"max_hp_loss":35.0,"gold_gain":0.0,"event_name":"Ghosts","player_choice":"Became a Ghost","floor":29.0,"gold_loss":0.0,"damage_taken":0.0,"cards_obtained":["Ghostly","Ghostly","Ghostly","Ghostly","Ghostly"]},{"damage_healed":0.0,"max_hp_gain":0.0,"max_hp_loss":0.0,"gold_gain":0.0,"cards_transformed":["Strike_G","Strike_G"],"event_name":"Drug Dealer","player_choice":"Became Test Subject","floor":30.0,"gold_loss":0.0,"damage_taken":0.0,"cards_obtained":["Sucker Punch","Riddle With Holes"]},{"damage_healed":0.0,"max_hp_gain":0.0,"max_hp_loss":0.0,"gold_gain":0.0,"event_name":"The Mausoleum","player_choice":"Opened","floor":31.0,"gold_loss":0.0,"damage_taken":0.0,"relics_obtained":["Pen Nib"],"cards_obtained":["Writhe"]}],"is_beta":false,"boss_relics":[{"not_picked":["Orrery","Eternal Feather"],"picked":"Ring of the Serpent"}],"items_purged_floors":[],"is_endless":false,"potions_floor_spawned":[2,3,6,12,16,21],"killed_by":"Automaton","ascension_level":0}