{"gold_per_floor":[111,111,111,131,131,131,148,166,220,220,250,250,250,268,268,399,399,414,67,67,67,67,67,91,111,161,186,186,202,218,237,237,363,363,388,6,6,20,33,33,57,57,130,27,27,65,83,96,96,96],"floor_reached":51,"playtime":2373,"items_purged":["Amplify"],"score":733,"play_id":"31df95e7-1706-4a40-8068-11f3bbb2c64a","local_time":"20190731020943","is_ascension_mode":false,"campfire_choices":[{"data":"Zap","floor":6.0,"key":"SMITH"},{"data":"Chaos","floor":10.0,"key":"SMITH"},{"data":"Feed","floor":13.0,"key":"SMITH"},{"data":"Dualcast","floor":15.0,"key":"SMITH"},{"data":"Tempest","floor":23.0,"key":"SMITH"},{"floor":28.0,"key":"REST"},{"floor":32.0,"key":"REST"},{"data":"Tempest","floor":40.0,"key":"SMITH"},{"data":"Noxious Fumes","floor":45.0,"key":"SMITH"},{"floor":49,"key":"REST"}],"neow_cost":"NONE","seed_source_timestamp":9527405804299,"circlet_count":0,"master_deck":["Zap+1","Dualcast+1","Leap","Chaos+1","Feed+1","Sweeping Beam","Glacier","Rebound","Electrodynamics","Capacitor","Tempest+1","Tempest+1","FTL","Cold Snap","Steam Power","Hello World+1","Ball Lightning","Bouncing Flask","Noxious Fumes+1","PiercingWail","Finesse","Apotheosis","Compile Driver","Dagger Spray+1","Double Tap+1","Dark Shackles+1"],"special_seed":0,"relics":["Cracked Core","Oddly Smooth Stone","Boot","Turnip","Golden Idol","Pandora\u0027s Box","Juzu Bracelet","PrismaticShard","Centennial Puzzle","Velvet Choker","FossilizedHelix","Toxic Egg 2","Bottled Flame"],"potions_floor_usage":[46,46,48,50,50,50,50],"damage_taken":[{"damage":0.0,"enemies":"Small Slimes","floor":1.0,"turns":3.0},{"damage":1.0,"enemies":"2 Louse","floor":4.0,"turns":3.0},{"damage":0.0,"enemies":"Cultist","floor":7.0,"turns":3.0},{"damage":6.0,"enemies":"Looter","floor":8.0,"turns":4.0},{"damage":4.0,"enemies":"3 Sentries","floor":11.0,"turns":6.0},{"damage":4.0,"enemies":"Exordium Wildlife","floor":14.0,"turns":3.0},{"damage":31.0,"enemies":"The Guardian","floor":16.0,"turns":10.0},{"damage":11.0,"enemies":"Chosen","floor":18.0,"turns":6.0},{"damage":0.0,"enemies":"Spheric Guardian","floor":24.0,"turns":3.0},{"damage":6.0,"enemies":"Chosen and Byrds","floor":25.0,"turns":4.0},{"damage":12.0,"enemies":"Sentry and Sphere","floor":27.0,"turns":5.0},{"damage":21.0,"enemies":"Snake Plant","floor":29.0,"turns":3.0},{"damage":10.0,"enemies":"Cultist and Chosen","floor":30.0,"turns":3.0},{"damage":20.0,"enemies":"Centurion and Healer","floor":31.0,"turns":3.0},{"damage":38.0,"enemies":"Champ","floor":33.0,"turns":11.0},{"damage":23.0,"enemies":"Orb Walker","floor":35.0,"turns":5.0},{"damage":0.0,"enemies":"3 Darklings","floor":37.0,"turns":2.0},{"damage":20.0,"enemies":"Jaw Worm Horde","floor":38.0,"turns":4.0},{"damage":0.0,"enemies":"Writhing Mass","floor":39.0,"turns":5.0},{"damage":0.0,"enemies":"Transient","floor":41.0,"turns":5.0},{"damage":58,"enemies":"Giant Head","floor":46,"turns":9},{"damage":16,"enemies":"Maw","floor":47,"turns":6},{"damage":5,"enemies":"Sphere and 2 Shapes","floor":48,"turns":3},{"damage":16,"enemies":"Time Eater","floor":50,"turns":13}],"seed_played":"-1747479191609571640","potions_obtained":[{"floor":7.0,"key":"FocusPotion"},{"floor":14.0,"key":"Regen Potion"},{"floor":16.0,"key":"PowerPotion"},{"floor":18.0,"key":"EssenceOfSteel"},{"floor":30.0,"key":"SmokeBomb"},{"floor":38.0,"key":"AttackPotion"},{"floor":39.0,"key":"FearPotion"},{"floor":47,"key":"Fire Potion"}],"is_trial":false,"path_per_floor":["M","?","?","M","?","R","M","M","T","R","E","?","R","M","R","B",null,"M","$","?","?","?","R","M","M","T","M","R","M","M","M","R","B",null,"M","$","M","M","M","R","M","?","T","$","R","E","M","M","R","B",null],"character_chosen":"DEFECT","items_purchased":["Juzu Bracelet","PrismaticShard","FossilizedHelix","EntropicBrew"],"campfire_rested":3,"item_purchase_floors":[19,19,36,44],"current_hp_per_floor":[75,68,56,55,55,55,58,55,55,55,54,54,54,54,54,27,86,75,75,75,75,75,75,79,77,77,65,93,76,70,54,85,47,106,83,83,83,67,71,71,71,71,71,71,71,28,16,11,46,30],"gold":96,"neow_bonus":"ONE_RANDOM_RARE_CARD","is_prod":false,"is_daily":false,"chose_seed":false,"campfire_upgraded":7,"win_rate":0,"timestamp":1564560583,"path_taken":["M","?","?","M","?","R","?","M","T","R","E","?","R","M","R","BOSS","M","$","?","?","?","R","M","M","T","M","R","M","M","M","R","BOSS","M","$","M","M","M","R","M","?","T","$","R","E","M","M","R","BOSS"],"build_version":"2019-07-17","purchased_purges":1,"victory":true,"max_hp_per_floor":[75,75,75,75,75,75,78,81,81,81,84,78,78,82,82,86,86,86,86,86,86,86,86,90,94,94,94,94,98,102,106,106,106,106,106,106,106,110,114,114,114,114,114,114,114,114,118,118,118,118],"card_choices":[{"not_picked":["Leap","Auto Shields","Turbo"],"picked":"SKIP","floor":1.0},{"not_picked":["Auto Shields","Turbo"],"picked":"Leap","floor":1.0},{"not_picked":["Go for the Eyes","Cold Snap"],"picked":"Chaos","floor":4.0},{"not_picked":["Go for the Eyes","Barrage"],"picked":"Sweeping Beam","floor":7.0},{"not_picked":["Fusion","Compile Driver","FTL"],"picked":"SKIP","floor":8.0},{"not_picked":["Force Field","Rebound"],"picked":"Glacier","floor":11.0},{"not_picked":["Cold Snap","Meteor Strike"],"picked":"Rebound","floor":14.0},{"not_picked":["Multi-Cast","Fission"],"picked":"Electrodynamics","floor":16.0},{"not_picked":["Barrage","Leap"],"picked":"Hello World+1","floor":18.0},{"not_picked":["Coolheaded","Dodge and Roll"],"picked":"Bouncing Flask","floor":24.0},{"not_picked":["Go for the Eyes","Melter+1"],"picked":"Noxious Fumes","floor":25.0},{"not_picked":["Clothesline","Flechettes","Rampage+1"],"picked":"SKIP","floor":27.0},{"not_picked":["Masterful Stab+1","Wild Strike"],"picked":"PiercingWail","floor":29.0},{"not_picked":["Consume","Expertise"],"picked":"The Bomb","floor":30.0},{"not_picked":["Anger","PiercingWail"],"picked":"Finesse","floor":31.0},{"not_picked":["Secret Weapon","Creative AI"],"picked":"Apotheosis","floor":33.0},{"not_picked":["Bane+1","Heavy Blade+1"],"picked":"Compile Driver","floor":35.0},{"not_picked":["Dodge and Roll","Sever Soul"],"picked":"Dagger Spray+1","floor":38.0},{"not_picked":["Prepared+1","Warcry+1","Feel No Pain"],"picked":"SKIP","floor":39.0},{"not_picked":["Redo","Self Repair+1","Masterful Stab+1"],"picked":"SKIP","floor":41.0},{"not_picked":["Jack Of All Trades+1","Dash+1"],"picked":"Double Tap+1","floor":46},{"not_picked":["Perfected Strike","Twin Strike","Carnage+1"],"picked":"SKIP","floor":47},{"not_picked":["Predator","Hologram+1"],"picked":"Dark Shackles+1","floor":48}],"player_experience":1601685,"relics_obtained":[{"floor":9.0,"key":"Boot"},{"floor":11.0,"key":"Turnip"},{"floor":26.0,"key":"Centennial Puzzle"},{"floor":43.0,"key":"Toxic Egg 2"},{"floor":46,"key":"Bottled Flame"}],"event_choices":[{"cards_removed":["Amplify"],"damage_healed":0.0,"max_hp_gain":0.0,"max_hp_loss":0.0,"gold_gain":0.0,"event_name":"Golden Wing","player_choice":"Card Removal","floor":2.0,"gold_loss":0.0,"damage_taken":7.0},{"damage_healed":0.0,"max_hp_gain":0.0,"max_hp_loss":0.0,"gold_gain":0.0,"event_name":"Scrap Ooze","player_choice":"Success","floor":3.0,"gold_loss":0.0,"damage_taken":12.0,"relics_obtained":["Oddly Smooth Stone"]},{"cards_removed":["Strike_B"],"damage_healed":0.0,"max_hp_gain":0.0,"max_hp_loss":0.0,"gold_gain":0.0,"event_name":"NoteForYourself","player_choice":"Took Card","floor":5.0,"gold_loss":0.0,"damage_taken":0.0,"cards_obtained":["Feed"]},{"damage_healed":0.0,"max_hp_gain":0.0,"max_hp_loss":6.0,"gold_gain":0.0,"event_name":"Golden Idol","player_choice":"Lose Max HP","floor":12.0,"gold_loss":0.0,"damage_taken":0.0,"relics_obtained":["Golden Idol"]},{"damage_healed":0.0,"max_hp_gain":0.0,"max_hp_loss":0.0,"gold_gain":0.0,"event_name":"Ghosts","player_choice":"Ignored","floor":20.0,"gold_loss":0.0,"damage_taken":0.0},{"damage_healed":0.0,"max_hp_gain":0.0,"max_hp_loss":0.0,"gold_gain":0.0,"event_name":"The Library","player_choice":"Read","floor":21.0,"gold_loss":0.0,"damage_taken":0.0,"cards_obtained":["Ball Lightning"]},{"damage_healed":0.0,"max_hp_gain":0.0,"max_hp_loss":0.0,"gold_gain":0.0,"event_name":"Vampires","player_choice":"Ignored","floor":22.0,"gold_loss":0.0,"damage_taken":0.0},{"cards_removed":["The Bomb"],"damage_healed":0.0,"max_hp_gain":0.0,"max_hp_loss":0.0,"gold_gain":0.0,"event_name":"Purifier","player_choice":"Purged","floor":42.0,"gold_loss":0.0,"damage_taken":0.0}],"is_beta":false,"boss_relics":[{"not_picked":["Orrery","Lizard Tail"],"picked":"Pandora\u0027s Box"},{"not_picked":["Inserter","Snecko Eye"],"picked":"Velvet Choker"}],"items_purged_floors":[36],"is_endless":false,"potions_floor_spawned":[7,14,16,18,25,27,30,37,38,39,47],"ascension_level":0}