{"gold_per_floor":[117,137,137,149,22,22,48,75,98,173,192,223,223,241,241,336,336,355,371,385,310,1,1],"floor_reached":23,"playtime":1924,"items_purged":["Strike_R"],"score":322,"play_id":"218a3aa8-f9a3-426f-b818-ec7dd68829e4","local_time":"20190625190427","is_ascension_mode":true,"campfire_choices":[{"data":"Disarm","floor":6,"key":"SMITH"},{"data":"Feel No Pain","floor":13,"key":"SMITH"},{"data":"Inflame","floor":15,"key":"SMITH"}],"neow_cost":"NONE","seed_source_timestamp":515738477992481,"circlet_count":0,"master_deck":["AscendersBane","Strike_R","Strike_R","Defend_R","Defend_R","Defend_R","Defend_R","Bash","Corruption","Pummel","Evolve","Disarm+1","Inflame+1","Shrug It Off","Combust","Feel No Pain+1","Twin Strike","Juggernaut","Headbutt","Pommel Strike","Spot Weakness","Inflame"],"relics":["Burning Blood","NeowsBlessing","Bag of Preparation","Lantern","Orichalcum","Strawberry","Runic Cube","Strange Spoon"],"potions_floor_usage":[11,16,20,23],"damage_taken":[{"damage":0,"enemies":"Cultist","floor":1,"turns":1},{"damage":0,"enemies":"Small Slimes","floor":2,"turns":1},{"damage":0,"enemies":"Jaw Worm","floor":4,"turns":1},{"damage":45,"enemies":"3 Sentries","floor":7,"turns":11},{"damage":0,"enemies":"Large Slime","floor":11,"turns":7},{"damage":13,"enemies":"Lagavulin","floor":12,"turns":7},{"damage":15,"enemies":"Exordium Wildlife","floor":14,"turns":4},{"damage":7,"enemies":"Hexaghost","floor":16,"turns":10},{"damage":10,"enemies":"Chosen","floor":18,"turns":5},{"damage":30,"enemies":"2 Thieves","floor":19,"turns":4},{"damage":15,"enemies":"Centurion and Healer","floor":20,"turns":6},{"damage":48,"enemies":"Slavers","floor":23,"turns":3}],"seed_played":"-3006077335337793009","potions_obtained":[{"floor":7,"key":"FearPotion"},{"floor":14,"key":"Weak Potion"},{"floor":18,"key":"EssenceOfSteel"},{"floor":19,"key":"Regen Potion"}],"is_trial":false,"path_per_floor":["M","M","?","M","$","R","E","T","T","?","M","E","R","M","R","B",null,"M","M","M","?","$","E"],"character_chosen":"IRONCLAD","items_purchased":["Inflame","SteroidPotion","Strange Spoon","Inflame"],"campfire_rested":0,"item_purchase_floors":[5,5,22,22],"current_hp_per_floor":[78,80,80,80,80,80,41,41,41,30,36,36,36,27,27,26,72,68,44,35,35,35,0],"gold":1,"neow_bonus":"THREE_ENEMY_KILL","is_prod":false,"is_daily":false,"chose_seed":false,"campfire_upgraded":3,"win_rate":0,"timestamp":1561507467,"path_taken":["M","?","?","M","$","R","E","?","T","?","M","E","R","M","R","BOSS","M","M","M","?","$","E"],"build_version":"2019-01-23","purchased_purges":1,"victory":false,"max_hp_per_floor":[80,80,80,80,80,80,80,80,80,80,80,87,87,87,87,87,87,87,87,87,87,87,87],"card_choices":[{"not_picked":["Pommel Strike","Cleave"],"picked":"Corruption","floor":1},{"not_picked":["Heavy Blade","Warcry"],"picked":"Pummel","floor":2},{"not_picked":["Flame Barrier","Flex"],"picked":"Disarm","floor":4},{"not_picked":["Twin Strike","Iron Wave"],"picked":"Shrug It Off","floor":7},{"not_picked":["Burning Pact","Havoc"],"picked":"Combust","floor":11},{"not_picked":["Exhume","Anger"],"picked":"Feel No Pain","floor":12},{"not_picked":["Reckless Charge","Pummel"],"picked":"Twin Strike","floor":14},{"not_picked":["Dark Embrace","Demon Form"],"picked":"Juggernaut","floor":16},{"not_picked":["Heavy Blade","Twin Strike"],"picked":"Headbutt","floor":18},{"not_picked":["Clothesline","Bloodletting"],"picked":"Pommel Strike","floor":19},{"not_picked":["Intimidate","Warcry"],"picked":"Spot Weakness","floor":20}],"player_experience":399407,"relics_obtained":[{"floor":7,"key":"Bag of Preparation"},{"floor":8,"key":"Lantern"},{"floor":9,"key":"Orichalcum"},{"floor":12,"key":"Strawberry"}],"event_choices":[{"damage_healed":0,"gold_gain":0,"cards_transformed":["Strike_R"],"player_choice":"Change","damage_taken":0,"max_hp_gain":0,"max_hp_loss":0,"event_name":"Living Wall","floor":3,"gold_loss":0,"cards_obtained":["Evolve"]},{"damage_healed":0,"gold_gain":75,"player_choice":"Gather Gold","damage_taken":11,"max_hp_gain":0,"max_hp_loss":0,"event_name":"World of Goop","floor":10,"gold_loss":0},{"cards_removed":["Strike_R"],"damage_healed":0,"gold_gain":0,"player_choice":"Gave Gold","damage_taken":0,"max_hp_gain":0,"max_hp_loss":0,"event_name":"Beggar","floor":21,"gold_loss":75}],"is_beta":false,"boss_relics":[{"not_picked":["Runic Dome","Tiny House"],"picked":"Runic Cube"}],"items_purged_floors":[22],"is_endless":false,"potions_floor_spawned":[7,14,18,19],"killed_by":"Slavers","ascension_level":12}