{"gold_per_floor":[119,119,119,29,46,46,71,71,96,124,124,150,160,175,175,175],"floor_reached":16,"playtime":527,"items_purged":[],"score":272,"play_id":"56c35487-4ba5-4259-9049-91e2b6ac1ab4","local_time":"20190712173034","is_ascension_mode":true,"campfire_choices":[{"data":"Bash","floor":6,"key":"SMITH"},{"data":"Feel No Pain","floor":8,"key":"SMITH"},{"data":"Offering","floor":11,"key":"SMITH"},{"data":"Havoc","floor":15,"key":"SMITH"}],"neow_cost":"NONE","seed_source_timestamp":170727832886995,"circlet_count":0,"master_deck":["AscendersBane","Strike_R","Strike_R","Strike_R","Strike_R","Defend_R","Defend_R","Defend_R","Defend_R","Bash+1","Inflame+1","Feel No Pain+1","Headbutt","Feel No Pain","Offering+1","Iron Wave","Rupture","Havoc+1"],"relics":["Burning Blood","NeowsBlessing","Bottled Tornado","Regal Pillow","Peace Pipe","Thread and Needle"],"potions_floor_usage":[10,16],"damage_taken":[{"damage":0,"enemies":"Jaw Worm","floor":1,"turns":1},{"damage":0,"enemies":"Small Slimes","floor":5,"turns":1},{"damage":0,"enemies":"Lagavulin","floor":7,"turns":2},{"damage":37,"enemies":"Gremlin Nob","floor":10,"turns":5},{"damage":22,"enemies":"3 Sentries","floor":12,"turns":14},{"damage":0,"enemies":"Cultist","floor":13,"turns":4},{"damage":20,"enemies":"Exordium Wildlife","floor":14,"turns":5},{"damage":25,"enemies":"Hexaghost","floor":16,"turns":7}],"seed_played":"5075757094632487184","potions_obtained":[{"floor":5,"key":"Dexterity Potion"},{"floor":7,"key":"Block Potion"}],"is_trial":false,"path_per_floor":["M","?","?","$","M","R","E","R","T","E","R","E","M","M","R","B"],"character_chosen":"IRONCLAD","items_purchased":["Feel No Pain"],"campfire_rested":0,"item_purchase_floors":[4],"current_hp_per_floor":[74,67,67,67,73,73,75,75,75,44,44,28,34,20,20,0],"gold":175,"neow_bonus":"THREE_ENEMY_KILL","is_prod":false,"is_daily":false,"chose_seed":false,"campfire_upgraded":4,"win_rate":0,"timestamp":1562970634,"path_taken":["M","?","?","$","M","R","E","R","T","E","R","E","?","M","R","BOSS"],"build_version":"2019-07-05","purchased_purges":0,"victory":false,"max_hp_per_floor":[75,75,75,75,75,75,75,75,75,75,75,75,75,75,75,75],"card_choices":[{"not_picked":["Perfected Strike","Iron Wave"],"picked":"Inflame","floor":1},{"not_picked":["Perfected Strike","Iron Wave"],"picked":"Headbutt","floor":5},{"not_picked":["Clothesline","Sever Soul"],"picked":"Feel No Pain","floor":7},{"not_picked":["Blood for Blood","True Grit"],"picked":"Offering","floor":10},{"not_picked":["Sever Soul","Anger"],"picked":"Iron Wave","floor":12},{"not_picked":["Pummel","Reckless Charge"],"picked":"Rupture","floor":13},{"not_picked":["Searing Blow","Flame Barrier"],"picked":"Havoc","floor":14}],"player_experience":476450,"relics_obtained":[{"floor":7,"key":"Bottled Tornado"},{"floor":9,"key":"Regal Pillow"},{"floor":10,"key":"Peace Pipe"},{"floor":12,"key":"Thread and Needle"}],"event_choices":[{"cards_removed":["Strike_R"],"damage_healed":0,"gold_gain":0,"player_choice":"Card Removal","damage_taken":7,"max_hp_gain":0,"max_hp_loss":0,"event_name":"Golden Wing","floor":2,"gold_loss":0},{"damage_healed":0,"gold_gain":0,"player_choice":"Upgraded","damage_taken":0,"max_hp_gain":0,"max_hp_loss":0,"event_name":"Upgrade Shrine","floor":3,"gold_loss":0,"cards_upgraded":["Inflame"]}],"is_beta":false,"boss_relics":[],"items_purged_floors":[],"is_endless":false,"potions_floor_spawned":[5,7],"killed_by":"Hexaghost","ascension_level":18}