{"gold_per_floor":[110,130,130,150,160,160,191,204,229,247,247,281,1,1,1,106,106,120,120,120,138,156,187,200,218,218,218,236,265,298,298,298,401,401,413,3,23,245,265,265,12,22,22,122,122,138,173,188,188,188,188,188,42,74,74],"floor_reached":55,"playtime":6586,"items_purged":["Strike_R","Strike_R"],"score":787,"play_id":"b5368e46-eb1e-4a56-8d77-8e1a8b75d79a","local_time":"20190516204026","is_ascension_mode":true,"campfire_choices":[{"data":"Armaments","floor":6,"key":"SMITH"},{"data":"Demon Form","floor":11,"key":"SMITH"},{"floor":15,"key":"REST"},{"data":"Heavy Blade","floor":27,"key":"SMITH"},{"floor":32,"key":"REST"},{"floor":40,"key":"RECALL"},{"data":"Flame Barrier","floor":45,"key":"SMITH"},{"floor":49,"key":"REST"},{"data":"Bloodletting","floor":52,"key":"SMITH"}],"neow_cost":"NONE","seed_source_timestamp":49264080812943,"circlet_count":0,"master_deck":["Strike_R+1","Defend_R","Defend_R","Defend_R+1","Defend_R+1","Bash","Second Wind","Heavy Blade+1","Thunderclap","Armaments+1","Shrug It Off","Demon Form+1","Cleave","Sword Boomerang","Disarm","Dark Embrace","Flex+1","Bloodletting+1","Spot Weakness","Flex","Uppercut","Rage+1","Hemokinesis+1","Double Tap","Combust+1","Flame Barrier+1","Dropkick","Dual Wield","Feel No Pain+1"],"relics":["Burning Blood","Champion Belt","War Paint","Bronze Scales","Pen Nib","Vajra","Snecko Eye","Happy Flower","Gambling Chip","Red Mask","Omamori","Lizard Tail","Ornamental Fan","Kunai","Unceasing Top","Blood Vial","Whetstone","Calipers"],"potions_floor_usage":[8,12,16,33,33,35,46,50,50],"damage_taken":[{"damage":0,"enemies":"Small Slimes","floor":1,"turns":3},{"damage":6,"enemies":"Jaw Worm","floor":2,"turns":4},{"damage":0,"enemies":"2 Louse","floor":4,"turns":3},{"damage":9,"enemies":"Gremlin Gang","floor":5,"turns":5},{"damage":28,"enemies":"3 Sentries","floor":7,"turns":9},{"damage":24,"enemies":"3 Louse","floor":8,"turns":4},{"damage":17,"enemies":"Large Slime","floor":10,"turns":7},{"damage":12,"enemies":"Gremlin Nob","floor":12,"turns":5},{"damage":16,"enemies":"The Guardian","floor":16,"turns":10},{"damage":9,"enemies":"2 Thieves","floor":18,"turns":4},{"damage":0,"enemies":"Spheric Guardian","floor":21,"turns":4},{"damage":5,"enemies":"Chosen and Byrds","floor":22,"turns":3},{"damage":28,"enemies":"Slavers","floor":23,"turns":4},{"damage":10,"enemies":"Centurion and Healer","floor":24,"turns":5},{"damage":18,"enemies":"Cultist and Chosen","floor":25,"turns":5},{"damage":1,"enemies":"Snake Plant","floor":28,"turns":2},{"damage":0,"enemies":"Masked Bandits","floor":29,"turns":2},{"damage":19,"enemies":"Gremlin Leader","floor":30,"turns":4},{"damage":63,"enemies":"Collector","floor":33,"turns":6},{"damage":32,"enemies":"3 Darklings","floor":35,"turns":5},{"damage":8,"enemies":"Orb Walker","floor":37,"turns":3},{"damage":13,"enemies":"3 Darklings","floor":39,"turns":5},{"damage":0,"enemies":"Spire Growth","floor":42,"turns":4},{"damage":2,"enemies":"Mind Bloom Boss Battle","floor":44,"turns":4},{"damage":6,"enemies":"Transient","floor":46,"turns":5},{"damage":5,"enemies":"Nemesis","floor":47,"turns":5},{"damage":33,"enemies":"Jaw Worm Horde","floor":48,"turns":4},{"damage":37,"enemies":"Donu and Deca","floor":50,"turns":7},{"damage":18,"enemies":"Shield and Spear","floor":54,"turns":5},{"damage":129,"enemies":"The Heart","floor":55,"turns":6}],"seed_played":"-8058241639254157014","potions_obtained":[{"floor":1,"key":"EssenceOfSteel"},{"floor":7,"key":"SkillPotion"},{"floor":10,"key":"FairyPotion"},{"floor":24,"key":"SteroidPotion"},{"floor":25,"key":"Poison Potion"},{"floor":28,"key":"Strength Potion"},{"floor":33,"key":"PowerPotion"},{"floor":46,"key":"Energy Potion"},{"floor":47,"key":"FearPotion"}],"is_trial":false,"path_per_floor":["M","M","?","M","M","R","E","M","T","M","R","E","$","?","R","B",null,"M","?","?","M","M","E","M","M","T","R","M","?","E","?","R","B",null,"M","$","M","?","M","R","$","M","T","?","R","M","E","M","R","B",null,"R","$","E","B"],"character_chosen":"IRONCLAD","items_purchased":["Vajra","Block Potion","Ornamental Fan","Energy Potion","Kunai","Whetstone"],"campfire_rested":3,"item_purchase_floors":[13,13,36,36,41,53],"current_hp_per_floor":[80,80,77,80,77,77,55,37,37,26,26,20,20,20,44,34,80,77,77,69,75,76,54,50,38,38,38,43,49,36,36,60,14,80,54,54,52,52,45,45,45,51,51,55,55,55,56,31,55,26,80,80,80,68,0],"gold":74,"neow_bonus":"TRANSFORM_CARD","is_prod":false,"is_daily":false,"chose_seed":false,"campfire_upgraded":5,"win_rate":0,"timestamp":1558057226,"path_taken":["M","M","?","M","M","R","E","M","T","M","R","E","$","?","R","BOSS","M","?","?","M","M","E","M","?","T","R","M","?","E","?","R","BOSS","M","$","M","?","M","R","$","M","T","?","R","M","E","M","R","BOSS","R","$","E","BOSS"],"build_version":"2019-01-23","purchased_purges":2,"victory":false,"max_hp_per_floor":[80,80,80,80,80,80,80,80,80,80,80,80,80,80,80,80,80,80,80,80,80,80,80,80,80,80,80,80,80,80,80,80,80,80,80,80,80,80,80,80,80,80,80,80,80,80,80,80,80,80,80,80,80,80,80],"card_choices":[{"not_picked":["Pummel","Shrug It Off"],"picked":"Heavy Blade","floor":1},{"not_picked":["Reckless Charge","Heavy Blade"],"picked":"Thunderclap","floor":2},{"not_picked":["Perfected Strike","Body Slam"],"picked":"Armaments","floor":4},{"not_picked":["Thunderclap","Power Through"],"picked":"Shrug It Off","floor":5},{"not_picked":["Headbutt","Limit Break"],"picked":"Demon Form","floor":7},{"not_picked":["True Grit","Clothesline"],"picked":"Cleave","floor":8},{"not_picked":["Clash","Armaments"],"picked":"Sword Boomerang","floor":10},{"not_picked":["Infernal Blade","Twin Strike"],"picked":"Disarm","floor":12},{"not_picked":["Bludgeon","Berserk"],"picked":"Dark Embrace","floor":16},{"not_picked":["Infernal Blade","Pummel","Combust"],"picked":"SKIP","floor":18},{"not_picked":["Fire Breathing","Sword Boomerang"],"picked":"Flex+1","floor":21},{"not_picked":["Combust","Body Slam+1"],"picked":"Bloodletting","floor":22},{"not_picked":["Combust+1","Bloodletting"],"picked":"Spot Weakness","floor":23},{"not_picked":["Cleave","Twin Strike+1"],"picked":"Flex","floor":24},{"not_picked":["Cleave","Perfected Strike","Armaments"],"picked":"SKIP","floor":25},{"not_picked":["Blood for Blood","Heavy Blade"],"picked":"Uppercut","floor":28},{"not_picked":["Feel No Pain","Flex"],"picked":"Rage+1","floor":29},{"not_picked":["Heavy Blade","Twin Strike"],"picked":"Hemokinesis","floor":30},{"not_picked":["Berserk","Reaper"],"picked":"Double Tap","floor":33},{"not_picked":["Clash","Thunderclap+1","Rampage"],"picked":"SKIP","floor":35},{"not_picked":["Heavy Blade+1","Armaments"],"picked":"Combust+1","floor":37},{"not_picked":["Body Slam+1","Clothesline+1","Headbutt"],"picked":"SKIP","floor":39},{"not_picked":["Whirlwind+1","Barricade"],"picked":"Flame Barrier","floor":42},{"not_picked":["Sword Boomerang+1","Clash+1"],"picked":"Dropkick","floor":44},{"not_picked":["Uppercut+1","Fire Breathing+1"],"picked":"Dual Wield","floor":46},{"not_picked":["Searing Blow+1","Body Slam+1","Rampage"],"picked":"SKIP","floor":47},{"not_picked":["Warcry","Clothesline+1","Thunderclap"],"picked":"SKIP","floor":48},{"not_picked":["Headbutt+1","Sword Boomerang"],"picked":"Feel No Pain+1","floor":54}],"player_experience":76638,"relics_obtained":[{"floor":7,"key":"War Paint"},{"floor":9,"key":"Bronze Scales"},{"floor":12,"key":"Pen Nib"},{"floor":23,"key":"Happy Flower"},{"floor":26,"key":"Gambling Chip"},{"floor":29,"key":"Red Mask"},{"floor":30,"key":"Omamori"},{"floor":44,"key":"Unceasing Top"},{"floor":47,"key":"Blood Vial"},{"floor":54,"key":"Calipers"}],"event_choices":[{"damage_healed":0,"gold_gain":0,"player_choice":"Success","damage_taken":3,"relics_obtained":["Champion Belt"],"max_hp_gain":0,"max_hp_loss":0,"event_name":"Scrap Ooze","floor":3,"gold_loss":0},{"damage_healed":0,"gold_gain":0,"player_choice":"Ignored","damage_taken":0,"max_hp_gain":0,"max_hp_loss":0,"event_name":"Shining Light","floor":14,"gold_loss":0},{"cards_removed":["Strike_R"],"damage_healed":0,"gold_gain":0,"player_choice":"Elegance","damage_taken":0,"max_hp_gain":0,"max_hp_loss":0,"event_name":"Back to Basics","floor":19,"gold_loss":0},{"damage_healed":0,"gold_gain":0,"player_choice":"Damaged","damage_taken":8,"max_hp_gain":0,"max_hp_loss":0,"event_name":"Wheel of Change","floor":20,"gold_loss":0},{"damage_healed":0,"gold_gain":0,"player_choice":"Fought Bandits","damage_taken":0,"max_hp_gain":0,"max_hp_loss":0,"event_name":"Masked Bandits","floor":29,"gold_loss":0},{"damage_healed":0,"gold_gain":0,"player_choice":"Bought 0 Potions","damage_taken":0,"max_hp_gain":0,"max_hp_loss":0,"event_name":"The Woman in Blue","floor":31,"gold_loss":0},{"damage_healed":0,"gold_gain":222,"player_choice":"Wore Mask","damage_taken":0,"max_hp_gain":0,"max_hp_loss":0,"event_name":"Tomb of Lord Red Mask","floor":38,"gold_loss":0},{"damage_healed":0,"gold_gain":0,"player_choice":"Fight","damage_taken":0,"max_hp_gain":0,"max_hp_loss":0,"event_name":"MindBloom","floor":44,"gold_loss":0}],"is_beta":false,"boss_relics":[{"not_picked":["Cursed Key","Runic Pyramid"],"picked":"Snecko Eye"},{"not_picked":["Pandora\u0027s Box","Tiny House"],"picked":"Lizard Tail"}],"items_purged_floors":[13,36],"is_endless":false,"potions_floor_spawned":[1,7,10,24,25,28,33,46,47],"killed_by":"The Heart","ascension_level":1}