{"gold_per_floor":[119,131,145,161,0,0,0,39,39,39,70,95,95],"floor_reached":13,"playtime":332,"items_purged":[],"score":158,"play_id":"acf1f0db-49ed-4fa0-a520-bc89465b229c","local_time":"20190713235445","is_ascension_mode":true,"campfire_choices":[{"data":"Cleave","floor":6,"key":"SMITH"},{"floor":10,"key":"REST"}],"neow_cost":"NONE","seed_source_timestamp":280378981070994,"circlet_count":0,"master_deck":["AscendersBane","Strike_R","Strike_R","Strike_R","Strike_R","Strike_R","Defend_R","Defend_R","Defend_R","Defend_R","Bash","Disarm","True Grit","Ghostly Armor","Cleave+1","Spot Weakness","Seeing Red"],"relics":["Burning Blood","NeowsBlessing","Strawberry","Golden Idol","Calipers","Torii","Odd Mushroom","PreservedInsect"],"potions_floor_usage":[8,8],"damage_taken":[{"damage":0,"enemies":"Jaw Worm","floor":1,"turns":1},{"damage":0,"enemies":"Small Slimes","floor":2,"turns":1},{"damage":0,"enemies":"Cultist","floor":3,"turns":1},{"damage":20,"enemies":"3 Louse","floor":4,"turns":5},{"damage":20,"enemies":"Gremlin Nob","floor":8,"turns":4},{"damage":13,"enemies":"The Mushroom Lair","floor":11,"turns":5},{"damage":53,"enemies":"3 Sentries","floor":13,"turns":6}],"seed_played":"5644738195134988397","potions_obtained":[{"floor":1,"key":"Ancient Potion"},{"floor":3,"key":"Poison Potion"}],"is_trial":false,"path_per_floor":["M","M","M","M","$","R","?","E","T","R","?","T","E"],"character_chosen":"IRONCLAD","items_purchased":["Strawberry"],"campfire_rested":1,"item_purchase_floors":[5],"current_hp_per_floor":[74,75,75,61,68,68,40,26,26,50,43,43,0],"gold":95,"neow_bonus":"THREE_ENEMY_KILL","is_prod":false,"is_daily":false,"chose_seed":false,"campfire_upgraded":1,"win_rate":0,"timestamp":1563080085,"path_taken":["M","M","M","M","$","R","?","E","T","R","?","?","E"],"build_version":"2019-07-05","purchased_purges":0,"victory":false,"max_hp_per_floor":[75,75,75,75,82,82,82,82,82,82,82,82,82],"card_choices":[{"not_picked":["Bloodletting","Flex"],"picked":"Disarm","floor":1},{"not_picked":["Disarm","Evolve"],"picked":"True Grit","floor":2},{"not_picked":["Sword Boomerang","Pommel Strike"],"picked":"Ghostly Armor","floor":3},{"not_picked":["Flex","Fire Breathing"],"picked":"Cleave","floor":4},{"not_picked":["Sentinel","True Grit"],"picked":"Spot Weakness","floor":8},{"not_picked":["Clash","Evolve"],"picked":"Seeing Red","floor":11}],"player_experience":488469,"relics_obtained":[{"floor":8,"key":"Calipers"},{"floor":9,"key":"Torii"},{"floor":11,"key":"Odd Mushroom"},{"floor":12,"key":"PreservedInsect"}],"event_choices":[{"damage_healed":0,"gold_gain":0,"player_choice":"Take Damage","damage_taken":28,"relics_obtained":["Golden Idol"],"max_hp_gain":0,"max_hp_loss":0,"event_name":"Golden Idol","floor":7,"gold_loss":0},{"damage_healed":0,"gold_gain":0,"player_choice":"Fought Mushrooms","damage_taken":0,"max_hp_gain":0,"max_hp_loss":0,"event_name":"Mushrooms","floor":11,"gold_loss":0}],"is_beta":false,"boss_relics":[],"items_purged_floors":[],"is_endless":false,"potions_floor_spawned":[1,3],"killed_by":"3 Sentries","ascension_level":18}