{"gold_per_floor":[111,129,129,147,97,130,149,149,149,149,149,2,37,54,54,54],"floor_reached":16,"playtime":468,"items_purged":[],"score":135,"play_id":"9dd63393-15da-4228-9535-fcf3fa4ca763","local_time":"20190721113013","is_ascension_mode":false,"campfire_choices":[{"data":"Immolate","floor":8,"key":"SMITH"},{"data":"Carnage","floor":11,"key":"SMITH"},{"data":"True Grit","floor":15,"key":"SMITH"}],"neow_cost":"NONE","seed_source_timestamp":0,"circlet_count":0,"master_deck":["Strike_R","Strike_R","Defend_R","Defend_R","Defend_R","Defend_R","Bash","Carnage+1","Body Slam","Pommel Strike","Iron Wave","Shrug It Off","Immolate+1","Pommel Strike","Hemokinesis","True Grit+1"],"relics":["Burning Blood","Art of War","Shuriken","PreservedInsect","Thread and Needle"],"potions_floor_usage":[6],"damage_taken":[{"damage":1,"enemies":"2 Louse","floor":1,"turns":2},{"damage":6,"enemies":"Jaw Worm","floor":2,"turns":3},{"damage":0,"enemies":"Small Slimes","floor":4,"turns":3},{"damage":5,"enemies":"Gremlin Nob","floor":6,"turns":3},{"damage":12,"enemies":"Looter","floor":7,"turns":3},{"damage":0,"enemies":"3 Sentries","floor":13,"turns":2},{"damage":6,"enemies":"Blue Slaver","floor":14,"turns":3},{"damage":82,"enemies":"Hexaghost","floor":16,"turns":14}],"seed_played":"410047586727317","potions_obtained":[{"floor":1,"key":"Fire Potion"},{"floor":2,"key":"Strength Potion"},{"floor":4,"key":"AttackPotion"},{"floor":14,"key":"PowerPotion"}],"is_trial":false,"path_per_floor":["M","M","?","M","?","E","M","R","T","?","R","$","E","M","R","B"],"character_chosen":"IRONCLAD","items_purchased":["PreservedInsect"],"campfire_rested":0,"item_purchase_floors":[12],"current_hp_per_floor":[80,80,73,79,79,80,74,74,74,74,74,74,80,80,80,0],"gold":54,"neow_bonus":"THREE_CARDS","is_prod":false,"is_daily":false,"chose_seed":true,"campfire_upgraded":3,"win_rate":0,"timestamp":1563726613,"path_taken":["M","M","?","M","?","E","M","R","T","?","R","$","E","M","R","BOSS"],"build_version":"2019-07-17","purchased_purges":0,"victory":false,"max_hp_per_floor":[80,80,80,80,80,80,80,80,80,80,80,80,80,80,80,80],"card_choices":[{"not_picked":["Wild Strike","Clash"],"picked":"Carnage","floor":0},{"not_picked":["Armaments","Sentinel"],"picked":"Body Slam","floor":1},{"not_picked":["Armaments","Heavy Blade"],"picked":"Pommel Strike","floor":2},{"not_picked":["Wild Strike","Sword Boomerang"],"picked":"Iron Wave","floor":4},{"not_picked":["Thunderclap","Rage"],"picked":"Shrug It Off","floor":6},{"not_picked":["Whirlwind","Iron Wave"],"picked":"Immolate","floor":7},{"not_picked":["Warcry","Reckless Charge"],"picked":"Hemokinesis","floor":13},{"not_picked":["Dual Wield","Sword Boomerang"],"picked":"True Grit","floor":14}],"player_experience":512328,"relics_obtained":[{"floor":6,"key":"Art of War"},{"floor":9,"key":"Shuriken"},{"floor":13,"key":"Thread and Needle"}],"event_choices":[{"cards_removed":["Strike_R"],"damage_healed":0,"gold_gain":0,"player_choice":"Card Removal","damage_taken":7,"max_hp_gain":0,"max_hp_loss":0,"event_name":"Golden Wing","floor":3,"gold_loss":0},{"cards_removed":["Strike_R"],"damage_healed":0,"gold_gain":0,"player_choice":"Card Removal","damage_taken":0,"max_hp_gain":0,"max_hp_loss":0,"event_name":"The Cleric","floor":5,"gold_loss":50},{"damage_healed":0,"gold_gain":0,"cards_transformed":["Strike_R"],"player_choice":"Change","damage_taken":0,"max_hp_gain":0,"max_hp_loss":0,"event_name":"Living Wall","floor":10,"gold_loss":0,"cards_obtained":["Pommel Strike"]}],"is_beta":false,"boss_relics":[],"items_purged_floors":[],"is_endless":false,"potions_floor_spawned":[1,2,4,14],"killed_by":"Hexaghost","ascension_level":0}