{"gold_per_floor":[112,127,141,216,235,235,254,254,278,278,312,324,0,333,333,404,404,419,434,29,29,47,47,63,63],"floor_reached":25,"playtime":1520,"items_purged":[],"score":415,"play_id":"b832d051-fe4c-4564-9828-d5938512998c","local_time":"20190717223404","is_ascension_mode":true,"campfire_choices":[{"data":"True Grit","floor":6,"key":"SMITH"},{"floor":10,"key":"REST"},{"floor":12,"key":"REST"},{"floor":15,"key":"REST"},{"floor":23,"key":"REST"}],"neow_cost":"NONE","seed_source_timestamp":619955398120876,"circlet_count":0,"master_deck":["AscendersBane","Bash","Corruption","Intimidate","Clothesline","True Grit+1","Combust","Heavy Blade","Offering","Feel No Pain","Apotheosis","Fiend Fire","Reaper","Carnage","Iron Wave","Limit Break","Barricade","Seeing Red","True Grit","Juggernaut","Blood for Blood","Impervious","Pommel Strike","Rupture","Rupture","Impervious","Bloodletting","Writhe"],"relics":["Burning Blood","PreservedInsect","Pen Nib","MawBank","Old Coin","Pandora\u0027s Box","Toxic Egg 2"],"potions_floor_usage":[7,7,14,16,22,25],"damage_taken":[{"damage":7,"enemies":"2 Louse","floor":1,"turns":5},{"damage":11,"enemies":"Jaw Worm","floor":2,"turns":4},{"damage":6,"enemies":"Small Slimes","floor":3,"turns":4},{"damage":8,"enemies":"2 Fungi Beasts","floor":5,"turns":5},{"damage":21,"enemies":"Gremlin Gang","floor":7,"turns":4},{"damage":20,"enemies":"3 Sentries","floor":11,"turns":5},{"damage":30,"enemies":"Lagavulin","floor":14,"turns":5},{"damage":36,"enemies":"Slime Boss","floor":16,"turns":10},{"damage":13,"enemies":"Spheric Guardian","floor":18,"turns":6},{"damage":40,"enemies":"2 Thieves","floor":19,"turns":4},{"damage":19,"enemies":"Centurion and Healer","floor":22,"turns":6},{"damage":19,"enemies":"Snake Plant","floor":24,"turns":5},{"damage":71,"enemies":"Gremlin Leader","floor":25,"turns":5}],"seed_played":"-3008810047215898417","potions_obtained":[{"floor":1,"key":"Swift Potion"},{"floor":2,"key":"SteroidPotion"},{"floor":14,"key":"FearPotion"},{"floor":22,"key":"Block Potion"}],"is_trial":false,"path_per_floor":["M","M","M","?","M","R","M","?","T","R","E","R","$","E","R","B",null,"M","M","$","?","M","R","M","E"],"character_chosen":"IRONCLAD","items_purchased":["Feel No Pain","Apotheosis","Energy Potion","Rupture","Impervious","Bloodletting","Block Potion"],"campfire_rested":4,"item_purchase_floors":[13,13,13,20,20,20,20],"current_hp_per_floor":[67,62,62,51,49,49,34,16,16,38,24,46,46,22,44,14,60,54,30,30,30,30,52,39,0],"gold":63,"neow_bonus":"THREE_CARDS","is_prod":false,"is_daily":false,"chose_seed":false,"campfire_upgraded":1,"win_rate":0,"timestamp":1563420844,"path_taken":["M","M","M","?","M","R","M","?","T","R","E","R","$","E","R","BOSS","M","M","$","?","M","R","M","E"],"build_version":"2019-07-17","purchased_purges":0,"victory":false,"max_hp_per_floor":[75,75,75,75,75,75,75,75,75,75,75,75,75,75,75,75,75,75,75,75,75,75,75,75,75],"card_choices":[{"not_picked":["Heavy Blade","Twin Strike"],"picked":"Corruption","floor":0},{"not_picked":["Reckless Charge","Clash"],"picked":"Intimidate","floor":1},{"not_picked":["Twin Strike","Anger"],"picked":"Clothesline","floor":2},{"not_picked":["Intimidate","Clothesline"],"picked":"True Grit","floor":3},{"not_picked":["Body Slam","Armaments"],"picked":"Combust","floor":5},{"not_picked":["Clash","Clothesline"],"picked":"Heavy Blade","floor":7},{"not_picked":["Dark Embrace","Iron Wave"],"picked":"Offering","floor":11},{"not_picked":["Hemokinesis","Evolve"],"picked":"Fiend Fire","floor":14},{"not_picked":["Dark Embrace","Impervious"],"picked":"Reaper","floor":16},{"not_picked":["Sever Soul","Clothesline"],"picked":"Pommel Strike","floor":18},{"not_picked":["Battle Trance","Fire Breathing+1"],"picked":"Rupture","floor":19},{"not_picked":["Heavy Blade","Evolve","Armaments+1"],"picked":"SKIP","floor":22},{"not_picked":["Searing Blow","Thunderclap","Clothesline"],"picked":"SKIP","floor":24}],"player_experience":503632,"relics_obtained":[{"floor":9,"key":"Pen Nib"},{"floor":11,"key":"MawBank"},{"floor":14,"key":"Old Coin"}],"event_choices":[{"damage_healed":0,"gold_gain":75,"player_choice":"Gather Gold","damage_taken":11,"max_hp_gain":0,"max_hp_loss":0,"event_name":"World of Goop","floor":4,"gold_loss":0},{"damage_healed":0,"gold_gain":0,"player_choice":"Success","damage_taken":18,"relics_obtained":["PreservedInsect"],"max_hp_gain":0,"max_hp_loss":0,"event_name":"Scrap Ooze","floor":8,"gold_loss":0},{"damage_healed":0,"gold_gain":0,"player_choice":"Opened","damage_taken":0,"relics_obtained":["Toxic Egg 2"],"max_hp_gain":0,"max_hp_loss":0,"event_name":"The Mausoleum","floor":21,"gold_loss":0,"cards_obtained":["Writhe"]}],"is_beta":false,"boss_relics":[{"not_picked":["Black Blood","Tiny House"],"picked":"Pandora\u0027s Box"}],"items_purged_floors":[],"is_endless":false,"potions_floor_spawned":[1,2,14,22],"killed_by":"Gremlin Leader","ascension_level":19}