{"gold_per_floor":[116,116,1,17,17,17,42,42,42,42,52,52,67,79,79,155,155,174,174,174,174],"floor_reached":21,"playtime":457,"items_purged":["Pain"],"score":343,"play_id":"fe71241d-9697-4c69-a636-ece6d6a5e96b","local_time":"20190720182407","is_ascension_mode":true,"campfire_choices":[{"data":"Defragment","floor":6.0,"key":"SMITH"},{"data":"Double Energy","floor":8.0,"key":"SMITH"},{"data":"Zap","floor":12.0,"key":"SMITH"},{"floor":15.0,"key":"REST"}],"neow_cost":"NONE","seed_source_timestamp":568909081868900,"circlet_count":0,"master_deck":["AscendersBane","Strike_B","Strike_B","Strike_B","Defend_B","Defend_B","Defend_B","Defend_B","Zap+1","Dualcast","Gash","Defragment+1","Gash","Double Energy+1","Go for the Eyes","Defragment","Creative AI","Ball Lightning"],"special_seed":0,"relics":["Cracked Core","NeowsBlessing","WarpedTongs","Smiling Mask","Dead Branch","Orichalcum","Nuclear Battery","Nilry\u0027s Codex"],"potions_floor_usage":[21],"damage_taken":[{"damage":0.0,"enemies":"Jaw Worm","floor":1.0,"turns":1.0},{"damage":0.0,"enemies":"Cultist","floor":4.0,"turns":1.0},{"damage":0.0,"enemies":"3 Sentries","floor":7.0,"turns":1.0},{"damage":0.0,"enemies":"Small Slimes","floor":11.0,"turns":3.0},{"damage":6.0,"enemies":"Looter","floor":13.0,"turns":3.0},{"damage":1.0,"enemies":"3 Louse","floor":14.0,"turns":2.0},{"damage":33.0,"enemies":"Slime Boss","floor":16.0,"turns":6.0},{"damage":37.0,"enemies":"Spheric Guardian","floor":18.0,"turns":6.0},{"damage":11,"enemies":"Shell Parasite","floor":21,"turns":3}],"seed_played":"727882245762797131","potions_obtained":[{"floor":4.0,"key":"Fire Potion"},{"floor":11.0,"key":"LiquidBronze"},{"floor":18.0,"key":"GamblersBrew"}],"is_trial":false,"path_per_floor":["M","?","$","M","?","R","E","R","T","?","M","R","M","M","R","B",null,"M","?","$","M"],"character_chosen":"DEFECT","items_purchased":["Defragment"],"campfire_rested":1,"item_purchase_floors":[3],"current_hp_per_floor":[64,64,64,64,57,57,57,57,57,54,54,54,48,47,68,35,62,25,9,9,0],"gold":174,"neow_bonus":"THREE_ENEMY_KILL","is_prod":false,"is_daily":false,"chose_seed":false,"campfire_upgraded":3,"win_rate":0,"timestamp":1563639847,"path_taken":["M","?","$","?","?","R","E","R","T","?","M","R","M","M","R","BOSS","M","?","$","M"],"build_version":"2019-07-17","purchased_purges":1,"victory":false,"max_hp_per_floor":[71,71,71,71,71,71,71,71,71,71,71,71,71,71,71,71,71,71,71,71,71],"card_choices":[{"not_picked":["Steam","Conserve Battery"],"picked":"Gash","floor":1.0},{"not_picked":["Barrage","Stack"],"picked":"Gash","floor":4.0},{"not_picked":["Self Repair","Recycle"],"picked":"Double Energy","floor":7.0},{"not_picked":["Auto Shields","Skim"],"picked":"Go for the Eyes","floor":11.0},{"not_picked":["Compile Driver","Cold Snap"],"picked":"Defragment","floor":13.0},{"not_picked":["Stack","Machine Learning","Barrage"],"picked":"SKIP","floor":14.0},{"not_picked":["All For One","Meteor Strike"],"picked":"Creative AI","floor":16.0},{"not_picked":["Hologram","Compile Driver"],"picked":"Ball Lightning","floor":18.0}],"player_experience":358967,"relics_obtained":[{"floor":7.0,"key":"Smiling Mask"},{"floor":9.0,"key":"Dead Branch"},{"floor":19.0,"key":"Nilry\u0027s Codex"}],"event_choices":[{"damage_healed":0.0,"max_hp_gain":0.0,"max_hp_loss":0.0,"gold_gain":0.0,"event_name":"Accursed Blacksmith","player_choice":"Rummage","floor":2.0,"gold_loss":0.0,"damage_taken":0.0,"relics_obtained":["WarpedTongs"],"cards_obtained":["Pain"]},{"cards_removed":["Strike_B"],"damage_healed":0.0,"max_hp_gain":0.0,"max_hp_loss":0.0,"gold_gain":0.0,"event_name":"Golden Wing","player_choice":"Card Removal","floor":5.0,"gold_loss":0.0,"damage_taken":7.0},{"damage_healed":0.0,"max_hp_gain":0.0,"max_hp_loss":0.0,"gold_gain":0.0,"event_name":"Scrap Ooze","player_choice":"Success","floor":10.0,"gold_loss":0.0,"damage_taken":3.0,"relics_obtained":["Orichalcum"]},{"damage_healed":0.0,"max_hp_gain":0.0,"max_hp_loss":0.0,"gold_gain":0.0,"event_name":"Cursed Tome","player_choice":"Obtained Book","floor":19.0,"gold_loss":0.0,"damage_taken":16.0}],"is_beta":false,"boss_relics":[{"not_picked":["Empty Cage","White Beast Statue"],"picked":"Nuclear Battery"}],"items_purged_floors":[3],"is_endless":false,"potions_floor_spawned":[4,11,13,18],"killed_by":"Shell Parasite","ascension_level":14}