{"gold_per_floor":[112,69,69,122,68,107,107,146,146,146,166,91,91,106,106,196,196,214,214,234,62,0,0,0,0,27,27,51,51,75,91,91,91],"floor_reached":33,"playtime":725,"items_purged":["Strike_B"],"score":464,"play_id":"ec5f6d86-9a59-41b3-8be5-6441a7d7be7c","local_time":"20190727201855","is_ascension_mode":true,"campfire_choices":[{"data":"Dualcast","floor":7.0,"key":"SMITH"},{"floor":10.0,"key":"REST"},{"data":"Defragment","floor":13.0,"key":"SMITH"},{"floor":15.0,"key":"REST"},{"floor":23.0,"key":"REST"},{"data":"Static Discharge","floor":25.0,"key":"SMITH"},{"data":"Electrodynamics","floor":27.0,"key":"SMITH"},{"floor":32.0,"key":"REST"}],"neow_cost":"NONE","seed_source_timestamp":431078588994000,"circlet_count":0,"master_deck":["AscendersBane","Strike_B","Strike_B","Strike_B","Defend_B","Defend_B","Defend_B","Defend_B","Zap+1","Dualcast+1","Static Discharge+1","Cold Snap","Scrape","Defragment+1","Gash","White Noise","Electrodynamics+1","Storm+1","Cold Snap+1","Scrape+1","BootSequence+1"],"special_seed":0,"relics":["Cracked Core","Golden Idol","Omamori","Gremlin Horn","Girya","StoneCalendar","Nuclear Battery","Happy Flower","Oddly Smooth Stone"],"potions_floor_usage":[],"damage_taken":[{"damage":2.0,"enemies":"Cultist","floor":1.0,"turns":4.0},{"damage":22.0,"enemies":"3 Sentries","floor":6.0,"turns":6.0},{"damage":20.0,"enemies":"Gremlin Nob","floor":8.0,"turns":4.0},{"damage":2.0,"enemies":"Jaw Worm","floor":11.0,"turns":3.0},{"damage":0.0,"enemies":"Small Slimes","floor":14.0,"turns":3.0},{"damage":15.0,"enemies":"The Guardian","floor":16.0,"turns":7.0},{"damage":8.0,"enemies":"3 Byrds","floor":18.0,"turns":3.0},{"damage":23.0,"enemies":"Shell Parasite","floor":20.0,"turns":3.0},{"damage":6.0,"enemies":"Chosen and Byrds","floor":28.0,"turns":3.0},{"damage":12.0,"enemies":"Cultist and Chosen","floor":30.0,"turns":3.0},{"damage":31.0,"enemies":"Shelled Parasite and Fungi","floor":31.0,"turns":2.0},{"damage":46,"enemies":"Collector","floor":33,"turns":6}],"seed_played":"3849542503550849751","potions_obtained":[{"floor":11.0,"key":"FocusPotion"},{"floor":14.0,"key":"FocusPotion"},{"floor":18.0,"key":"Regen Potion"},{"floor":30.0,"key":"Fire Potion"}],"is_trial":false,"path_per_floor":["M","$","?","T","$","E","R","E","T","R","M","$","R","M","R","B",null,"M","$","M","$","?","R","?","R","T","R","M","$","M","M","R","B"],"character_chosen":"DEFECT","items_purchased":["Static Discharge","Cold Snap","Happy Flower"],"campfire_rested":4,"item_purchase_floors":[2,5,21],"current_hp_per_floor":[62,62,62,62,62,40,40,20,20,39,37,37,37,37,56,41,58,50,50,36,36,36,55,64,64,64,64,58,58,46,15,34,0],"gold":91,"neow_bonus":"UPGRADE_CARD","is_prod":false,"is_daily":false,"chose_seed":false,"campfire_upgraded":4,"win_rate":0,"timestamp":1564251535,"path_taken":["M","?","?","?","$","E","R","E","T","R","M","$","R","M","R","BOSS","M","$","M","$","?","R","?","R","T","R","M","$","M","M","R","BOSS"],"build_version":"2019-07-17","purchased_purges":1,"victory":false,"max_hp_per_floor":[71,71,64,64,64,64,64,64,64,64,64,64,64,64,64,64,64,64,64,64,64,64,64,64,64,64,64,64,64,64,64,64,64],"card_choices":[{"not_picked":["Redo","Melter","Beam Cell"],"picked":"SKIP","floor":1.0},{"not_picked":["Capacitor","Melter"],"picked":"Scrape","floor":6.0},{"not_picked":["Undo","Stack"],"picked":"Defragment","floor":8.0},{"not_picked":["Rebound","Turbo"],"picked":"Gash","floor":11.0},{"not_picked":["Chaos","Go for the Eyes"],"picked":"White Noise","floor":14.0},{"not_picked":["Core Surge","Machine Learning"],"picked":"Electrodynamics","floor":16.0},{"not_picked":["Hologram+1","Melter"],"picked":"Storm+1","floor":18.0},{"not_picked":["Scrape","Recycle"],"picked":"Cold Snap+1","floor":20.0},{"not_picked":["Capacitor","Beam Cell"],"picked":"Scrape+1","floor":28.0},{"not_picked":["Steam","Undo","Go for the Eyes"],"picked":"SKIP","floor":30.0},{"not_picked":["Streamline","Compile Driver"],"picked":"BootSequence+1","floor":31.0}],"player_experience":378526,"relics_obtained":[{"floor":4.0,"key":"Omamori"},{"floor":6.0,"key":"Gremlin Horn"},{"floor":8.0,"key":"Girya"},{"floor":9.0,"key":"StoneCalendar"},{"floor":26.0,"key":"Oddly Smooth Stone"}],"event_choices":[{"damage_healed":0.0,"max_hp_gain":0.0,"max_hp_loss":7.0,"gold_gain":0.0,"event_name":"Golden Idol","player_choice":"Lose Max HP","floor":3.0,"gold_loss":0.0,"damage_taken":0.0,"relics_obtained":["Golden Idol"]},{"damage_healed":0.0,"max_hp_gain":0.0,"max_hp_loss":0.0,"gold_gain":0.0,"event_name":"Masked Bandits","player_choice":"Paid Fearfully","floor":22.0,"gold_loss":62.0,"damage_taken":0.0},{"damage_healed":13.0,"max_hp_gain":0.0,"max_hp_loss":0.0,"gold_gain":0.0,"event_name":"The Library","player_choice":"Heal","floor":24.0,"gold_loss":0.0,"damage_taken":0.0}],"is_beta":false,"boss_relics":[{"not_picked":["Calling Bell","Pandora\u0027s Box"],"picked":"Nuclear Battery"}],"items_purged_floors":[12],"is_endless":false,"potions_floor_spawned":[11,14,16,18,30],"killed_by":"Collector","ascension_level":17}