{"gold_per_floor":[111,2,2,19,33,33,60,60,60,60,86,105,105,105],"floor_reached":14,"playtime":492,"items_purged":["Defend_B"],"score":132,"play_id":"300461fa-ce54-478e-8042-58bfd02c5195","local_time":"20181017165435","is_ascension_mode":true,"campfire_choices":[{"data":"Defragment","floor":6,"key":"SMITH"},{"data":"Zap","floor":8,"key":"SMITH"},{"floor":10,"key":"REST"}],"neow_cost":"NONE","seed_source_timestamp":274157220205313,"circlet_count":0,"master_deck":["Strike_B","Strike_B","Strike_B","Strike_B","Defend_B","Defend_B","Defend_B","Zap+1","Dualcast","Trip","Leap","Defragment+1","Redo","Hologram","Cold Snap","Redo","Decay"],"relics":["Cracked Core","Juzu Bracelet","Gremlin Horn","Turnip"],"potions_floor_usage":[],"damage_taken":[{"damage":7,"enemies":"Jaw Worm","floor":1,"turns":3},{"damage":7,"enemies":"2 Louse","floor":4,"turns":2},{"damage":0,"enemies":"Cultist","floor":5,"turns":3},{"damage":33,"enemies":"3 Sentries","floor":7,"turns":8},{"damage":17,"enemies":"Gremlin Nob","floor":11,"turns":3},{"damage":6,"enemies":"2 Fungi Beasts","floor":12,"turns":3},{"damage":27,"enemies":"Lagavulin","floor":14,"turns":7}],"seed_played":"-7704564492342474014","potions_obtained":[{"floor":4,"key":"Energy Potion"}],"is_trial":false,"path_per_floor":["M","$","?","M","M","R","E","R","T","R","E","M","?"],"character_chosen":"DEFECT","items_purchased":["Defragment"],"campfire_rested":1,"item_purchase_floors":[2],"current_hp_per_floor":[61,61,66,59,59,59,26,26,26,50,33,27,27,0],"gold":105,"neow_bonus":"RANDOM_COLORLESS","is_prod":false,"is_daily":false,"chose_seed":false,"campfire_upgraded":2,"win_rate":0,"timestamp":1539816875,"path_taken":["M","$","?","M","M","R","E","R","T","R","E","M","?","E"],"build_version":"2018-10-17","purchased_purges":1,"victory":false,"max_hp_per_floor":[75,75,80,80,80,80,80,80,80,80,80,80,80,80],"card_choices":[{"not_picked":["Go for the Eyes","Conserve Battery"],"picked":"Leap","floor":1},{"not_picked":["Capacitor","Conserve Battery"],"picked":"Redo","floor":4},{"not_picked":["Hello World","Blizzard"],"picked":"Hologram","floor":5},{"not_picked":["Coolheaded","Seek","Lockon"],"picked":"SKIP","floor":7},{"not_picked":["Rebound","Barrage"],"picked":"Cold Snap","floor":11},{"not_picked":["All For One","Blizzard"],"picked":"Redo","floor":12}],"player_experience":128029,"relics_obtained":[{"floor":7,"key":"Juzu Bracelet"},{"floor":9,"key":"Gremlin Horn"},{"floor":11,"key":"Turnip"}],"event_choices":[{"damage_healed":0,"gold_gain":0,"player_choice":"Donut","damage_taken":0,"max_hp_gain":5,"max_hp_loss":0,"event_name":"Big Fish","floor":3,"gold_loss":0},{"damage_healed":0,"gold_gain":0,"player_choice":"Cursed","damage_taken":0,"max_hp_gain":0,"max_hp_loss":0,"event_name":"Wheel of Change","floor":13,"gold_loss":0,"cards_obtained":["Decay"]}],"is_beta":true,"boss_relics":[],"items_purged_floors":[2],"is_endless":false,"potions_floor_spawned":[4],"killed_by":"Lagavulin","ascension_level":7}