{"gold_per_floor":[114,129,129,99,118,118,156,156,156,175,2,21,21,40,40,165,165,184,283,283,302,52,52,71,71,71,90,90,109,109,128,128,253,253,272,397,727,1060,1075,416,416,51,51,81,96,111,111,126,126,126],"floor_reached":51,"playtime":3599,"items_purged":["Strike_B","Defend_R","Defend_B"],"score":779,"play_id":"b8db0bfb-376f-46a5-806a-02693115d233","local_time":"20190617035346","daily_mods":["Chimera","Red Cards","Terminal"],"is_ascension_mode":false,"campfire_choices":[{"data":"Zap","floor":6,"key":"SMITH"},{"data":"Outmaneuver","floor":8,"key":"SMITH"},{"data":"1","floor":13,"key":"LIFT"},{"data":"2","floor":15,"key":"LIFT"},{"data":"3","floor":23,"key":"LIFT"},{"data":"Adrenaline","floor":25,"key":"SMITH"},{"data":"Deflect","floor":28,"key":"SMITH"},{"data":"Shrug It Off","floor":30,"key":"SMITH"},{"data":"Metallicize","floor":32,"key":"SMITH"},{"data":"Limit Break","floor":41,"key":"SMITH"},{"data":"Panacea","floor":47,"key":"SMITH"},{"data":"Good Instincts","floor":49,"key":"SMITH"}],"neow_cost":"","seed_source_timestamp":0,"circlet_count":0,"master_deck":["Bash+1","Survivor","Zap+1","Defend_G+1","Outmaneuver+1","Barricade","Shrug It Off+1","Twin Strike+1","Shrug It Off+1","Dagger Spray+1","Dagger Throw+1","Adrenaline+1","Sucker Punch+1","Exhume","Deflect+1","Finisher+1","Finisher+1","PiercingWail+1","Backflip+1","Metallicize+1","Limit Break+1","Body Slam+1","Iron Wave+1","Good Instincts+1","Infinite Blades","Panacea+1","Iron Wave+1"],"special_seed":18064,"relics":["Ring of the Snake","Girya","Molten Egg 2","Eternal Feather","War Paint","Singing Bowl","Busted Crown","Nunchaku","Old Coin","Ornamental Fan","Whetstone","Pear","Bottled Lightning","Boot"],"potions_floor_usage":[7,45,48,50,50,50],"damage_taken":[{"damage":0,"enemies":"Small Slimes","floor":1,"turns":3},{"damage":0,"enemies":"Cultist","floor":2,"turns":3},{"damage":0,"enemies":"2 Louse","floor":5,"turns":3},{"damage":12,"enemies":"Gremlin Nob","floor":7,"turns":4},{"damage":0,"enemies":"Exordium Wildlife","floor":10,"turns":3},{"damage":0,"enemies":"Large Slime","floor":12,"turns":7},{"damage":0,"enemies":"Blue Slaver","floor":14,"turns":2},{"damage":4,"enemies":"Slime Boss","floor":16,"turns":8},{"damage":0,"enemies":"Spheric Guardian","floor":18,"turns":3},{"damage":0,"enemies":"2 Thieves","floor":21,"turns":4},{"damage":0,"enemies":"Shelled Parasite and Fungi","floor":24,"turns":3},{"damage":0,"enemies":"Snecko","floor":27,"turns":3},{"damage":0,"enemies":"Sentry and Sphere","floor":29,"turns":3},{"damage":0,"enemies":"3 Cultists","floor":31,"turns":4},{"damage":3,"enemies":"Collector","floor":33,"turns":11},{"damage":0,"enemies":"3 Darklings","floor":35,"turns":4},{"damage":0,"enemies":"Mind Bloom Boss Battle","floor":36,"turns":6},{"damage":14,"enemies":"2 Orb Walkers","floor":37,"turns":5},{"damage":6,"enemies":"3 Shapes","floor":39,"turns":4},{"damage":0,"enemies":"Giant Head","floor":44,"turns":5},{"damage":6,"enemies":"Maw","floor":45,"turns":5},{"damage":29,"enemies":"Writhing Mass","floor":46,"turns":7},{"damage":11,"enemies":"Spire Growth","floor":48,"turns":4},{"damage":0,"enemies":"Awakened One","floor":50,"turns":9}],"seed_played":"-5582674869873020994","potions_obtained":[{"floor":2,"key":"Weak Potion"},{"floor":4,"key":"SpeedPotion"},{"floor":4,"key":"GamblersBrew"},{"floor":5,"key":"Strength Potion"},{"floor":7,"key":"Explosive Potion"},{"floor":14,"key":"Poison Potion"},{"floor":21,"key":"GamblersBrew"},{"floor":27,"key":"SpeedPotion"},{"floor":33,"key":"Dexterity Potion"},{"floor":39,"key":"EssenceOfSteel"},{"floor":45,"key":"Block Potion"},{"floor":48,"key":"AttackPotion"}],"is_trial":false,"path_per_floor":["M","M","?","?","M","R","E","R","T","M","$","M","R","M","R","B",null,"M","?","?","M","$","R","M","R","T","M","R","M","R","M","R","B",null,"M","?","?","?","M","$","R","$","T","E","M","M","R","M","R","B",null],"character_chosen":"THE_SILENT","items_purchased":["Twin Strike+1","Shrug It Off","War Paint","Ornamental Fan","Iron Wave+1","Good Instincts","Whetstone","Pear","Infinite Blades","Panacea"],"campfire_rested":0,"item_purchase_floors":[11,11,22,40,40,40,40,42,42,42],"current_hp_per_floor":[68,67,51,51,51,51,39,39,39,39,39,39,39,39,39,35,52,51,50,49,48,47,46,45,44,43,42,41,40,39,38,37,34,35,36,37,23,23,19,19,31,41,41,43,39,12,27,16,31,31],"gold":126,"neow_bonus":"","is_prod":false,"is_daily":true,"chose_seed":false,"campfire_upgraded":9,"win_rate":0,"timestamp":1560765226,"path_taken":["M","M","?","?","?","R","E","R","T","?","$","M","R","M","R","BOSS","M","?","?","M","$","R","?","R","T","M","R","M","R","M","R","BOSS","M","?","?","?","M","$","R","$","T","E","M","M","R","M","R","BOSS"],"build_version":"2019-06-13","purchased_purges":3,"victory":true,"max_hp_per_floor":[68,67,66,65,64,63,62,61,60,59,58,57,56,55,54,53,52,51,50,49,48,47,46,45,44,43,42,41,40,39,38,37,36,35,36,37,36,35,36,35,34,43,42,43,44,45,44,43,42,41],"card_choices":[{"not_picked":["Flechettes","Combust"],"picked":"Outmaneuver","floor":1},{"not_picked":["Armaments","Terror","Dodge and Roll"],"picked":"SKIP","floor":2},{"not_picked":["Second Wind","Prepared","Outmaneuver"],"picked":"SKIP","floor":5},{"not_picked":["Armaments","Quick Slash"],"picked":"Barricade","floor":7},{"not_picked":["Armaments","Quick Slash+1"],"picked":"Shrug It Off","floor":10},{"not_picked":["Deflect","Armaments"],"picked":"Dagger Spray+1","floor":12},{"not_picked":["Prepared","Poisoned Stab+1"],"picked":"Dagger Throw+1","floor":14},{"not_picked":["Barricade","Doppelganger"],"picked":"Adrenaline","floor":16},{"not_picked":["Shrug It Off","Blood for Blood+1"],"picked":"Sucker Punch+1","floor":18},{"not_picked":["Noxious Fumes","Pommel Strike+1"],"picked":"Finisher+1","floor":21},{"not_picked":["Rampage+1","Feel No Pain+1"],"picked":"Finisher+1","floor":24},{"not_picked":["Twin Strike+1","Feel No Pain+1"],"picked":"PiercingWail+1","floor":27},{"not_picked":["Slice+1","Outmaneuver+1"],"picked":"Backflip+1","floor":29},{"not_picked":["Blade Dance","Bullet Time"],"picked":"Metallicize","floor":31},{"not_picked":["Envenom","Glass Knife+1"],"picked":"Limit Break","floor":33},{"not_picked":["Outmaneuver+1"],"picked":"Singing Bowl","floor":35},{"not_picked":["Shockwave"],"picked":"Singing Bowl","floor":36},{"not_picked":[],"picked":"Body Slam+1","floor":37},{"not_picked":["Thunderclap+1"],"picked":"Singing Bowl","floor":39},{"not_picked":["Deadly Poison+1"],"picked":"Singing Bowl","floor":44},{"not_picked":["Burning Pact"],"picked":"Singing Bowl","floor":45},{"not_picked":["Warcry"],"picked":"Singing Bowl","floor":46},{"not_picked":[],"picked":"Iron Wave+1","floor":48}],"player_experience":288893,"relics_obtained":[{"floor":7,"key":"Girya"},{"floor":9,"key":"Molten Egg 2"},{"floor":26,"key":"Singing Bowl"},{"floor":36,"key":"Nunchaku"},{"floor":37,"key":"Old Coin"},{"floor":43,"key":"Bottled Lightning"},{"floor":44,"key":"Boot"}],"event_choices":[{"damage_healed":0,"gold_gain":0,"player_choice":"Take Damage","damage_taken":16,"relics_obtained":["Golden Idol"],"max_hp_gain":0,"max_hp_loss":0,"event_name":"Golden Idol","floor":3,"gold_loss":0},{"damage_healed":0,"gold_gain":0,"player_choice":"Bought 2 Potions","damage_taken":0,"max_hp_gain":0,"max_hp_loss":0,"event_name":"The Woman in Blue","floor":4,"gold_loss":0},{"damage_healed":0,"gold_gain":99,"player_choice":"Stole From Cult","damage_taken":0,"max_hp_gain":0,"max_hp_loss":0,"event_name":"Nest","floor":19,"gold_loss":0},{"damage_healed":0,"gold_gain":0,"cards_transformed":["Strike_R","Strike_G"],"player_choice":"Became Test Subject","damage_taken":0,"max_hp_gain":0,"max_hp_loss":0,"event_name":"Drug Dealer","floor":20,"gold_loss":0,"cards_obtained":["Exhume","Deflect"]},{"damage_healed":0,"gold_gain":0,"player_choice":"Fight","damage_taken":0,"max_hp_gain":0,"max_hp_loss":0,"event_name":"MindBloom","floor":36,"gold_loss":0},{"damage_healed":0,"gold_gain":0,"player_choice":"Fight","damage_taken":0,"max_hp_gain":0,"max_hp_loss":0,"event_name":"Mysterious Sphere","floor":37,"gold_loss":0},{"damage_healed":0,"gold_gain":333,"player_choice":"Gave Idol","damage_taken":0,"max_hp_gain":0,"max_hp_loss":0,"event_name":"The Moai Head","floor":38,"relics_lost":["Golden Idol"],"gold_loss":0}],"is_beta":true,"boss_relics":[{"not_picked":["Cursed Key","Pandora\u0027s Box"],"picked":"Eternal Feather"},{"not_picked":["Sozu","WristBlade"],"picked":"Busted Crown"}],"items_purged_floors":[11,22,40],"is_endless":false,"potions_floor_spawned":[2,5,7,14,21,27,33,37,39,44,45,48],"ascension_level":0}