{"gold_per_floor":[111,111,76,93,109,109,136,136,159,3,14,41,56,67,67,139,139,150,65,65],"floor_reached":20,"playtime":910,"items_purged":[],"score":331,"play_id":"c4db2dd5-0706-4e66-99b9-85f8be769373","local_time":"20190713213603","is_ascension_mode":true,"campfire_choices":[{"data":"Bludgeon","floor":6.0,"key":"SMITH"},{"data":"Disarm","floor":8.0,"key":"SMITH"},{"floor":15.0,"key":"REST"}],"neow_cost":"PERCENT_DAMAGE","seed_source_timestamp":271438720864004,"circlet_count":0,"master_deck":["AscendersBane","Strike_R","Strike_R+1","Strike_R","Strike_R+1","Strike_R","Defend_R","Defend_R","Defend_R","Defend_R","Bash","Bludgeon+1","Battle Trance","Armaments","Disarm+1","Exhume","Bandage Up","True Grit","Power Through","Infernal Blade","Shrug It Off","Demon Form","Sword Boomerang","Whirlwind"],"special_seed":0,"relics":["Burning Blood","Juzu Bracelet","Pen Nib","Whetstone","Odd Mushroom","Eternal Feather"],"potions_floor_usage":[16],"damage_taken":[{"damage":4.0,"enemies":"Jaw Worm","floor":1.0,"turns":3.0},{"damage":0.0,"enemies":"2 Louse","floor":4.0,"turns":3.0},{"damage":7.0,"enemies":"Cultist","floor":5.0,"turns":4.0},{"damage":19.0,"enemies":"Lagavulin","floor":7.0,"turns":5.0},{"damage":16.0,"enemies":"Large Slime","floor":11.0,"turns":5.0},{"damage":16.0,"enemies":"The Mushroom Lair","floor":12.0,"turns":5.0},{"damage":21.0,"enemies":"Gremlin Gang","floor":13.0,"turns":6.0},{"damage":7.0,"enemies":"Looter","floor":14.0,"turns":4.0},{"damage":30,"enemies":"The Guardian","floor":16,"turns":12},{"damage":45,"enemies":"3 Byrds","floor":18,"turns":9},{"damage":32,"enemies":"Chosen","floor":20,"turns":6}],"seed_played":"8746544233435214508","potions_obtained":[{"floor":4.0,"key":"Explosive Potion"},{"floor":11.0,"key":"Block Potion"},{"floor":14.0,"key":"Block Potion"},{"floor":16,"key":"Ancient Potion"}],"is_trial":false,"path_per_floor":["M","?","?","M","M","R","E","R","T","$","M","?","M","M","R","B",null,"M","$","M"],"character_chosen":"IRONCLAD","items_purchased":["Bandage Up","True Grit","Whirlwind"],"campfire_rested":1,"item_purchase_floors":[10,10,19],"current_hp_per_floor":[52,17,35,41,40,40,27,27,27,27,21,19,12,15,37,25,63,28,28,0],"gold":65,"neow_bonus":"THREE_RARE_CARDS","is_prod":false,"is_daily":false,"chose_seed":false,"campfire_upgraded":2,"win_rate":0,"timestamp":1563071763,"path_taken":["M","?","?","M","M","R","E","R","T","$","M","?","M","M","R","BOSS","M","$","M"],"build_version":"2019-07-05","purchased_purges":0,"victory":false,"max_hp_per_floor":[75,75,75,75,75,75,75,75,75,75,75,75,75,75,75,75,75,75,75,75],"card_choices":[{"not_picked":["Exhume","Demon Form"],"picked":"Bludgeon","floor":0.0},{"not_picked":["Iron Wave","Cleave"],"picked":"Battle Trance","floor":1.0},{"not_picked":["True Grit","Thunderclap"],"picked":"Armaments","floor":4.0},{"not_picked":["Bloodletting","Clash"],"picked":"Disarm","floor":5.0},{"not_picked":["Fire Breathing","Perfected Strike"],"picked":"Exhume","floor":7.0},{"not_picked":["Intimidate","Perfected Strike"],"picked":"Power Through","floor":11.0},{"not_picked":["Flex","Clothesline"],"picked":"Infernal Blade","floor":13.0},{"not_picked":["Havoc","Body Slam"],"picked":"Shrug It Off","floor":14.0},{"not_picked":["Juggernaut","Fiend Fire"],"picked":"Demon Form","floor":16},{"not_picked":["Perfected Strike","Rampage"],"picked":"Sword Boomerang","floor":18}],"player_experience":486015,"relics_obtained":[{"floor":7.0,"key":"Pen Nib"},{"floor":9.0,"key":"Whetstone"},{"floor":12.0,"key":"Odd Mushroom"}],"event_choices":[{"damage_healed":0.0,"max_hp_gain":0.0,"max_hp_loss":0.0,"gold_gain":0.0,"event_name":"Scrap Ooze","player_choice":"Success","floor":2.0,"gold_loss":0.0,"damage_taken":35.0,"relics_obtained":["Juzu Bracelet"]},{"damage_healed":18.0,"max_hp_gain":0.0,"max_hp_loss":0.0,"gold_gain":0.0,"event_name":"The Cleric","player_choice":"Healed","floor":3.0,"gold_loss":35.0,"damage_taken":0.0},{"damage_healed":0.0,"max_hp_gain":0.0,"max_hp_loss":0.0,"gold_gain":0.0,"event_name":"Mushrooms","player_choice":"Fought Mushrooms","floor":12.0,"gold_loss":0.0,"damage_taken":0.0}],"is_beta":false,"boss_relics":[{"not_picked":["Coffee Dripper","Mark of Pain"],"picked":"Eternal Feather"}],"items_purged_floors":[],"is_endless":false,"potions_floor_spawned":[4,11,14,16],"killed_by":"Chosen","ascension_level":18}