{"gold_per_floor":[113,126,140,90,108,108,137,137,183,200,215,250,425,201,201,298,298,286,286,66,66,81,109,109,138,138,138,153,164,164,175,175,273,273,289,306,306,6,6,6,37,37,37,37,50,75,93,123,123,123],"floor_reached":51,"playtime":3039,"items_purged":["Doubt"],"score":937,"play_id":"67b99598-ea71-4d3c-9385-66e6735e4554","local_time":"20190526124519","is_ascension_mode":true,"campfire_choices":[{"data":"Corruption","floor":6.0,"key":"SMITH"},{"data":"Demon Form","floor":8.0,"key":"SMITH"},{"data":"Disarm","floor":15.0,"key":"SMITH"},{"data":"Inflame","floor":24.0,"key":"SMITH"},{"data":"True Grit","floor":27.0,"key":"SMITH"},{"data":"Iron Wave","floor":30.0,"key":"SMITH"},{"floor":32.0,"key":"REST"},{"data":"Pummel","floor":40.0,"key":"SMITH"},{"data":"Shrug It Off","floor":42,"key":"SMITH"},{"data":"Shrug It Off","floor":44,"key":"SMITH"},{"floor":49,"key":"REST"}],"neow_cost":"NONE","seed_source_timestamp":154109887987479,"circlet_count":0,"master_deck":["Strike_R+1","Strike_R","Strike_R","Defend_R","Defend_R+1","Defend_R","Defend_R+1","Bash","Corruption+1","Pommel Strike","Demon Form+1","Inflame","Twin Strike+1","Shrug It Off+1","Pummel+1","Disarm+1","Limit Break","True Grit+1","Inflame+1","Iron Wave+1","Feel No Pain+1","True Grit+1","Shrug It Off+1","Flex+1","Intimidate+1","Reaper+1","Shockwave+1","Warcry+1","Madness+1","Secret Weapon","Dual Wield+1","Battle Trance","Spot Weakness"],"special_seed":0,"relics":["Burning Blood","War Paint","Mercury Hourglass","Whetstone","Potion Belt","Ancient Tea Set","Black Star","Orichalcum","Happy Flower","Bottled Lightning","Boot","Mummified Hand","Molten Egg 2","Eternal Feather","WingedGreaves","Torii","Pen Nib","Singing Bowl","Letter Opener","Paper Frog","Shuriken","Omamori"],"potions_floor_usage":[41,41,45,48,48],"damage_taken":[{"damage":6.0,"enemies":"Small Slimes","floor":1.0,"turns":5.0},{"damage":0.0,"enemies":"2 Louse","floor":2.0,"turns":3.0},{"damage":12.0,"enemies":"Jaw Worm","floor":3.0,"turns":4.0},{"damage":12.0,"enemies":"Exordium Wildlife","floor":5.0,"turns":5.0},{"damage":15.0,"enemies":"Lagavulin","floor":7.0,"turns":6.0},{"damage":6.0,"enemies":"3 Louse","floor":10.0,"turns":2.0},{"damage":7.0,"enemies":"Exordium Thugs","floor":11.0,"turns":4.0},{"damage":23.0,"enemies":"Gremlin Nob","floor":12.0,"turns":4.0},{"damage":13.0,"enemies":"The Guardian","floor":16.0,"turns":9.0},{"damage":30.0,"enemies":"2 Thieves","floor":18.0,"turns":4.0},{"damage":9.0,"enemies":"3 Byrds","floor":22.0,"turns":5.0},{"damage":40.0,"enemies":"Gremlin Leader","floor":23.0,"turns":6.0},{"damage":14.0,"enemies":"Book of Stabbing","floor":25.0,"turns":6.0},{"damage":12.0,"enemies":"Cultist and Chosen","floor":28.0,"turns":5.0},{"damage":4.0,"enemies":"Chosen and Byrds","floor":29.0,"turns":4.0},{"damage":6.0,"enemies":"Snake Plant","floor":31.0,"turns":4.0},{"damage":6.0,"enemies":"Automaton","floor":33.0,"turns":7.0},{"damage":26.0,"enemies":"3 Shapes","floor":35.0,"turns":4.0},{"damage":5.0,"enemies":"Orb Walker","floor":36.0,"turns":5.0},{"damage":34,"enemies":"Nemesis","floor":41,"turns":7},{"damage":8,"enemies":"Writhing Mass","floor":45,"turns":5},{"damage":19,"enemies":"Giant Head","floor":46,"turns":7},{"damage":43,"enemies":"4 Shapes","floor":47,"turns":9},{"damage":59,"enemies":"Reptomancer","floor":48,"turns":5},{"damage":87,"enemies":"Time Eater","floor":50,"turns":11}],"seed_played":"-4328220159808949707","potions_obtained":[{"floor":1.0,"key":"EssenceOfSteel"},{"floor":3.0,"key":"GamblersBrew"},{"floor":10.0,"key":"Strength Potion"},{"floor":16.0,"key":"BloodPotion"},{"floor":25.0,"key":"Swift Potion"},{"floor":31.0,"key":"AttackPotion"},{"floor":33.0,"key":"EssenceOfSteel"},{"floor":35.0,"key":"SteroidPotion"},{"floor":41,"key":"Block Potion"},{"floor":46,"key":"GamblersBrew"},{"floor":47,"key":"AttackPotion"}],"is_trial":false,"path_per_floor":["M","M","M","?","M","R","E","R","T","M","M","E","?","$","R","B",null,"M","?","$","?","M","E","R","E","T","R","M","M","R","M","R","B",null,"M","M","?","$","?","R","E","R","T","R","M","E","M","E","R","B",null],"character_chosen":"IRONCLAD","items_purchased":["Ancient Tea Set","Orichalcum","Inflame","WingedGreaves"],"campfire_rested":2,"item_purchase_floors":[14,20,20,38],"current_hp_per_floor":[80,80,74,74,68,68,59,59,59,59,58,41,41,41,41,34,80,56,56,56,80,77,43,43,43,43,43,37,39,39,39,63,63,80,62,70,65,65,65,80,80,80,80,80,80,84,57,37,80,42],"gold":123,"neow_bonus":"RANDOM_COMMON_RELIC","is_prod":false,"is_daily":false,"chose_seed":false,"campfire_upgraded":9,"win_rate":0,"timestamp":1558892719,"path_taken":["M","M","M","?","M","R","E","R","T","M","M","E","?","$","R","BOSS","M","?","$","?","M","E","R","E","T","R","M","M","R","M","R","BOSS","M","M","?","$","?","R","E","R","T","R","?","E","M","E","R","BOSS"],"build_version":"2019-01-23","purchased_purges":1,"victory":true,"max_hp_per_floor":[80,80,80,80,80,80,80,80,80,80,80,80,80,80,80,80,80,80,80,80,80,80,80,80,80,80,80,80,80,80,80,80,80,80,80,80,80,80,80,80,80,80,80,80,82,84,84,84,84,84],"card_choices":[{"not_picked":["Whirlwind","Headbutt"],"picked":"Corruption","floor":1.0},{"not_picked":["Power Through","Wild Strike"],"picked":"Pommel Strike","floor":2.0},{"not_picked":["Armaments","Pommel Strike"],"picked":"Demon Form","floor":3.0},{"not_picked":["Intimidate","Warcry"],"picked":"Inflame","floor":5.0},{"not_picked":["Body Slam","Clash"],"picked":"Twin Strike","floor":7.0},{"not_picked":["Cleave","Warcry"],"picked":"Shrug It Off","floor":10.0},{"not_picked":["Havoc","Clash"],"picked":"Pummel","floor":11.0},{"not_picked":["Pummel","Cleave"],"picked":"Disarm","floor":12.0},{"not_picked":["Offering","Impervious"],"picked":"Limit Break","floor":16.0},{"not_picked":["Flex","Warcry"],"picked":"True Grit+1","floor":18.0},{"not_picked":["Bloodletting","Clash+1"],"picked":"Iron Wave","floor":22.0},{"not_picked":["Sever Soul","Wild Strike+1"],"picked":"Feel No Pain+1","floor":23.0},{"not_picked":["Uppercut","Cleave+1"],"picked":"True Grit","floor":25.0},{"not_picked":["Carnage+1","Bloodletting"],"picked":"Shrug It Off","floor":28.0},{"not_picked":["True Grit","Clash+1"],"picked":"Flex+1","floor":29.0},{"not_picked":["Warcry","Sword Boomerang+1"],"picked":"Intimidate+1","floor":31.0},{"not_picked":["Barricade","Brutality"],"picked":"Reaper+1","floor":33.0},{"not_picked":["Ghostly Armor+1","Armaments"],"picked":"Shockwave+1","floor":35.0},{"not_picked":["Pummel+1","Carnage+1"],"picked":"Warcry+1","floor":36.0},{"not_picked":["Forethought","Bandage Up"],"picked":"Madness","floor":37.0},{"not_picked":["Trip","Panacea"],"picked":"Secret Weapon","floor":37.0},{"not_picked":["Uppercut+1","Pommel Strike+1"],"picked":"Dual Wield+1","floor":41},{"not_picked":["Armaments","Havoc+1","Clothesline+1"],"picked":"Singing Bowl","floor":45},{"not_picked":["Searing Blow+1","Infernal Blade+1","Thunderclap+1"],"picked":"Singing Bowl","floor":46},{"not_picked":["Twin Strike+1","Headbutt+1"],"picked":"Battle Trance","floor":47},{"not_picked":["Warcry","Perfected Strike+1"],"picked":"Spot Weakness","floor":48}],"player_experience":203843,"relics_obtained":[{"floor":7.0,"key":"Mercury Hourglass"},{"floor":9.0,"key":"Whetstone"},{"floor":12.0,"key":"Potion Belt"},{"floor":23.0,"key":"Happy Flower"},{"floor":23.0,"key":"Bottled Lightning"},{"floor":25.0,"key":"Boot"},{"floor":25.0,"key":"Mummified Hand"},{"floor":26.0,"key":"Molten Egg 2"},{"floor":41,"key":"Torii"},{"floor":41,"key":"Pen Nib"},{"floor":43,"key":"Singing Bowl"},{"floor":46,"key":"Letter Opener"},{"floor":46,"key":"Paper Frog"},{"floor":48,"key":"Shuriken"},{"floor":48,"key":"Omamori"}],"event_choices":[{"cards_removed":["Strike_R"],"damage_healed":0.0,"max_hp_gain":0.0,"max_hp_loss":0.0,"gold_gain":0.0,"event_name":"The Cleric","player_choice":"Card Removal","floor":4.0,"gold_loss":50.0,"damage_taken":0.0},{"damage_healed":0.0,"max_hp_gain":0.0,"max_hp_loss":0.0,"gold_gain":175.0,"event_name":"Liars Game","player_choice":"AGREE","floor":13.0,"gold_loss":0.0,"damage_taken":0.0,"cards_obtained":["Doubt"]},{"cards_removed":["Strike_R"],"damage_healed":0.0,"max_hp_gain":0.0,"max_hp_loss":0.0,"gold_gain":0.0,"event_name":"Back to Basics","player_choice":"Elegance","floor":19.0,"gold_loss":0.0,"damage_taken":0.0},{"damage_healed":26.0,"max_hp_gain":0.0,"max_hp_loss":0.0,"gold_gain":0.0,"event_name":"The Library","player_choice":"Heal","floor":21.0,"gold_loss":0.0,"damage_taken":0.0},{"damage_healed":0.0,"max_hp_gain":0.0,"max_hp_loss":0.0,"gold_gain":0.0,"event_name":"SensoryStone","player_choice":"Memory 2","floor":37.0,"gold_loss":0.0,"damage_taken":5.0},{"damage_healed":0.0,"max_hp_gain":0.0,"max_hp_loss":0.0,"gold_gain":0.0,"event_name":"Upgrade Shrine","player_choice":"Upgraded","floor":39.0,"gold_loss":0.0,"damage_taken":0.0,"cards_upgraded":["Madness"]}],"is_beta":false,"boss_relics":[{"not_picked":["Sozu","Philosopher\u0027s Stone"],"picked":"Black Star"},{"not_picked":["Tiny House","Pandora\u0027s Box"],"picked":"Eternal Feather"}],"items_purged_floors":[14],"is_endless":false,"potions_floor_spawned":[1,3,10,16,25,31,33,35,41,46,47],"ascension_level":4}