{"gold_per_floor":[115,40,40,54,74,106,106,126,200,200,220,220,245,284,284,373,373,394,410,30,44,44,44,44,44,118,118,118,142,178,192,192,288,288,303,43,43,43,376,376,388,419,419,445,445,445],"floor_reached":46,"playtime":4989,"items_purged":["Regret","Clumsy"],"score":1027,"play_id":"1e8fff46-c106-4cb2-9be9-f1baf7e4fb78","local_time":"20190726205900","is_ascension_mode":true,"campfire_choices":[{"floor":7,"key":"REST"},{"data":"Shrug It Off","floor":12,"key":"SMITH"},{"floor":15,"key":"REST"},{"data":"Heavy Blade","floor":23,"key":"SMITH"},{"data":"Bite","floor":27,"key":"SMITH"},{"data":"Bite","floor":32,"key":"SMITH"},{"data":"Bite","floor":40,"key":"SMITH"},{"data":"Bite","floor":45,"key":"SMITH"}],"neow_cost":"CURSE","seed_source_timestamp":346166009375391,"circlet_count":0,"master_deck":["AscendersBane","Defend_R","Defend_R","Defend_R+1","Defend_R","Bash+1","Demon Form","Anger","Cleave","Heavy Blade+1","Twin Strike","Disarm","Shrug It Off+1","Headbutt","Immolate","Offering","Burning Pact","Corruption","Impervious","Bite+1","Bite+1","Bite+1","Bite+1","Bite","J.A.X.","Parasite","Battle Trance","Reaper","Shrug It Off","Sword Boomerang+1","Parasite","Normality"],"relics":["Burning Blood","Calipers","Self Forming Clay","Orichalcum","Cursed Key","Lee\u0027s Waffle","Pantograph","Frozen Egg 2","Pocketwatch","Snecko Eye","Paper Frog","Ancient Tea Set"],"potions_floor_usage":[6,14,14,30,30,33,33,42,46],"damage_taken":[{"damage":14,"enemies":"Jaw Worm","floor":1,"turns":5},{"damage":8,"enemies":"2 Louse","floor":4,"turns":3},{"damage":11,"enemies":"Small Slimes","floor":5,"turns":4},{"damage":25,"enemies":"Lagavulin","floor":6,"turns":6},{"damage":16,"enemies":"Blue Slaver","floor":8,"turns":4},{"damage":4,"enemies":"2 Fungi Beasts","floor":11,"turns":3},{"damage":14,"enemies":"Exordium Thugs","floor":13,"turns":4},{"damage":8,"enemies":"Gremlin Nob","floor":14,"turns":3},{"damage":34,"enemies":"The Guardian","floor":16,"turns":10},{"damage":16,"enemies":"Chosen","floor":18,"turns":5},{"damage":21,"enemies":"2 Thieves","floor":19,"turns":3},{"damage":15,"enemies":"Centurion and Healer","floor":21,"turns":6},{"damage":46,"enemies":"Snecko","floor":29,"turns":7},{"damage":19,"enemies":"Gremlin Leader","floor":30,"turns":7},{"damage":27,"enemies":"Snake Plant","floor":31,"turns":5},{"damage":26,"enemies":"Champ","floor":33,"turns":9},{"damage":13,"enemies":"3 Shapes","floor":35,"turns":6},{"damage":17,"enemies":"3 Darklings","floor":41,"turns":5},{"damage":72,"enemies":"Nemesis","floor":42,"turns":7},{"damage":51,"enemies":"Sphere and 2 Shapes","floor":46,"turns":12}],"seed_played":"8267764331771703267","potions_obtained":[{"floor":4,"key":"Poison Potion"},{"floor":6,"key":"Ancient Potion"},{"floor":8,"key":"EssenceOfSteel"},{"floor":13,"key":"Block Potion"},{"floor":16,"key":"Energy Potion"},{"floor":19,"key":"Dexterity Potion"},{"floor":21,"key":"GamblersBrew"},{"floor":30,"key":"Ancient Potion"},{"floor":31,"key":"PowerPotion"},{"floor":33,"key":"Explosive Potion"},{"floor":35,"key":"PowerPotion"},{"floor":42,"key":"GamblersBrew"}],"is_trial":false,"path_per_floor":["M","$","?","M","M","E","R","M","T","?","M","R","M","E","R","B",null,"M","M","$","M","?","R","?","$","T","R","T","M","E","M","R","B",null,"M","$","?","$","?","R","M","E","T","T","R","M"],"character_chosen":"IRONCLAD","items_purchased":["Lee\u0027s Waffle","Impervious","Shrug It Off","Fruit Juice"],"campfire_rested":2,"item_purchase_floors":[20,20,36,36],"current_hp_per_floor":[60,60,37,35,30,11,33,23,23,23,25,25,17,15,35,7,53,43,28,75,66,52,52,52,52,52,52,52,31,31,28,28,52,52,48,48,48,48,48,48,49,27,27,27,27,0],"gold":445,"neow_bonus":"THREE_RARE_CARDS","is_prod":false,"is_daily":false,"chose_seed":false,"campfire_upgraded":6,"win_rate":0,"timestamp":1564192740,"path_taken":["M","$","?","M","M","E","R","M","T","?","M","R","M","E","R","BOSS","M","M","$","M","?","R","?","$","T","R","?","M","E","M","R","BOSS","M","$","?","$","?","R","M","E","T","?","R","?"],"build_version":"2019-07-17","purchased_purges":2,"victory":false,"max_hp_per_floor":[75,75,75,75,75,75,75,75,75,68,68,68,68,68,68,68,68,68,68,75,75,52,52,52,52,52,52,52,52,52,52,52,52,52,52,52,49,49,49,49,49,54,54,54,54,54],"card_choices":[{"not_picked":["Feed","Juggernaut"],"picked":"Demon Form","floor":0},{"not_picked":["Perfected Strike","Searing Blow"],"picked":"Anger","floor":1},{"not_picked":["Warcry","Havoc"],"picked":"Cleave","floor":4},{"not_picked":["Searing Blow","Dropkick"],"picked":"Heavy Blade","floor":5},{"not_picked":["Body Slam","Perfected Strike"],"picked":"Twin Strike","floor":6},{"not_picked":["Twin Strike","Armaments"],"picked":"Disarm","floor":8},{"not_picked":["Disarm","Spot Weakness"],"picked":"Shrug It Off","floor":11},{"not_picked":["Infernal Blade","Heavy Blade"],"picked":"Headbutt","floor":13},{"not_picked":["Headbutt","Heavy Blade"],"picked":"Immolate","floor":14},{"not_picked":["Juggernaut","Dark Embrace"],"picked":"Offering","floor":16},{"not_picked":["Cleave","Body Slam+1"],"picked":"Burning Pact","floor":18},{"not_picked":["Flex","Twin Strike"],"picked":"Corruption","floor":19},{"not_picked":["Twin Strike","Body Slam","Hemokinesis"],"picked":"SKIP","floor":21},{"not_picked":["Thunderclap","Wild Strike","Perfected Strike"],"picked":"SKIP","floor":29},{"not_picked":["Sentinel+1","Iron Wave"],"picked":"Battle Trance","floor":30},{"not_picked":["Anger+1","Wild Strike","Evolve+1"],"picked":"SKIP","floor":31},{"not_picked":["Impervious","Bludgeon"],"picked":"Reaper","floor":33},{"not_picked":["Perfected Strike","Iron Wave","Clothesline"],"picked":"SKIP","floor":35},{"not_picked":["Headbutt","Anger","Infernal Blade"],"picked":"SKIP","floor":41},{"not_picked":["Combust+1","Body Slam"],"picked":"Sword Boomerang+1","floor":42}],"player_experience":531291,"relics_obtained":[{"floor":6,"key":"Calipers"},{"floor":9,"key":"Self Forming Clay"},{"floor":14,"key":"Orichalcum"},{"floor":26,"key":"Pantograph"},{"floor":28,"key":"Frozen Egg 2"},{"floor":30,"key":"Pocketwatch"},{"floor":42,"key":"Paper Frog"},{"floor":44,"key":"Ancient Tea Set"}],"event_choices":[{"damage_healed":0,"gold_gain":0,"player_choice":"Entered Light","damage_taken":23,"max_hp_gain":0,"max_hp_loss":0,"event_name":"Shining Light","floor":3,"gold_loss":0,"cards_upgraded":["Bash","Defend_R"]},{"damage_healed":0,"gold_gain":0,"player_choice":"Lose Max HP","damage_taken":0,"relics_obtained":["Golden Idol"],"max_hp_gain":0,"max_hp_loss":7,"event_name":"Golden Idol","floor":10,"gold_loss":0},{"damage_healed":0,"gold_gain":0,"player_choice":"Became a vampire","damage_taken":0,"max_hp_gain":0,"max_hp_loss":23,"event_name":"Vampires","floor":22,"gold_loss":0,"cards_obtained":["Bite","Bite","Bite","Bite","Bite"]},{"damage_healed":0,"gold_gain":0,"player_choice":"Obtain J.A.X.","damage_taken":0,"max_hp_gain":0,"max_hp_loss":0,"event_name":"Drug Dealer","floor":24,"gold_loss":0,"cards_obtained":["J.A.X."]},{"damage_healed":0,"gold_gain":0,"player_choice":"Max HP","damage_taken":0,"max_hp_gain":0,"max_hp_loss":3,"event_name":"Winding Halls","floor":37,"gold_loss":0},{"damage_healed":0,"gold_gain":333,"player_choice":"Gave Idol","damage_taken":0,"max_hp_gain":0,"max_hp_loss":0,"event_name":"The Moai Head","floor":39,"relics_lost":["Golden Idol"],"gold_loss":0}],"is_beta":false,"boss_relics":[{"not_picked":["Philosopher\u0027s Stone","White Beast Statue"],"picked":"Cursed Key"},{"not_picked":["Lizard Tail","Orrery"],"picked":"Snecko Eye"}],"items_purged_floors":[2,36],"is_endless":false,"potions_floor_spawned":[4,6,8,13,16,19,21,30,31,33,35,42],"killed_by":"Sphere and 2 Shapes","ascension_level":19}