{"gold_per_floor":[111,125,144,73,73,111,111,126,180,211,211,284,299,322,322,451,451,474,161,181,197,197,197,236,236,316,241,275,275,289,313,313,441,441,464,185,203,0,0,0],"floor_reached":40,"playtime":3618,"items_purged":[],"score":436,"play_id":"a08abd57-7d99-4059-822e-580e469f3d33","local_time":"20190730221548","is_ascension_mode":false,"campfire_choices":[{"floor":11.0,"key":"REST"},{"floor":15.0,"key":"REST"},{"floor":23.0,"key":"REST"},{"floor":25.0,"key":"REST"},{"floor":29,"key":"REST"},{"data":"Heavy Blade","floor":32,"key":"SMITH"}],"neow_cost":"NONE","seed_source_timestamp":0,"circlet_count":0,"master_deck":["Strike_R","Strike_R","Defend_R","Defend_R","Defend_R","Defend_R","Bash+1","True Grit","Twin Strike","Flame Barrier","Ghostly Armor","Body Slam+1","Body Slam","Inflame","Metallicize","Shrug It Off","Rage","Reaper","Demon Form","Heavy Blade+1","Immolate","Iron Wave+1","Dual Wield","Metallicize","Shrug It Off","Seeing Red","Body Slam+1","Metallicize","Barricade","The Bomb","Writhe"],"special_seed":0,"relics":["Philosopher\u0027s Stone","Golden Idol","Dodecahedron","Ancient Tea Set","Whetstone","Magic Flower","Empty Cage","PreservedInsect","Lantern","Pantograph","Mercury Hourglass","Black Star","Red Mask"],"potions_floor_usage":[33,40,40],"damage_taken":[{"damage":0.0,"enemies":"Small Slimes","floor":1.0,"turns":3.0},{"damage":2.0,"enemies":"2 Louse","floor":2.0,"turns":2.0},{"damage":0.0,"enemies":"Jaw Worm","floor":3.0,"turns":2.0},{"damage":35.0,"enemies":"3 Sentries","floor":6.0,"turns":11.0},{"damage":1.0,"enemies":"Looter","floor":8.0,"turns":4.0},{"damage":19.0,"enemies":"Lagavulin","floor":10.0,"turns":8.0},{"damage":11.0,"enemies":"Lagavulin Event","floor":12.0,"turns":5.0},{"damage":3.0,"enemies":"Blue Slaver","floor":13.0,"turns":3.0},{"damage":0.0,"enemies":"2 Fungi Beasts","floor":14.0,"turns":2.0},{"damage":28.0,"enemies":"The Guardian","floor":16.0,"turns":11.0},{"damage":8.0,"enemies":"Chosen","floor":18.0,"turns":6.0},{"damage":18.0,"enemies":"Shell Parasite","floor":20.0,"turns":5.0},{"damage":21.0,"enemies":"Centurion and Healer","floor":21.0,"turns":7.0},{"damage":33.0,"enemies":"Slavers","floor":24.0,"turns":7.0},{"damage":28.0,"enemies":"Gremlin Leader","floor":28.0,"turns":6.0},{"damage":0,"enemies":"Snecko","floor":30,"turns":4},{"damage":2,"enemies":"3 Cultists","floor":31,"turns":5},{"damage":35,"enemies":"Automaton","floor":33,"turns":8},{"damage":22,"enemies":"Orb Walker","floor":35,"turns":3},{"damage":62,"enemies":"3 Darklings","floor":37,"turns":3},{"damage":41,"enemies":"Nemesis","floor":40,"turns":6}],"seed_played":"-3222344778572382846","potions_obtained":[{"floor":1.0,"key":"SteroidPotion"},{"floor":8.0,"key":"Weak Potion"},{"floor":10.0,"key":"LiquidBronze"},{"floor":12.0,"key":"Poison Potion"},{"floor":14.0,"key":"Regen Potion"},{"floor":16.0,"key":"Energy Potion"},{"floor":24.0,"key":"Energy Potion"},{"floor":30,"key":"Energy Potion"},{"floor":33,"key":"Fire Potion"}],"is_trial":false,"path_per_floor":["M","M","M","$","?","E","?","M","T","E","R","?","M","M","R","B",null,"M","$","M","M","?","R","E","R","T","?","E","R","M","M","R","B",null,"M","$","M","?","?","E"],"character_chosen":"IRONCLAD","items_purchased":["Ghostly Armor","PreservedInsect","Immolate","Swift Potion","PowerPotion","The Bomb"],"campfire_rested":5,"item_purchase_floors":[4,19,19,36,36,36],"current_hp_per_floor":[80,78,78,78,78,43,43,42,42,23,47,36,33,33,57,64,80,72,72,54,39,39,63,48,72,72,72,44,68,80,78,78,72,80,58,58,14,14,34,0],"gold":0,"neow_bonus":"BOSS_RELIC","is_prod":false,"is_daily":false,"chose_seed":false,"campfire_upgraded":1,"win_rate":0.0,"timestamp":1564539348,"path_taken":["M","M","M","$","?","E","?","M","T","E","R","?","?","M","R","BOSS","M","$","M","M","?","R","E","R","T","?","E","R","M","M","R","BOSS","M","$","M","?","?","E"],"build_version":"2019-07-17","purchased_purges":0,"victory":false,"max_hp_per_floor":[80,80,80,80,80,80,80,80,80,80,80,80,80,80,80,80,80,80,80,80,80,80,80,80,80,80,80,80,80,80,80,80,80,80,80,80,80,80,80,80],"card_choices":[{"not_picked":["Bloodletting","Perfected Strike"],"picked":"True Grit","floor":1.0},{"not_picked":["Clash","Warcry"],"picked":"Twin Strike","floor":2.0},{"not_picked":["Perfected Strike","Clothesline"],"picked":"Flame Barrier","floor":3.0},{"not_picked":["Limit Break","Wild Strike"],"picked":"Body Slam","floor":6.0},{"not_picked":["Wild Strike","Bloodletting"],"picked":"Inflame","floor":8.0},{"not_picked":["Corruption","Thunderclap"],"picked":"Metallicize","floor":10.0},{"not_picked":["Heavy Blade","Clash"],"picked":"Shrug It Off","floor":12.0},{"not_picked":["Reckless Charge","Flex"],"picked":"Rage","floor":13.0},{"not_picked":["Metallicize","Sever Soul"],"picked":"Reaper","floor":14.0},{"not_picked":["Double Tap","Reaper"],"picked":"Demon Form","floor":16.0},{"not_picked":["Battle Trance+1","Shrug It Off"],"picked":"Heavy Blade","floor":18.0},{"not_picked":["Flame Barrier","Bloodletting"],"picked":"Iron Wave+1","floor":20.0},{"not_picked":["Anger","Twin Strike+1"],"picked":"Dual Wield","floor":21.0},{"not_picked":["Cleave","Clash"],"picked":"Shrug It Off","floor":24.0},{"not_picked":["Iron Wave","Combust"],"picked":"Seeing Red","floor":28.0},{"not_picked":["Reckless Charge+1","Blood for Blood"],"picked":"Body Slam+1","floor":30},{"not_picked":["Warcry","Dual Wield"],"picked":"Metallicize","floor":31},{"not_picked":["Offering","Reaper"],"picked":"Barricade","floor":33},{"not_picked":["Shrug It Off","Twin Strike","Entrench"],"picked":"SKIP","floor":35},{"not_picked":["Disarm","Bloodletting+1","Anger"],"picked":"SKIP","floor":37}],"player_experience":88266,"relics_obtained":[{"floor":6.0,"key":"Dodecahedron"},{"floor":9.0,"key":"Ancient Tea Set"},{"floor":10.0,"key":"Whetstone"},{"floor":12.0,"key":"Magic Flower"},{"floor":24.0,"key":"Lantern"},{"floor":26.0,"key":"Pantograph"},{"floor":28.0,"key":"Mercury Hourglass"}],"event_choices":[{"damage_healed":0.0,"max_hp_gain":0.0,"max_hp_loss":0.0,"gold_gain":0.0,"event_name":"Golden Idol","player_choice":"Take Wound","floor":5.0,"gold_loss":0.0,"damage_taken":0.0,"relics_obtained":["Golden Idol"],"cards_obtained":["Injury"]},{"damage_healed":0.0,"max_hp_gain":0.0,"max_hp_loss":0.0,"gold_gain":0.0,"cards_transformed":["Strike_R"],"event_name":"Living Wall","player_choice":"Change","floor":7.0,"gold_loss":0.0,"damage_taken":0.0,"cards_obtained":["Body Slam"]},{"damage_healed":0.0,"max_hp_gain":0.0,"max_hp_loss":0.0,"gold_gain":0.0,"event_name":"Dead Adventurer","player_choice":"Searched \u00271\u0027 times","floor":12.0,"gold_loss":0.0,"damage_taken":0.0},{"damage_healed":0.0,"max_hp_gain":0.0,"max_hp_loss":0.0,"gold_gain":0.0,"event_name":"The Library","player_choice":"Read","floor":22.0,"gold_loss":0.0,"damage_taken":0.0,"cards_obtained":["Metallicize"]},{"cards_removed":["Injury"],"damage_healed":0.0,"max_hp_gain":0.0,"max_hp_loss":0.0,"gold_gain":0.0,"event_name":"Beggar","player_choice":"Gave Gold","floor":27.0,"gold_loss":75.0,"damage_taken":0.0},{"damage_healed":0,"gold_gain":0,"player_choice":"Paid","damage_taken":0,"relics_obtained":["Red Mask"],"max_hp_gain":0,"max_hp_loss":0,"event_name":"Tomb of Lord Red Mask","floor":38,"gold_loss":203},{"damage_healed":20,"gold_gain":0,"player_choice":"Writhe","damage_taken":0,"max_hp_gain":0,"max_hp_loss":0,"event_name":"Winding Halls","floor":39,"gold_loss":0,"cards_obtained":["Writhe"]}],"is_beta":false,"boss_relics":[{"not_picked":["Runic Dome","Busted Crown"],"picked":"Empty Cage"},{"not_picked":["Sozu","Tiny House"],"picked":"Black Star"}],"items_purged_floors":[],"is_endless":false,"potions_floor_spawned":[1,8,10,12,14,16,24,30,33],"killed_by":"Nemesis","ascension_level":0}