{"gold_per_floor":[109,184,198,198,123,123,12,41,41,41,59,93,93,113,113,191,191,111,111,111],"floor_reached":20,"playtime":682,"items_purged":[],"score":393,"play_id":"c2952ebf-5390-4b7b-9efc-c889fa4b168e","local_time":"20190713215421","is_ascension_mode":true,"campfire_choices":[{"data":"Cleave","floor":6,"key":"SMITH"},{"data":"True Grit","floor":10,"key":"SMITH"},{"data":"Dual Wield","floor":13,"key":"SMITH"},{"data":"Flex","floor":15,"key":"SMITH"}],"neow_cost":"NONE","seed_source_timestamp":272803991141112,"circlet_count":0,"master_deck":["AscendersBane","Strike_R","Strike_R","Strike_R","Defend_R","Defend_R","Defend_R","Defend_R","Bash","Armaments","Cleave+1","Flex+1","Heavy Blade","Shrug It Off","True Grit+1","Dual Wield+1","Pommel Strike","Shrug It Off","Offering","Ghostly Armor"],"relics":["Burning Blood","NeowsBlessing","PreservedInsect","Letter Opener","Regal Pillow","Ectoplasm"],"potions_floor_usage":[16,16],"damage_taken":[{"damage":0,"enemies":"Jaw Worm","floor":1,"turns":1},{"damage":0,"enemies":"2 Louse","floor":3,"turns":2},{"damage":0,"enemies":"Lagavulin","floor":8,"turns":1},{"damage":4,"enemies":"Small Slimes","floor":11,"turns":3},{"damage":8,"enemies":"Gremlin Nob","floor":12,"turns":3},{"damage":16,"enemies":"Blue Slaver","floor":14,"turns":4},{"damage":39,"enemies":"Slime Boss","floor":16,"turns":11},{"damage":17,"enemies":"2 Thieves","floor":18,"turns":4},{"damage":30,"enemies":"3 Byrds","floor":19,"turns":5},{"damage":46,"enemies":"Snecko","floor":20,"turns":5}],"seed_played":"827787427496505276","potions_obtained":[{"floor":8,"key":"Fire Potion"},{"floor":11,"key":"Strength Potion"}],"is_trial":false,"path_per_floor":["M","?","M","?","?","R","$","E","T","R","M","E","R","M","R","B",null,"M","M","M"],"character_chosen":"IRONCLAD","items_purchased":["Heavy Blade","Shrug It Off"],"campfire_rested":0,"item_purchase_floors":[7,7],"current_hp_per_floor":[74,63,69,69,69,69,69,75,75,75,75,73,73,63,63,30,64,53,29,0],"gold":111,"neow_bonus":"THREE_ENEMY_KILL","is_prod":false,"is_daily":false,"chose_seed":false,"campfire_upgraded":4,"win_rate":0,"timestamp":1563072861,"path_taken":["M","?","M","?","?","R","?","E","T","R","M","E","R","M","R","BOSS","M","?","M"],"build_version":"2019-07-05","purchased_purges":0,"victory":false,"max_hp_per_floor":[75,75,75,75,75,75,75,75,75,75,75,75,75,75,75,75,75,75,75,75],"card_choices":[{"not_picked":["Perfected Strike","Flex"],"picked":"Armaments","floor":1},{"not_picked":["Combust","Iron Wave"],"picked":"Cleave","floor":3},{"not_picked":["Armaments","Havoc"],"picked":"True Grit","floor":8},{"not_picked":["Power Through","Heavy Blade"],"picked":"Dual Wield","floor":11},{"not_picked":["Anger","Clothesline"],"picked":"Pommel Strike","floor":12},{"not_picked":["Twin Strike","Wild Strike"],"picked":"Shrug It Off","floor":14},{"not_picked":["Berserk","Impervious"],"picked":"Offering","floor":16},{"not_picked":["True Grit","Hemokinesis"],"picked":"Ghostly Armor","floor":18},{"not_picked":["True Grit","Wild Strike","Uppercut"],"picked":"SKIP","floor":19}],"player_experience":487263,"relics_obtained":[{"floor":8,"key":"PreservedInsect"},{"floor":9,"key":"Letter Opener"},{"floor":12,"key":"Regal Pillow"}],"event_choices":[{"damage_healed":0,"gold_gain":75,"player_choice":"Gather Gold","damage_taken":11,"max_hp_gain":0,"max_hp_loss":0,"event_name":"World of Goop","floor":2,"gold_loss":0},{"damage_healed":0,"gold_gain":0,"cards_transformed":["Strike_R"],"player_choice":"Change","damage_taken":0,"max_hp_gain":0,"max_hp_loss":0,"event_name":"Living Wall","floor":4,"gold_loss":0,"cards_obtained":["Flex"]},{"cards_removed":["Strike_R"],"damage_healed":0,"gold_gain":0,"player_choice":"Card Removal","damage_taken":0,"max_hp_gain":0,"max_hp_loss":0,"event_name":"The Cleric","floor":5,"gold_loss":75}],"is_beta":false,"boss_relics":[{"not_picked":["Mark of Pain","Tiny House"],"picked":"Ectoplasm"}],"items_purged_floors":[],"is_endless":false,"potions_floor_spawned":[8,11],"killed_by":"Snecko","ascension_level":18}