{"gold_per_floor":[115,40,40,40,57,85,85,85,85,99,119,119,145,4,4,4],"floor_reached":16,"playtime":523,"items_purged":["Strike_R","Strike_R"],"score":253,"play_id":"0075f7af-ebdc-4f92-89a8-fa6554dff9be","local_time":"20190715181329","is_ascension_mode":true,"campfire_choices":[{"data":"Demon Form","floor":8,"key":"SMITH"},{"data":"Sword Boomerang","floor":12,"key":"SMITH"},{"data":"Bash","floor":15,"key":"SMITH"}],"neow_cost":"NONE","seed_source_timestamp":432515650923224,"circlet_count":0,"master_deck":["AscendersBane","Strike_R","Strike_R","Defend_R","Defend_R","Defend_R","Defend_R","Bash+1","Sword Boomerang+1","Demon Form+1","Pummel","Pommel Strike","Ghostly Armor","Battle Trance","Intimidate"],"relics":["Burning Blood","NeowsBlessing","Self Forming Clay","Letter Opener","Mercury Hourglass"],"potions_floor_usage":[13,16],"damage_taken":[{"damage":0,"enemies":"Cultist","floor":1,"turns":1},{"damage":0,"enemies":"Jaw Worm","floor":5,"turns":1},{"damage":0,"enemies":"Lagavulin","floor":6,"turns":1},{"damage":5,"enemies":"2 Louse","floor":10,"turns":3},{"damage":28,"enemies":"Exordium Wildlife","floor":11,"turns":5},{"damage":19,"enemies":"3 Sentries","floor":13,"turns":5},{"damage":56,"enemies":"Hexaghost","floor":16,"turns":9}],"seed_played":"6717462185572468304","potions_obtained":[{"floor":5,"key":"Poison Potion"},{"floor":6,"key":"Regen Potion"},{"floor":10,"key":"AttackPotion"}],"is_trial":false,"path_per_floor":["M","$","?","$","M","E","T","R","T","M","M","R","E","$","R","B"],"character_chosen":"IRONCLAD","items_purchased":["Intimidate"],"campfire_rested":0,"item_purchase_floors":[14],"current_hp_per_floor":[74,74,74,74,75,75,75,75,75,75,53,53,40,40,40,0],"gold":4,"neow_bonus":"THREE_ENEMY_KILL","is_prod":false,"is_daily":false,"chose_seed":false,"campfire_upgraded":3,"win_rate":0,"timestamp":1563232409,"path_taken":["M","?","?","$","M","E","?","R","T","M","M","R","E","$","R","BOSS"],"build_version":"2019-07-05","purchased_purges":2,"victory":false,"max_hp_per_floor":[75,75,75,75,75,75,75,75,75,75,75,75,75,75,75,75],"card_choices":[{"not_picked":["Clash","Wild Strike"],"picked":"Sword Boomerang","floor":1},{"not_picked":["Anger","Pommel Strike"],"picked":"Pummel","floor":5},{"not_picked":["Rage","Evolve","Wild Strike"],"picked":"SKIP","floor":6},{"not_picked":["Bloodletting","Cleave"],"picked":"Pommel Strike","floor":10},{"not_picked":["Second Wind","Perfected Strike"],"picked":"Ghostly Armor","floor":11},{"not_picked":["Sword Boomerang","Warcry"],"picked":"Battle Trance","floor":13}],"player_experience":493374,"relics_obtained":[{"floor":6,"key":"Self Forming Clay"},{"floor":7,"key":"Letter Opener"},{"floor":13,"key":"Mercury Hourglass"}],"event_choices":[{"damage_healed":0,"gold_gain":0,"cards_transformed":["Strike_R"],"player_choice":"Change","damage_taken":0,"max_hp_gain":0,"max_hp_loss":0,"event_name":"Living Wall","floor":3,"gold_loss":0,"cards_obtained":["Demon Form"]}],"is_beta":false,"boss_relics":[],"items_purged_floors":[2,14],"is_endless":false,"potions_floor_spawned":[5,6,10],"killed_by":"Hexaghost","ascension_level":18}