{"gold_per_floor":[119,10,10,85,85,85,105,128,128,158,173,208,236,186,186,286,286,304,322,322,322,180,51,150,150,199,233,233,49,49,49],"floor_reached":31,"playtime":1165,"items_purged":["Strike_B","Defend_B","Strike_B","Defend_B"],"score":280,"play_id":"3ce1b16c-d792-4e4f-9e36-710c72874dba","local_time":"20190107234118","is_ascension_mode":false,"campfire_choices":[{"data":"Zap","floor":6,"key":"SMITH"},{"data":"Chaos","floor":15,"key":"SMITH"},{"floor":28,"key":"REST"},{"data":"Loop","floor":30,"key":"SMITH"}],"neow_cost":"NONE","seed_source_timestamp":1496511812254477,"circlet_count":0,"master_deck":["Defend_B","Zap+1","Dualcast","Ball Lightning","Capacitor","Coolheaded","Turbo","Chaos+1","Auto Shields","Machine Learning","Electrodynamics","Genetic Algorithm+1","Loop+1","Defragment","Heatsinks","Conserve Battery+1","Self Repair"],"relics":["Cracked Core","NeowsBlessing","Singing Bowl","The Courier","Juzu Bracelet","Odd Mushroom","White Beast Statue","Art of War","Oddly Smooth Stone"],"potions_floor_usage":[18,27,31],"damage_taken":[{"damage":0,"enemies":"Small Slimes","floor":1,"turns":1},{"damage":0,"enemies":"2 Louse","floor":7,"turns":1},{"damage":0,"enemies":"3 Sentries","floor":10,"turns":1},{"damage":0,"enemies":"Cultist","floor":11,"turns":4},{"damage":12,"enemies":"Lagavulin","floor":12,"turns":6},{"damage":16,"enemies":"The Mushroom Lair","floor":13,"turns":5},{"damage":7,"enemies":"Hexaghost","floor":16,"turns":9},{"damage":0,"enemies":"Spheric Guardian","floor":18,"turns":3},{"damage":6,"enemies":"3 Byrds","floor":19,"turns":3},{"damage":44,"enemies":"Book of Stabbing","floor":27,"turns":8},{"damage":36,"enemies":"Gremlin Leader","floor":31,"turns":3}],"seed_played":"7848436510305831488","potions_obtained":[{"floor":10,"key":"Poison Potion"},{"floor":11,"key":"AttackPotion"},{"floor":13,"key":"EssenceOfSteel"},{"floor":16,"key":"Dexterity Potion"},{"floor":18,"key":"FocusPotion"},{"floor":27,"key":"EssenceOfSteel"}],"is_trial":false,"path_per_floor":["M","$","?","?","?","R","M","T","T","E","M","E","?","?","R","B",null,"M","M","?","?","$","$","?","?","T","E","R","$","R","E"],"character_chosen":"DEFECT","items_purchased":["Capacitor","Defragment","Heatsinks","Self Repair"],"campfire_rested":1,"item_purchase_floors":[2,22,23,29],"current_hp_per_floor":[75,75,75,64,57,57,57,57,57,57,57,45,29,29,29,22,75,75,69,55,55,55,55,55,55,55,11,35,35,35,0],"gold":49,"neow_bonus":"THREE_ENEMY_KILL","is_prod":false,"is_daily":false,"chose_seed":false,"campfire_upgraded":3,"win_rate":0,"timestamp":1546929678,"path_taken":["M","$","?","?","?","R","M","?","T","E","?","E","?","?","R","BOSS","M","M","?","?","?","$","?","?","T","E","R","$","R","E"],"build_version":"2019-01-03v4","purchased_purges":4,"victory":false,"max_hp_per_floor":[75,75,75,75,75,75,75,75,75,75,75,75,75,75,75,75,75,75,75,80,80,80,80,80,80,80,80,80,80,80,80],"card_choices":[{"not_picked":["Storm","Scrape"],"picked":"Ball Lightning","floor":1},{"not_picked":["Lockon","Steam"],"picked":"Coolheaded","floor":7},{"not_picked":["Sunder","Gash"],"picked":"Turbo","floor":10},{"not_picked":["Reprogram","Force Field"],"picked":"Chaos","floor":11},{"not_picked":["Conserve Battery","Steam"],"picked":"Auto Shields","floor":12},{"not_picked":["Darkness","Tempest"],"picked":"Machine Learning","floor":13},{"not_picked":["Thunder Strike","Amplify"],"picked":"Electrodynamics","floor":16},{"not_picked":["Compile Driver","Sunder"],"picked":"Genetic Algorithm+1","floor":18},{"not_picked":["Sweeping Beam+1","Steam+1"],"picked":"Loop","floor":19},{"not_picked":["Steam","Beam Cell"],"picked":"Conserve Battery+1","floor":27}],"player_experience":229816,"relics_obtained":[{"floor":9,"key":"Singing Bowl"},{"floor":10,"key":"The Courier"},{"floor":12,"key":"Juzu Bracelet"},{"floor":13,"key":"Odd Mushroom"},{"floor":26,"key":"Art of War"},{"floor":27,"key":"Oddly Smooth Stone"}],"event_choices":[{"damage_healed":0,"gold_gain":0,"player_choice":"Ignored","damage_taken":0,"max_hp_gain":0,"max_hp_loss":0,"event_name":"Liars Game","floor":3,"gold_loss":0},{"damage_healed":0,"gold_gain":75,"player_choice":"Gather Gold","damage_taken":11,"max_hp_gain":0,"max_hp_loss":0,"event_name":"World of Goop","floor":4,"gold_loss":0},{"cards_removed":["Strike_B"],"damage_healed":0,"gold_gain":0,"player_choice":"Card Removal","damage_taken":7,"max_hp_gain":0,"max_hp_loss":0,"event_name":"Golden Wing","floor":5,"gold_loss":0},{"damage_healed":0,"gold_gain":0,"player_choice":"Fought Mushrooms","damage_taken":0,"max_hp_gain":0,"max_hp_loss":0,"event_name":"Mushrooms","floor":13,"gold_loss":0},{"cards_removed":["Strike_B"],"damage_healed":0,"gold_gain":0,"player_choice":"Card Removal","damage_taken":0,"max_hp_gain":0,"max_hp_loss":0,"event_name":"The Cleric","floor":14,"gold_loss":50},{"damage_healed":0,"gold_gain":0,"player_choice":"Shed Blood","damage_taken":19,"max_hp_gain":5,"max_hp_loss":0,"event_name":"Forgotten Altar","floor":20,"gold_loss":0},{"damage_healed":0,"gold_gain":0,"player_choice":"Ignored","damage_taken":0,"max_hp_gain":0,"max_hp_loss":0,"event_name":"The Mausoleum","floor":21,"gold_loss":0},{"damage_healed":0,"gold_gain":99,"player_choice":"Stole From Cult","damage_taken":0,"max_hp_gain":0,"max_hp_loss":0,"event_name":"Nest","floor":24,"gold_loss":0},{"cards_removed":["Defend_B"],"damage_healed":0,"gold_gain":0,"player_choice":"Offered Basic","damage_taken":0,"max_hp_gain":0,"max_hp_loss":0,"event_name":"Bonfire Elementals","floor":25,"gold_loss":0}],"is_beta":true,"boss_relics":[{"not_picked":["Orrery","Velvet Choker"],"picked":"White Beast Statue"}],"items_purged_floors":[2,22,23,29],"is_endless":false,"potions_floor_spawned":[10,11,13,16,18,19,27],"killed_by":"Gremlin Leader","ascension_level":0}