{"gold_per_floor":[113,124,141,141,159,159,187,199,236,282,294],"floor_reached":11,"playtime":510,"items_purged":[],"score":95,"play_id":"46d89bfc-fd96-46c6-9237-521d53865902","local_time":"20190523235923","is_ascension_mode":true,"campfire_choices":[{"data":"True Grit","floor":6,"key":"SMITH"}],"neow_cost":"NONE","seed_source_timestamp":672078443297601,"circlet_count":0,"master_deck":["Strike_R","Strike_R","Strike_R","Strike_R","Strike_R","Defend_R+1","Defend_R","Defend_R","Defend_R","Bash","Shockwave","True Grit+1","Spot Weakness","Headbutt","Bloodletting+1","Sword Boomerang"],"relics":["Burning Blood","Orichalcum","MawBank","Vajra","Magic Flower"],"potions_floor_usage":[10,10],"damage_taken":[{"damage":12,"enemies":"Jaw Worm","floor":1,"turns":2},{"damage":4,"enemies":"2 Louse","floor":2,"turns":3},{"damage":2,"enemies":"Cultist","floor":3,"turns":4},{"damage":25,"enemies":"Lots of Slimes","floor":5,"turns":6},{"damage":23,"enemies":"3 Sentries","floor":7,"turns":7},{"damage":17,"enemies":"Gremlin Nob","floor":10,"turns":4},{"damage":11,"enemies":"Large Slime","floor":11,"turns":4}],"seed_played":"-3512092418203676000","potions_obtained":[{"floor":0,"key":"AttackPotion"},{"floor":0,"key":"FairyPotion"},{"floor":0,"key":"Energy Potion"},{"floor":3,"key":"Fire Potion"},{"floor":5,"key":"Fire Potion"}],"is_trial":false,"path_per_floor":["M","M","M","?","M","R","E","?","T","E","M"],"character_chosen":"IRONCLAD","items_purchased":[],"campfire_rested":0,"item_purchase_floors":[],"current_hp_per_floor":[74,76,80,73,54,54,37,21,21,10,0],"gold":294,"neow_bonus":"THREE_SMALL_POTIONS","is_prod":false,"is_daily":false,"chose_seed":false,"campfire_upgraded":1,"win_rate":0,"timestamp":1558673963,"path_taken":["M","M","M","?","M","R","E","?","T","E","M"],"build_version":"2019-01-23","purchased_purges":0,"victory":false,"max_hp_per_floor":[80,80,80,80,80,80,80,80,80,80,80],"card_choices":[{"not_picked":["Twin Strike","Headbutt"],"picked":"Shockwave","floor":1},{"not_picked":["Iron Wave","Evolve"],"picked":"True Grit","floor":2},{"not_picked":["Cleave","Wild Strike"],"picked":"Spot Weakness","floor":3},{"not_picked":["Reckless Charge","True Grit"],"picked":"Headbutt","floor":5},{"not_picked":["Shockwave","Havoc"],"picked":"Bloodletting","floor":7},{"not_picked":["Wild Strike","Headbutt"],"picked":"Sword Boomerang","floor":10}],"player_experience":159944,"relics_obtained":[{"floor":7,"key":"MawBank"},{"floor":9,"key":"Vajra"},{"floor":10,"key":"Magic Flower"}],"event_choices":[{"damage_healed":0,"gold_gain":0,"player_choice":"Success","damage_taken":7,"relics_obtained":["Orichalcum"],"max_hp_gain":0,"max_hp_loss":0,"event_name":"Scrap Ooze","floor":4,"gold_loss":0},{"damage_healed":0,"gold_gain":0,"player_choice":"Entered Light","damage_taken":16,"max_hp_gain":0,"max_hp_loss":0,"event_name":"Shining Light","floor":8,"gold_loss":0,"cards_upgraded":["Bloodletting","Defend_R"]}],"is_beta":false,"boss_relics":[],"items_purged_floors":[],"is_endless":false,"potions_floor_spawned":[1,3,5],"killed_by":"Large Slime","ascension_level":3}