{"gold_per_floor":[115,133,149,0,75,75,105,105,105,105,105],"floor_reached":11,"playtime":318,"items_purged":["Strike_R"],"score":117,"play_id":"9134f7e3-d69b-4c40-9c45-6745ecc6dc8e","local_time":"20190627165654","is_ascension_mode":true,"campfire_choices":[{"data":"Searing Blow","floor":6,"key":"SMITH"},{"floor":8,"key":"DIG"}],"neow_cost":"NONE","seed_source_timestamp":101610149994878,"circlet_count":0,"master_deck":["AscendersBane","Strike_R","Strike_R","Strike_R","Strike_R","Defend_R","Defend_R","Defend_R","Defend_R","Bash","Evolve","Disarm","Flame Barrier","Pommel Strike","Searing Blow+1","Ghostly Armor"],"relics":["Burning Blood","Shovel","Bronze Scales","Mummified Hand","Happy Flower"],"potions_floor_usage":[7,7],"damage_taken":[{"damage":6,"enemies":"Cultist","floor":1,"turns":4},{"damage":14,"enemies":"Jaw Worm","floor":2,"turns":4},{"damage":9,"enemies":"2 Louse","floor":3,"turns":3},{"damage":34,"enemies":"Gremlin Nob","floor":7,"turns":5},{"damage":4,"enemies":"Red Slaver","floor":11,"turns":1}],"seed_played":"-6020946900587210623","potions_obtained":[{"floor":1,"key":"SkillPotion"},{"floor":2,"key":"Swift Potion"}],"is_trial":false,"path_per_floor":["M","M","M","$","?","R","E","R","T","?","M"],"character_chosen":"IRONCLAD","items_purchased":["Searing Blow"],"campfire_rested":0,"item_purchase_floors":[4],"current_hp_per_floor":[72,64,61,61,50,50,22,22,22,4,0],"gold":105,"neow_bonus":"THREE_CARDS","is_prod":false,"is_daily":false,"chose_seed":false,"campfire_upgraded":1,"win_rate":0,"timestamp":1561672614,"path_taken":["M","M","M","$","?","R","E","R","T","?","M"],"build_version":"2019-01-23","purchased_purges":1,"victory":false,"max_hp_per_floor":[80,80,80,80,80,80,80,80,80,80,80],"card_choices":[{"not_picked":["Warcry","Reckless Charge"],"picked":"Evolve","floor":0},{"not_picked":["Clash","Armaments"],"picked":"Disarm","floor":1},{"not_picked":["Reckless Charge","True Grit"],"picked":"Flame Barrier","floor":2},{"not_picked":["Clash","True Grit"],"picked":"Pommel Strike","floor":3},{"not_picked":["Body Slam","Anger"],"picked":"Ghostly Armor","floor":7}],"player_experience":413346,"relics_obtained":[{"floor":7,"key":"Shovel"},{"floor":8,"key":"Bronze Scales"},{"floor":9,"key":"Mummified Hand"}],"event_choices":[{"damage_healed":0,"gold_gain":75,"player_choice":"Gather Gold","damage_taken":11,"max_hp_gain":0,"max_hp_loss":0,"event_name":"World of Goop","floor":5,"gold_loss":0},{"damage_healed":0,"gold_gain":0,"player_choice":"Success","damage_taken":18,"relics_obtained":["Happy Flower"],"max_hp_gain":0,"max_hp_loss":0,"event_name":"Scrap Ooze","floor":10,"gold_loss":0}],"is_beta":false,"boss_relics":[],"items_purged_floors":[4],"is_endless":false,"potions_floor_spawned":[1,2,3],"killed_by":"Red Slaver","ascension_level":13}