{"gold_per_floor":[15,15,90,109,128,128,155,155,155,190,23,53,73,73,73,144,144,159,170,183,3,3,3,31,31,31,31,31,56,70,30,30,106,106,124,49,63,63,63,63],"floor_reached":40,"playtime":2148,"items_purged":["Strike_R","Strike_R"],"score":839,"play_id":"45acc551-6213-489b-986a-8e7d11ba85fb","local_time":"20190722202310","is_ascension_mode":true,"campfire_choices":[{"data":"Apotheosis","floor":6,"key":"SMITH"},{"floor":8,"key":"REST"},{"floor":15,"key":"REST"},{"data":"True Grit","floor":23,"key":"SMITH"},{"floor":25,"key":"REST"},{"floor":32,"key":"REST"}],"neow_cost":"NO_GOLD","seed_source_timestamp":1248764355075,"circlet_count":0,"master_deck":["AscendersBane","Defend_R","Defend_R","Defend_R","Defend_R","Bash","Apotheosis+1","Finesse","Shockwave","Shrug It Off","Spot Weakness","Feel No Pain","Thunderclap+1","Pummel+1","Ghostly Armor","Demon Form","Body Slam+1","Sword Boomerang+1","True Grit+1","Uppercut+1","Intimidate","Disarm","Offering","Twin Strike+1","Whirlwind+1","Rupture","Madness","Parasite"],"relics":["Burning Blood","Matryoshka","Molten Egg 2","Gambling Chip","Paper Frog","Tiny Chest","Busted Crown","Bottled Tornado","Juzu Bracelet","Pen Nib","Bird Faced Urn","Cursed Key","Vajra"],"potions_floor_usage":[19,20,29,40,40],"damage_taken":[{"damage":0,"enemies":"Cultist","floor":1,"turns":4},{"damage":12,"enemies":"Small Slimes","floor":4,"turns":5},{"damage":12,"enemies":"Jaw Worm","floor":5,"turns":5},{"damage":16,"enemies":"Lagavulin","floor":7,"turns":8},{"damage":14,"enemies":"3 Sentries","floor":10,"turns":10},{"damage":10,"enemies":"Exordium Wildlife","floor":13,"turns":4},{"damage":17,"enemies":"The Guardian","floor":16,"turns":13},{"damage":9,"enemies":"Spheric Guardian","floor":18,"turns":6},{"damage":3,"enemies":"3 Byrds","floor":19,"turns":4},{"damage":10,"enemies":"Centurion and Healer","floor":20,"turns":6},{"damage":29,"enemies":"Book of Stabbing","floor":24,"turns":4},{"damage":29,"enemies":"Gremlin Leader","floor":29,"turns":5},{"damage":11,"enemies":"Chosen and Byrds","floor":30,"turns":6},{"damage":4,"enemies":"Automaton","floor":33,"turns":5},{"damage":29,"enemies":"3 Shapes","floor":35,"turns":6},{"damage":36,"enemies":"Orb Walker","floor":37,"turns":4},{"damage":35,"enemies":"Reptomancer","floor":40,"turns":3}],"seed_played":"-8439876600059281187","potions_obtained":[{"floor":16,"key":"FearPotion"},{"floor":18,"key":"Explosive Potion"},{"floor":24,"key":"SkillPotion"},{"floor":33,"key":"AttackPotion"},{"floor":35,"key":"SpeedPotion"}],"is_trial":false,"path_per_floor":["M","$","?","M","M","R","E","R","T","E","$","?","M","?","R","B",null,"M","M","M","$","?","R","E","R","T","?","?","E","M","$","R","B",null,"M","?","M","?","T","E"],"character_chosen":"IRONCLAD","items_purchased":["Pummel+1","Energy Potion","Sword Boomerang+1","True Grit","Disarm"],"campfire_rested":4,"item_purchase_floors":[11,11,21,21,31],"current_hp_per_floor":[74,74,63,57,51,51,41,63,63,55,55,44,40,40,62,51,69,66,69,65,65,65,65,42,64,64,64,64,41,38,38,60,66,73,54,54,28,28,28,0],"gold":63,"neow_bonus":"RANDOM_COLORLESS_2","is_prod":false,"is_daily":false,"chose_seed":false,"campfire_upgraded":2,"win_rate":0,"timestamp":1563844990,"path_taken":["M","?","?","M","M","R","E","R","T","E","$","?","?","?","R","BOSS","M","M","M","$","?","R","E","R","T","?","?","E","M","$","R","BOSS","M","?","M","?","?","E"],"build_version":"2019-07-17","purchased_purges":2,"victory":false,"max_hp_per_floor":[75,75,75,75,75,75,75,75,75,75,75,75,75,75,75,75,75,75,75,75,75,75,75,75,75,75,75,75,75,75,75,75,75,75,75,75,75,75,75,75],"card_choices":[{"not_picked":["Perfected Strike","Clash"],"picked":"Shockwave","floor":1},{"not_picked":["Sword Boomerang","True Grit"],"picked":"Shrug It Off","floor":4},{"not_picked":["Armaments","Sentinel"],"picked":"Spot Weakness","floor":5},{"not_picked":["Sever Soul","Sword Boomerang"],"picked":"Feel No Pain","floor":7},{"not_picked":["Headbutt+1","Clash+1"],"picked":"Thunderclap+1","floor":10},{"not_picked":["Fire Breathing","Headbutt+1"],"picked":"Ghostly Armor","floor":13},{"not_picked":["Exhume","Dark Embrace"],"picked":"Demon Form","floor":16},{"not_picked":[],"picked":"Body Slam+1","floor":18},{"not_picked":["Wild Strike+1"],"picked":"SKIP","floor":19},{"not_picked":["Flex"],"picked":"SKIP","floor":20},{"not_picked":["Perfected Strike+1"],"picked":"SKIP","floor":24},{"not_picked":["Rupture+1"],"picked":"SKIP","floor":29},{"not_picked":[],"picked":"Intimidate","floor":30},{"not_picked":[],"picked":"Offering","floor":33},{"not_picked":[],"picked":"Twin Strike+1","floor":35},{"not_picked":["Havoc"],"picked":"SKIP","floor":37},{"not_picked":[],"picked":"Madness","floor":38}],"player_experience":526598,"relics_obtained":[{"floor":7,"key":"Matryoshka"},{"floor":9,"key":"Molten Egg 2"},{"floor":9,"key":"Gambling Chip"},{"floor":10,"key":"Paper Frog"},{"floor":24,"key":"Bottled Tornado"},{"floor":26,"key":"Juzu Bracelet"},{"floor":26,"key":"Pen Nib"},{"floor":29,"key":"Bird Faced Urn"},{"floor":39,"key":"Vajra"}],"event_choices":[{"damage_healed":0,"gold_gain":75,"player_choice":"Gather Gold","damage_taken":11,"max_hp_gain":0,"max_hp_loss":0,"event_name":"World of Goop","floor":3,"gold_loss":0},{"damage_healed":0,"gold_gain":0,"player_choice":"Success","damage_taken":11,"relics_obtained":["Tiny Chest"],"max_hp_gain":0,"max_hp_loss":0,"event_name":"Scrap Ooze","floor":12,"gold_loss":0},{"damage_healed":0,"gold_gain":0,"player_choice":"Ignored","damage_taken":0,"max_hp_gain":0,"max_hp_loss":0,"event_name":"Liars Game","floor":14,"gold_loss":0},{"damage_healed":0,"gold_gain":0,"player_choice":"Ignored","damage_taken":0,"max_hp_gain":0,"max_hp_loss":0,"event_name":"Vampires","floor":22,"gold_loss":0},{"damage_healed":0,"gold_gain":0,"player_choice":"1 cards matched","damage_taken":0,"max_hp_gain":0,"max_hp_loss":0,"event_name":"Match and Keep!","floor":27,"gold_loss":0,"cards_obtained":["Uppercut"]},{"cards_removed":["Strike_R"],"damage_healed":0,"gold_gain":0,"player_choice":"Elegance","damage_taken":0,"max_hp_gain":0,"max_hp_loss":0,"event_name":"Back to Basics","floor":28,"gold_loss":0},{"damage_healed":0,"gold_gain":0,"cards_transformed":["Strike_R","Strike_R"],"player_choice":"Transformed Cards","damage_taken":0,"max_hp_gain":0,"max_hp_loss":0,"event_name":"Designer","floor":36,"gold_loss":75,"cards_obtained":["Whirlwind","Rupture"]},{"damage_healed":0,"gold_gain":0,"player_choice":"Memory 1","damage_taken":0,"max_hp_gain":0,"max_hp_loss":0,"event_name":"SensoryStone","floor":38,"gold_loss":0}],"is_beta":false,"boss_relics":[{"not_picked":["Astrolabe","Runic Cube"],"picked":"Busted Crown"},{"not_picked":["Tiny House","Sozu"],"picked":"Cursed Key"}],"items_purged_floors":[11,21],"is_endless":false,"potions_floor_spawned":[16,18,24,33,35,37],"killed_by":"Reptomancer","ascension_level":19}