{"gold_per_floor":[113,113,125,225,225,251,251,277,277,277,312,324,150,225,225,324,324,324,249,249,249,249,249,249,249,249,249,141,141,141],"floor_reached":30,"playtime":1394,"items_purged":["Strike_B","Defend_B"],"score":407,"play_id":"9939e84b-5c60-43b5-aa88-a5c7cf169b16","local_time":"20181028183141","is_ascension_mode":true,"campfire_choices":[{"data":"Dualcast","floor":7,"key":"SMITH"},{"data":"Cold Snap","floor":10,"key":"SMITH"},{"floor":15,"key":"REST"},{"data":"Reinforced Body","floor":23,"key":"SMITH"},{"data":"Buffer","floor":25,"key":"SMITH"},{"floor":27,"key":"REST"}],"neow_cost":"NONE","seed_source_timestamp":570449866695916,"circlet_count":0,"master_deck":["Strike_B+1","Strike_B","Strike_B","Defend_B","Zap+1","Dualcast+1","Lockon","Heatsinks","Cold Snap+1","Stack","Go for the Eyes+1","Leap","Barrage+1","Reinforced Body+1","Core Surge+1","Undo+1","Sweeping Beam+1","Darkness+1","Buffer+1","Self Repair"],"relics":["Cracked Core","NeowsBlessing","Question Card","StoneCalendar","Molten Egg 2","Shovel","Ectoplasm","The Courier","Smiling Mask"],"potions_floor_usage":[16,21,30],"damage_taken":[{"damage":0,"enemies":"2 Louse","floor":1,"turns":1},{"damage":0,"enemies":"Jaw Worm","floor":3,"turns":1},{"damage":0,"enemies":"Lagavulin","floor":6,"turns":1},{"damage":22,"enemies":"3 Sentries","floor":8,"turns":8},{"damage":16,"enemies":"Lagavulin","floor":11,"turns":7},{"damage":0,"enemies":"Cultist","floor":12,"turns":3},{"damage":13,"enemies":"Slime Boss","floor":16,"turns":7},{"damage":11,"enemies":"Chosen","floor":18,"turns":5},{"damage":0,"enemies":"Spheric Guardian","floor":20,"turns":3},{"damage":9,"enemies":"Snake Plant","floor":21,"turns":4},{"damage":10,"enemies":"Chosen and Byrds","floor":22,"turns":6},{"damage":24,"enemies":"Book of Stabbing","floor":24,"turns":5},{"damage":0,"enemies":"Snecko","floor":29,"turns":6},{"damage":42,"enemies":"Gremlin Leader","floor":30,"turns":6}],"seed_played":"6077369165412954148","potions_obtained":[{"floor":1,"key":"Poison Potion"},{"floor":12,"key":"SkillPotion"},{"floor":20,"key":"Energy Potion"},{"floor":21,"key":"FearPotion"},{"floor":24,"key":"SkillPotion"}],"is_trial":false,"path_per_floor":["M","?","M","?","?","E","R","E","T","R","E","M","$","?","R","B",null,"M","?","M","M","M","R","E","R","T","R","$","M"],"character_chosen":"DEFECT","items_purchased":["Barrage+1","Reinforced Body","Self Repair"],"campfire_rested":2,"item_purchase_floors":[13,13,28],"current_hp_per_floor":[68,53,53,53,53,53,53,31,31,31,15,15,15,4,26,13,60,49,49,49,40,30,30,6,6,6,28,28,35,0],"gold":141,"neow_bonus":"THREE_ENEMY_KILL","is_prod":false,"is_daily":false,"chose_seed":false,"campfire_upgraded":4,"win_rate":0,"timestamp":1540773101,"path_taken":["M","?","M","?","?","E","R","E","T","R","E","M","$","?","R","BOSS","M","?","M","?","M","R","E","R","T","R","$","M","E"],"build_version":"2018-10-25v2","purchased_purges":2,"victory":false,"max_hp_per_floor":[75,75,75,75,75,75,75,75,75,75,75,75,75,75,75,75,75,75,75,75,75,75,75,75,75,75,75,75,75,75],"card_choices":[{"not_picked":["Aggregate","Rebound"],"picked":"Lockon","floor":1},{"not_picked":["Hologram","Compile Driver"],"picked":"Heatsinks","floor":3},{"not_picked":["Stack","Doom and Gloom"],"picked":"Cold Snap","floor":6},{"not_picked":["Tempest","Rip and Tear","Lockon"],"picked":"Stack","floor":8},{"not_picked":["Darkness","FTL+1","Sunder+1"],"picked":"Go for the Eyes+1","floor":11},{"not_picked":["Go for the Eyes+1","Lockon+1","Meteor Strike+1"],"picked":"Leap","floor":12},{"not_picked":["Reboot","Biased Cognition","Seek"],"picked":"Core Surge+1","floor":16},{"not_picked":["Beam Cell+1","Double Energy","Gash+1"],"picked":"Undo+1","floor":18},{"not_picked":["Streamline+1","Blizzard+1","Coolheaded"],"picked":"Sweeping Beam+1","floor":20},{"not_picked":["Streamline+1","Sweeping Beam+1","Aggregate","Steam Power"],"picked":"SKIP","floor":21},{"not_picked":["Chaos","Sunder+1","Beam Cell+1"],"picked":"Darkness+1","floor":22},{"not_picked":["Ball Lightning+1","Chaos+1","Go for the Eyes+1"],"picked":"Buffer","floor":24},{"not_picked":["Coolheaded","Streamline+1","Gash+1","Stack"],"picked":"SKIP","floor":29}],"player_experience":185751,"relics_obtained":[{"floor":6,"key":"Question Card"},{"floor":8,"key":"StoneCalendar"},{"floor":9,"key":"Molten Egg 2"},{"floor":11,"key":"Shovel"},{"floor":24,"key":"The Courier"},{"floor":26,"key":"Smiling Mask"}],"event_choices":[{"damage_healed":0,"gold_gain":0,"player_choice":"Entered Light","damage_taken":15,"max_hp_gain":0,"max_hp_loss":0,"event_name":"Shining Light","floor":2,"gold_loss":0,"cards_upgraded":["Strike_B","Zap"]},{"damage_healed":0,"gold_gain":100,"player_choice":"Pray","damage_taken":0,"max_hp_gain":0,"max_hp_loss":0,"event_name":"Golden Shrine","floor":4,"gold_loss":0},{"cards_removed":["Defend_B"],"damage_healed":0,"gold_gain":0,"player_choice":"Offered Basic","damage_taken":0,"max_hp_gain":0,"max_hp_loss":0,"event_name":"Bonfire Elementals","floor":5,"gold_loss":0},{"damage_healed":0,"gold_gain":75,"player_choice":"Gather Gold","damage_taken":11,"max_hp_gain":0,"max_hp_loss":0,"event_name":"World of Goop","floor":14,"gold_loss":0},{"cards_removed":["Defend_B"],"damage_healed":0,"gold_gain":0,"player_choice":"Gave Gold","damage_taken":0,"max_hp_gain":0,"max_hp_loss":0,"event_name":"Beggar","floor":19,"gold_loss":75}],"is_beta":true,"boss_relics":[{"not_picked":["Velvet Choker","FrozenCore"],"picked":"Ectoplasm"}],"items_purged_floors":[13,28],"is_endless":false,"potions_floor_spawned":[1,12,20,21,24],"killed_by":"Gremlin Leader","ascension_level":8}