{"gold_per_floor":[117,130,140,160,177,177,187,215,269,294,294,26,61,79,79,175,175,193,212,212],"floor_reached":20,"playtime":1180,"items_purged":["Strike_R"],"score":277,"play_id":"d7d9fb1e-e0e9-428a-87e6-7e7fc318e72d","local_time":"20190616161814","is_ascension_mode":true,"campfire_choices":[{"data":"True Grit","floor":6,"key":"SMITH"},{"data":"Rupture","floor":11,"key":"SMITH"},{"floor":15,"key":"REST"}],"neow_cost":"NONE","seed_source_timestamp":111445424392879,"circlet_count":0,"master_deck":["Strike_R","Strike_R","Strike_R","Strike_R","Defend_R","Defend_R","Defend_R","Defend_R","Bash","Uppercut","True Grit+1","Armaments","Corruption","Hemokinesis","Rupture+1","True Grit","Shockwave","Feed","Second Wind+1"],"special_seed":0,"relics":["Burning Blood","Orichalcum","Bronze Scales","Potion Belt","Ancient Tea Set","Strange Spoon","Singing Bowl","Philosopher\u0027s Stone"],"potions_floor_usage":[8,16,16,16,16],"damage_taken":[{"damage":0.0,"enemies":"Cultist","floor":1.0,"turns":3.0},{"damage":0.0,"enemies":"Small Slimes","floor":2.0,"turns":4.0},{"damage":2,"enemies":"2 Louse","floor":3,"turns":3},{"damage":0,"enemies":"Large Slime","floor":4,"turns":6},{"damage":10,"enemies":"Looter","floor":5,"turns":3},{"damage":12,"enemies":"Exordium Wildlife","floor":7,"turns":4},{"damage":22,"enemies":"Lagavulin","floor":8,"turns":6},{"damage":11,"enemies":"Gremlin Nob","floor":10,"turns":4},{"damage":23,"enemies":"3 Sentries","floor":13,"turns":9},{"damage":8,"enemies":"3 Louse","floor":14,"turns":4},{"damage":20,"enemies":"Slime Boss","floor":16,"turns":14},{"damage":45,"enemies":"Spheric Guardian","floor":18,"turns":7},{"damage":29,"enemies":"Chosen","floor":19,"turns":8},{"damage":15,"enemies":"3 Cultists","floor":20,"turns":3}],"seed_played":"3032140398190704517","potions_obtained":[{"floor":2.0,"key":"Strength Potion"},{"floor":3,"key":"Dexterity Potion"},{"floor":4,"key":"FearPotion"},{"floor":10,"key":"Block Potion"},{"floor":13,"key":"Weak Potion"}],"is_trial":false,"path_per_floor":["M","M","M","M","M","R","M","E","T","E","R","$","E","M","R","B",null,"M","M","M"],"character_chosen":"IRONCLAD","items_purchased":["Strange Spoon"],"campfire_rested":1,"item_purchase_floors":[12],"current_hp_per_floor":[78,80,80,80,76,76,70,54,54,49,49,49,32,30,54,42,72,35,15,0],"gold":212,"neow_bonus":"RANDOM_COMMON_RELIC","is_prod":false,"is_daily":false,"chose_seed":false,"campfire_upgraded":2,"win_rate":0,"timestamp":1560719894,"path_taken":["M","M","M","M","M","R","M","E","T","E","R","$","E","M","R","BOSS","M","M","M"],"build_version":"2019-01-23","purchased_purges":1,"victory":false,"max_hp_per_floor":[80,80,80,80,80,80,80,80,80,80,80,80,80,80,80,82,82,84,87,87],"card_choices":[{"not_picked":["Twin Strike","Warcry"],"picked":"Uppercut","floor":1.0},{"not_picked":["Sentinel","Thunderclap"],"picked":"True Grit","floor":2.0},{"not_picked":["Twin Strike","Heavy Blade"],"picked":"Armaments","floor":3},{"not_picked":["Dual Wield","Body Slam"],"picked":"Corruption","floor":4},{"not_picked":["Dual Wield","Bludgeon","Clothesline"],"picked":"SKIP","floor":5},{"not_picked":["Blood for Blood","Sword Boomerang"],"picked":"Hemokinesis","floor":7},{"not_picked":["Entrench","Carnage"],"picked":"Rupture","floor":8},{"not_picked":["Heavy Blade","Perfected Strike"],"picked":"True Grit","floor":10},{"not_picked":["True Grit","Flex"],"picked":"Shockwave","floor":13},{"not_picked":["Pommel Strike","True Grit"],"picked":"Feed","floor":14},{"not_picked":["Impervious","Dark Embrace","Juggernaut"],"picked":"Singing Bowl","floor":16},{"not_picked":["Thunderclap+1","Armaments","Body Slam"],"picked":"Singing Bowl","floor":18},{"not_picked":["Sentinel","Headbutt+1"],"picked":"Second Wind+1","floor":19}],"player_experience":347090,"relics_obtained":[{"floor":8,"key":"Bronze Scales"},{"floor":9,"key":"Potion Belt"},{"floor":10,"key":"Ancient Tea Set"},{"floor":13,"key":"Singing Bowl"}],"event_choices":[],"is_beta":false,"boss_relics":[{"not_picked":["Ectoplasm","Pandora\u0027s Box"],"picked":"Philosopher\u0027s Stone"}],"items_purged_floors":[12],"is_endless":false,"potions_floor_spawned":[2,3,4,10,13],"killed_by":"3 Cultists","ascension_level":8}