{"gold_per_floor":[111,128,128,146,160,193,193,211,211,211,225,255,272,237,237,334,334,346,346,49,69,85,85,103,103,150,150,0,0,31,48,48,48],"floor_reached":33,"playtime":1668,"items_purged":["Strike_R","Strike_R"],"score":441,"play_id":"88afb909-e0b7-4d3d-a944-ff6aa143b7df","local_time":"20190615224339","is_ascension_mode":true,"campfire_choices":[{"data":"Rage","floor":7.0,"key":"SMITH"},{"data":"Anger","floor":10.0,"key":"SMITH"},{"floor":15.0,"key":"DIG"},{"floor":23.0,"key":"DIG"},{"floor":25,"key":"DIG"},{"floor":27,"key":"DIG"},{"floor":29,"key":"DIG"},{"floor":32,"key":"DIG"}],"neow_cost":"NONE","seed_source_timestamp":47683398114780,"circlet_count":0,"master_deck":["Strike_R","Strike_R","Strike_R","Defend_R","Defend_R","Defend_R","Defend_R","Bash","Pommel Strike","Intimidate","Shrug It Off","Rage+1","Anger+1","Double Tap","Body Slam","Uppercut","Demon Form","Cleave+1","Spot Weakness","Iron Wave","Armaments","Armaments+1","True Grit+1"],"special_seed":0,"relics":["Burning Blood","Pen Nib","Matryoshka","Shovel","Meat on the Bone","Nloth\u0027s Gift","Happy Flower","Vajra","Toxic Egg 2","Blood Vial","Regal Pillow","PreservedInsect","Strawberry","Pear","Dream Catcher"],"potions_floor_usage":[30,30,33],"damage_taken":[{"damage":20.0,"enemies":"Jaw Worm","floor":1.0,"turns":6.0},{"damage":7.0,"enemies":"2 Louse","floor":2.0,"turns":3.0},{"damage":1.0,"enemies":"Cultist","floor":4.0,"turns":3.0},{"damage":1.0,"enemies":"Looter","floor":5.0,"turns":4.0},{"damage":41.0,"enemies":"Lagavulin","floor":6.0,"turns":7.0},{"damage":3.0,"enemies":"Blue Slaver","floor":8.0,"turns":4.0},{"damage":0.0,"enemies":"2 Fungi Beasts","floor":11.0,"turns":3.0},{"damage":22.0,"enemies":"3 Sentries","floor":12.0,"turns":8.0},{"damage":3.0,"enemies":"Looter","floor":13.0,"turns":3.0},{"damage":56.0,"enemies":"Hexaghost","floor":16.0,"turns":11.0},{"damage":8.0,"enemies":"Chosen","floor":18.0,"turns":3.0},{"damage":15.0,"enemies":"Shell Parasite","floor":21.0,"turns":5.0},{"damage":33.0,"enemies":"Shelled Parasite and Fungi","floor":22.0,"turns":4.0},{"damage":26,"enemies":"Cultist and Chosen","floor":24,"turns":5},{"damage":39,"enemies":"Book of Stabbing","floor":30,"turns":4},{"damage":22,"enemies":"3 Cultists","floor":31,"turns":5},{"damage":57,"enemies":"Collector","floor":33,"turns":6}],"seed_played":"-5930690419300149159","potions_obtained":[{"floor":1.0,"key":"Regen Potion"},{"floor":6.0,"key":"Fire Potion"},{"floor":11.0,"key":"Energy Potion"},{"floor":12.0,"key":"Swift Potion"},{"floor":16.0,"key":"Dexterity Potion"},{"floor":24,"key":"BloodPotion"},{"floor":31,"key":"Weak Potion"}],"is_trial":false,"path_per_floor":["M","M","?","M","M","E","R","M","T","R","M","E","M","?","R","B",null,"M","?","$","M","M","R","M","R","T","R","$","R","E","M","R","B"],"character_chosen":"IRONCLAD","items_purchased":["Happy Flower","Spot Weakness","SteroidPotion"],"campfire_rested":0,"item_purchase_floors":[20,20,28],"current_hp_per_floor":[66,65,70,75,80,45,45,48,48,48,54,38,41,64,64,40,80,78,78,78,69,54,54,46,46,46,46,46,53,54,52,52,0],"gold":48,"neow_bonus":"TEN_PERCENT_HP_BONUS","is_prod":false,"is_daily":false,"chose_seed":false,"campfire_upgraded":2,"win_rate":0,"timestamp":1560656619,"path_taken":["M","M","?","M","M","E","R","M","T","R","M","E","M","?","R","BOSS","M","?","$","M","M","R","?","R","T","R","$","R","E","M","R","BOSS"],"build_version":"2019-01-23","purchased_purges":2,"victory":false,"max_hp_per_floor":[88,88,93,93,93,93,93,93,93,93,93,93,93,93,93,93,93,93,93,93,93,93,93,93,93,93,93,93,100,110,110,110,110],"card_choices":[{"not_picked":["Bloodletting","Warcry"],"picked":"Pommel Strike","floor":1.0},{"not_picked":["Heavy Blade","Pommel Strike"],"picked":"Intimidate","floor":2.0},{"not_picked":["Iron Wave","Rage"],"picked":"Shrug It Off","floor":4.0},{"not_picked":["Clash","Intimidate"],"picked":"Rage","floor":5.0},{"not_picked":["Perfected Strike","Intimidate","Blood for Blood"],"picked":"SKIP","floor":6.0},{"not_picked":["Armaments","Twin Strike"],"picked":"Anger","floor":8.0},{"not_picked":["Pommel Strike","Whirlwind"],"picked":"Double Tap","floor":11.0},{"not_picked":["Warcry","Rupture"],"picked":"Body Slam","floor":12.0},{"not_picked":["Dropkick","Wild Strike"],"picked":"Uppercut","floor":13.0},{"not_picked":["Reaper","Dark Embrace"],"picked":"Demon Form","floor":16.0},{"not_picked":["Clash+1","Body Slam"],"picked":"Cleave+1","floor":18.0},{"not_picked":["Sword Boomerang","Reaper"],"picked":"Iron Wave","floor":21.0},{"not_picked":["Sword Boomerang","Clothesline","Pommel Strike"],"picked":"SKIP","floor":22.0},{"not_picked":["Shrug It Off","Havoc"],"picked":"Armaments","floor":24},{"not_picked":["Pommel Strike+1","Exhume+1"],"picked":"Armaments+1","floor":30},{"not_picked":["Flex+1","Sentinel+1"],"picked":"True Grit+1","floor":31}],"player_experience":341189,"relics_obtained":[{"floor":6.0,"key":"Pen Nib"},{"floor":9.0,"key":"Matryoshka"},{"floor":12.0,"key":"Shovel"},{"floor":15.0,"key":"Meat on the Bone"},{"floor":23.0,"key":"Vajra"},{"floor":25,"key":"Toxic Egg 2"},{"floor":26,"key":"Blood Vial"},{"floor":26,"key":"Regal Pillow"},{"floor":27,"key":"PreservedInsect"},{"floor":29,"key":"Strawberry"},{"floor":30,"key":"Pear"},{"floor":32,"key":"Dream Catcher"}],"event_choices":[{"damage_healed":0.0,"max_hp_gain":5.0,"max_hp_loss":0.0,"gold_gain":0.0,"event_name":"Big Fish","player_choice":"Donut","floor":3.0,"gold_loss":0.0,"damage_taken":0.0},{"damage_healed":23.0,"max_hp_gain":0.0,"max_hp_loss":0.0,"gold_gain":0.0,"event_name":"The Cleric","player_choice":"Healed","floor":14.0,"gold_loss":35.0,"damage_taken":0.0},{"damage_healed":0.0,"max_hp_gain":0.0,"max_hp_loss":0.0,"gold_gain":0.0,"event_name":"N\u0027loth","player_choice":"Traded Relic","floor":19.0,"relics_lost":["Sozu"],"gold_loss":0.0,"damage_taken":0.0,"relics_obtained":["Nloth\u0027s Gift"]}],"is_beta":false,"boss_relics":[{"not_picked":["Busted Crown","Tiny House"],"picked":"Sozu"}],"items_purged_floors":[20,28],"is_endless":false,"potions_floor_spawned":[1,6,11,12,16,18,24,31],"killed_by":"Collector","ascension_level":8}