{"gold_per_floor":[116,127,77,77,25,51,51,66,66,93,112,112],"floor_reached":12,"playtime":389,"items_purged":[],"score":130,"play_id":"92774781-a817-49db-a56e-b732bdf6f27d","local_time":"20190524000602","is_ascension_mode":true,"campfire_choices":[{"data":"Searing Blow","floor":7,"key":"SMITH"}],"neow_cost":"NONE","seed_source_timestamp":672597679918168,"circlet_count":0,"master_deck":["Strike_R","Strike_R","Strike_R","Strike_R","Defend_R","Defend_R","Defend_R","Defend_R","Bash","Searing Blow+1","Clothesline","Sword Boomerang","Thunderclap","True Grit","Immolate","Battle Trance"],"relics":["Burning Blood","NeowsBlessing","NlothsMask","Meat on the Bone","Dodecahedron"],"potions_floor_usage":[11],"damage_taken":[{"damage":0,"enemies":"Small Slimes","floor":1,"turns":1},{"damage":0,"enemies":"2 Louse","floor":2,"turns":1},{"damage":0,"enemies":"Gremlin Nob","floor":6,"turns":1},{"damage":1,"enemies":"Cultist","floor":8,"turns":3},{"damage":48,"enemies":"3 Sentries","floor":10,"turns":8},{"damage":19,"enemies":"Exordium Thugs","floor":11,"turns":6},{"damage":51,"enemies":"Lagavulin","floor":12,"turns":6}],"seed_played":"-5485465435271331444","potions_obtained":[{"floor":2,"key":"Regen Potion"},{"floor":6,"key":"SpeedPotion"}],"is_trial":false,"path_per_floor":["M","M","?","?","$","E","R","M","T","E","M","E"],"character_chosen":"IRONCLAD","items_purchased":["Sword Boomerang"],"campfire_rested":0,"item_purchase_floors":[5],"current_hp_per_floor":[80,80,80,80,80,80,80,80,80,50,51,0],"gold":112,"neow_bonus":"THREE_ENEMY_KILL","is_prod":false,"is_daily":false,"chose_seed":false,"campfire_upgraded":1,"win_rate":0,"timestamp":1558674362,"path_taken":["M","M","?","?","$","E","R","M","T","E","M","E"],"build_version":"2019-01-23","purchased_purges":0,"victory":false,"max_hp_per_floor":[80,80,80,80,80,80,80,80,80,80,80,80],"card_choices":[{"not_picked":["Body Slam","Clothesline"],"picked":"Searing Blow","floor":1},{"not_picked":["Searing Blow","Iron Wave"],"picked":"Clothesline","floor":2},{"not_picked":["Headbutt","Carnage"],"picked":"Thunderclap","floor":6},{"not_picked":["Body Slam","Searing Blow"],"picked":"True Grit","floor":8},{"not_picked":["Feed","Warcry"],"picked":"Immolate","floor":10},{"not_picked":["Pommel Strike","Body Slam"],"picked":"Battle Trance","floor":11}],"player_experience":160454,"relics_obtained":[{"floor":6,"key":"Meat on the Bone"},{"floor":10,"key":"Dodecahedron"}],"event_choices":[{"cards_removed":["Strike_R"],"damage_healed":0,"gold_gain":0,"player_choice":"Card Removal","damage_taken":0,"max_hp_gain":0,"max_hp_loss":0,"event_name":"The Cleric","floor":3,"gold_loss":50},{"damage_healed":0,"gold_gain":0,"player_choice":"Trade","damage_taken":0,"relics_obtained":["NlothsMask"],"max_hp_gain":0,"max_hp_loss":0,"event_name":"FaceTrader","floor":4,"gold_loss":0}],"is_beta":false,"boss_relics":[],"items_purged_floors":[],"is_endless":false,"potions_floor_spawned":[2,6],"killed_by":"Lagavulin","ascension_level":3}