{"gold_per_floor":[111,127,127,140,153,153,178,178,178,203,203,1,1,14,14,116,116,133,133,149,149,162,162,162,222,222,222,241,268,268,288,288,386,386,405,455,465,565,565,565],"floor_reached":40,"playtime":2179,"items_purged":["Strike_R"],"score":487,"play_id":"ee67e10f-7a6e-44f7-9e33-d2faacdccc9a","local_time":"20190721202324","is_ascension_mode":true,"campfire_choices":[{"data":"Bloodletting","floor":6,"key":"SMITH"},{"data":"Heavy Blade","floor":8,"key":"SMITH"},{"data":"Corruption","floor":13,"key":"SMITH"},{"data":"Bash","floor":15,"key":"SMITH"},{"data":"J.A.X.","floor":23,"key":"SMITH"},{"data":"Shockwave","floor":27,"key":"SMITH"},{"data":"Double Tap","floor":30,"key":"SMITH"},{"data":"Dual Wield","floor":32,"key":"SMITH"}],"neow_cost":"NONE","seed_source_timestamp":0,"circlet_count":0,"master_deck":["Strike_R","Strike_R","Strike_R","Defend_R","Defend_R","Defend_R","Defend_R","Bash+1","Battle Trance","Feel No Pain","Heavy Blade+1","Dropkick","Dual Wield+1","Headbutt","Rage+1","Corruption+1","Shrug It Off","Double Tap+1","Shockwave+1","Body Slam","J.A.X.+1","Entrench","Shrug It Off","True Grit+1","Rupture","Offering","Dropkick","Flame Barrier","Power Through","Demon Form","Whirlwind+1","Headbutt"],"relics":["Burning Blood","Thread and Needle","Prayer Wheel","Calipers","Snecko Eye","Tiny Chest","Nunchaku","Bag of Marbles","Black Star","Magic Flower","WingedGreaves"],"potions_floor_usage":[7,14,16],"damage_taken":[{"damage":3,"enemies":"Cultist","floor":1,"turns":5},{"damage":6,"enemies":"Small Slimes","floor":2,"turns":4},{"damage":0,"enemies":"2 Louse","floor":4,"turns":3},{"damage":8,"enemies":"Looter","floor":5,"turns":3},{"damage":19,"enemies":"3 Sentries","floor":7,"turns":10},{"damage":11,"enemies":"Gremlin Nob","floor":10,"turns":4},{"damage":3,"enemies":"Lots of Slimes","floor":14,"turns":4},{"damage":51,"enemies":"The Guardian","floor":16,"turns":12},{"damage":5,"enemies":"3 Byrds","floor":18,"turns":5},{"damage":20,"enemies":"Spheric Guardian","floor":20,"turns":6},{"damage":22,"enemies":"Snake Plant","floor":22,"turns":3},{"damage":3,"enemies":"Book of Stabbing","floor":25,"turns":3},{"damage":4,"enemies":"Shelled Parasite and Fungi","floor":28,"turns":4},{"damage":9,"enemies":"3 Cultists","floor":31,"turns":2},{"damage":20,"enemies":"Automaton","floor":33,"turns":5},{"damage":16,"enemies":"Orb Walker","floor":35,"turns":4},{"damage":16,"enemies":"2 Orb Walkers","floor":36,"turns":4},{"damage":11,"enemies":"3 Darklings","floor":37,"turns":3},{"damage":6,"enemies":"Mind Bloom Boss Battle","floor":38,"turns":3},{"damage":66,"enemies":"Nemesis","floor":40,"turns":8}],"seed_played":"28570728521548108","potions_obtained":[{"floor":1,"key":"SteroidPotion"},{"floor":10,"key":"Regen Potion"},{"floor":14,"key":"GamblersBrew"},{"floor":20,"key":"BloodPotion"},{"floor":28,"key":"EssenceOfSteel"},{"floor":31,"key":"SteroidPotion"}],"is_trial":false,"path_per_floor":["M","M","?","M","M","R","E","R","T","E","?","$","R","M","R","B",null,"M","?","M","?","M","R","?","E","T","R","M","T","R","M","R","B",null,"M","?","M","?","?","E"],"character_chosen":"IRONCLAD","items_purchased":["Corruption","SkillPotion"],"campfire_rested":0,"item_purchase_floors":[12,12],"current_hp_per_floor":[80,80,80,80,78,78,65,65,65,60,60,60,60,63,63,18,80,80,80,66,66,50,50,80,80,80,80,80,80,80,77,77,63,80,70,60,58,61,61,0],"gold":565,"neow_bonus":"THREE_CARDS","is_prod":false,"is_daily":false,"chose_seed":true,"campfire_upgraded":8,"win_rate":0,"timestamp":1563758604,"path_taken":["M","M","?","M","M","R","E","R","T","E","?","$","R","M","R","BOSS","M","?","M","?","M","R","?","E","T","R","?","?","R","?","R","BOSS","M","?","M","?","?","E"],"build_version":"2019-07-17","purchased_purges":1,"victory":false,"max_hp_per_floor":[80,80,80,80,80,80,80,80,80,80,80,80,80,80,80,80,80,80,80,80,80,80,80,80,80,80,80,80,80,80,80,80,80,80,80,80,80,80,80,80],"card_choices":[{"not_picked":["Infernal Blade","Anger"],"picked":"Battle Trance","floor":0},{"not_picked":["Havoc","Flex"],"picked":"Feel No Pain","floor":1},{"not_picked":["Blood for Blood","Wild Strike"],"picked":"Heavy Blade","floor":2},{"not_picked":["Armaments","Rage"],"picked":"Dropkick","floor":4},{"not_picked":["Rage","Anger"],"picked":"Dual Wield","floor":5},{"not_picked":["Fire Breathing","Body Slam"],"picked":"Headbutt","floor":7},{"not_picked":["Warcry","Ghostly Armor"],"picked":"Rage","floor":10},{"not_picked":["Rage","Warcry"],"picked":"Shrug It Off","floor":14},{"not_picked":["Rage","Evolve"],"picked":"Cleave","floor":14},{"not_picked":["Exhume","Berserk"],"picked":"Double Tap","floor":16},{"not_picked":["Clash","Flex+1"],"picked":"Shockwave","floor":18},{"not_picked":["Pommel Strike+1","Bloodletting"],"picked":"Body Slam","floor":18},{"not_picked":["Iron Wave","Twin Strike"],"picked":"Entrench","floor":20},{"not_picked":["Clash","Clothesline","Perfected Strike"],"picked":"SKIP","floor":20},{"not_picked":["Clothesline","Flex"],"picked":"Shrug It Off","floor":22},{"not_picked":["Second Wind","Pommel Strike"],"picked":"True Grit+1","floor":22},{"not_picked":["Pommel Strike","Cleave"],"picked":"Rupture","floor":25},{"not_picked":["Thunderclap","Shrug It Off"],"picked":"Offering","floor":28},{"not_picked":["Cleave","Pommel Strike+1"],"picked":"Dropkick","floor":28},{"not_picked":["Spot Weakness","Thunderclap"],"picked":"Flame Barrier","floor":31},{"not_picked":["Shrug It Off","Anger"],"picked":"Power Through","floor":31},{"not_picked":["Barricade","Reaper"],"picked":"Demon Form","floor":33},{"not_picked":["Clothesline+1","Combust+1"],"picked":"Whirlwind+1","floor":35},{"not_picked":["Sword Boomerang+1","Armaments","Body Slam+1"],"picked":"SKIP","floor":35},{"not_picked":["Intimidate","Hemokinesis+1","Anger+1"],"picked":"SKIP","floor":37},{"not_picked":["Hemokinesis","Warcry+1","Body Slam+1"],"picked":"SKIP","floor":37},{"not_picked":["Blood for Blood+1","Warcry"],"picked":"Headbutt","floor":38}],"player_experience":523372,"relics_obtained":[{"floor":7,"key":"Thread and Needle"},{"floor":9,"key":"Prayer Wheel"},{"floor":10,"key":"Calipers"},{"floor":25,"key":"Tiny Chest"},{"floor":26,"key":"Nunchaku"},{"floor":29,"key":"Bag of Marbles"},{"floor":36,"key":"Magic Flower"},{"floor":38,"key":"WingedGreaves"}],"event_choices":[{"damage_healed":0,"gold_gain":0,"cards_transformed":["Strike_R"],"player_choice":"Change","damage_taken":0,"max_hp_gain":0,"max_hp_loss":0,"event_name":"Living Wall","floor":3,"gold_loss":0,"cards_obtained":["Bloodletting"]},{"damage_healed":0,"gold_gain":0,"player_choice":"Upgraded","damage_taken":0,"max_hp_gain":0,"max_hp_loss":0,"event_name":"Upgrade Shrine","floor":11,"gold_loss":0,"cards_upgraded":["Rage"]},{"damage_healed":0,"gold_gain":0,"player_choice":"Obtain J.A.X.","damage_taken":0,"max_hp_gain":0,"max_hp_loss":0,"event_name":"Drug Dealer","floor":19,"gold_loss":0,"cards_obtained":["J.A.X."]},{"damage_healed":0,"gold_gain":0,"player_choice":"Ignored","damage_taken":0,"max_hp_gain":0,"max_hp_loss":0,"event_name":"The Mausoleum","floor":21,"gold_loss":0},{"cards_removed":["Bloodletting"],"damage_healed":30,"gold_gain":0,"player_choice":"Offered Uncommon","damage_taken":0,"max_hp_gain":0,"max_hp_loss":0,"event_name":"Bonfire Elementals","floor":24,"gold_loss":0},{"damage_healed":0,"gold_gain":0,"player_choice":"Fight","damage_taken":0,"max_hp_gain":0,"max_hp_loss":0,"event_name":"Mysterious Sphere","floor":36,"gold_loss":0},{"damage_healed":0,"gold_gain":0,"player_choice":"Fight","damage_taken":0,"max_hp_gain":0,"max_hp_loss":0,"event_name":"MindBloom","floor":38,"gold_loss":0},{"cards_removed":["Cleave"],"damage_healed":0,"gold_gain":0,"player_choice":"Removed Attack","damage_taken":0,"max_hp_gain":0,"max_hp_loss":0,"event_name":"Falling","floor":39,"gold_loss":0}],"is_beta":false,"boss_relics":[{"not_picked":["Tiny House","Sozu"],"picked":"Snecko Eye"},{"not_picked":["Runic Pyramid","Busted Crown"],"picked":"Black Star"}],"items_purged_floors":[12],"is_endless":false,"potions_floor_spawned":[1,10,14,20,28,31,38],"killed_by":"Nemesis","ascension_level":1}