{"gold_per_floor":[13,13,13,36,36,76,76,100,100,100,113,129,162,177,177,275,275,288,331,349,349,367,406,331,331,407,423,437,437,91,134,134,134],"floor_reached":33,"playtime":3221,"items_purged":["Strike_R"],"score":612,"play_id":"969a8268-ed53-4690-9e73-c27702ef2c33","local_time":"20190713180726","is_ascension_mode":true,"campfire_choices":[{"data":"Dual Wield","floor":7.0,"key":"SMITH"},{"floor":10.0,"key":"REST"},{"floor":15.0,"key":"REST"},{"floor":29,"key":"REST"},{"floor":32,"key":"REST"}],"neow_cost":"NO_GOLD","seed_source_timestamp":0,"circlet_count":0,"master_deck":["AscendersBane","Strike_R","Strike_R","Strike_R","Strike_R","Defend_R+1","Defend_R","Defend_R","Defend_R","Bash","Immolate+1","Metallicize","Dual Wield+1","Clothesline","Seeing Red","Shockwave","Twin Strike","Offering","Rupture","Disarm","Exhume","Doubt","True Grit","Feed"],"special_seed":0,"relics":["Burning Blood","Golden Idol","Ornamental Fan","Orichalcum","Vajra","Cursed Key","Red Mask","Champion Belt","Letter Opener","Shuriken","Pear","Dodecahedron"],"potions_floor_usage":[28,33,33],"damage_taken":[{"damage":0.0,"enemies":"Cultist","floor":1.0,"turns":2.0},{"damage":7.0,"enemies":"Jaw Worm","floor":4.0,"turns":3.0},{"damage":16.0,"enemies":"3 Sentries","floor":6.0,"turns":5.0},{"damage":6.0,"enemies":"2 Louse","floor":8.0,"turns":2.0},{"damage":8.0,"enemies":"Large Slime","floor":11.0,"turns":7.0},{"damage":18.0,"enemies":"Gremlin Gang","floor":12.0,"turns":2.0},{"damage":0.0,"enemies":"Gremlin Nob","floor":13.0,"turns":3.0},{"damage":6.0,"enemies":"Looter","floor":14.0,"turns":2.0},{"damage":37.0,"enemies":"Slime Boss","floor":16.0,"turns":12.0},{"damage":15.0,"enemies":"Shell Parasite","floor":18.0,"turns":4.0},{"damage":6.0,"enemies":"Masked Bandits","floor":19.0,"turns":1.0},{"damage":11.0,"enemies":"Chosen","floor":20.0,"turns":4.0},{"damage":6.0,"enemies":"3 Cultists","floor":22.0,"turns":2.0},{"damage":17.0,"enemies":"Book of Stabbing","floor":23.0,"turns":7.0},{"damage":10,"enemies":"Snake Plant","floor":27,"turns":6},{"damage":30,"enemies":"Shelled Parasite and Fungi","floor":28,"turns":5},{"damage":30,"enemies":"Gremlin Leader","floor":31,"turns":6},{"damage":63,"enemies":"Collector","floor":33,"turns":7}],"seed_played":"-1294824237934849673","potions_obtained":[{"floor":1.0,"key":"PowerPotion"},{"floor":8.0,"key":"Swift Potion"},{"floor":12.0,"key":"Fire Potion"},{"floor":16.0,"key":"SkillPotion"},{"floor":19.0,"key":"SneckoOil"},{"floor":20.0,"key":"BloodPotion"},{"floor":28,"key":"Block Potion"}],"is_trial":false,"path_per_floor":["M","?","?","M","$","E","R","M","T","R","M","M","E","M","R","B",null,"M","?","M","T","M","E","?","?","T","M","M","R","$","E","R","B"],"character_chosen":"IRONCLAD","items_purchased":["Pear"],"campfire_rested":4,"item_purchase_floors":[30],"current_hp_per_floor":[74,48,25,24,24,14,14,14,14,36,34,22,28,28,50,19,61,52,52,47,47,47,36,36,36,36,32,26,48,58,34,59,0],"gold":134,"neow_bonus":"THREE_RARE_CARDS","is_prod":false,"is_daily":false,"chose_seed":false,"campfire_upgraded":1,"win_rate":0,"timestamp":1563059246,"path_taken":["M","?","?","M","?","E","R","M","T","R","?","M","E","M","R","BOSS","M","?","M","?","?","E","?","?","T","?","M","R","$","E","R","BOSS"],"build_version":"2019-07-05","purchased_purges":1,"victory":false,"max_hp_per_floor":[75,75,75,75,75,75,75,75,75,75,75,75,75,75,75,75,75,75,75,75,75,75,75,75,75,75,75,75,75,85,85,85,85],"card_choices":[{"not_picked":["Limit Break","Offering"],"picked":"Immolate","floor":0.0},{"not_picked":["Iron Wave","Reckless Charge"],"picked":"Metallicize","floor":1.0},{"not_picked":["Blood for Blood","Thunderclap"],"picked":"Dual Wield","floor":4.0},{"not_picked":["Thunderclap","Perfected Strike","Sword Boomerang"],"picked":"SKIP","floor":6.0},{"not_picked":["Carnage","Warcry"],"picked":"Clothesline","floor":8.0},{"not_picked":["Clash","Clothesline"],"picked":"Seeing Red","floor":11.0},{"not_picked":["Ghostly Armor","Intimidate"],"picked":"Shockwave","floor":12.0},{"not_picked":["Intimidate","Clash","Combust"],"picked":"SKIP","floor":13.0},{"not_picked":["Clothesline","Heavy Blade"],"picked":"Twin Strike","floor":14.0},{"not_picked":["Brutality","Impervious"],"picked":"Offering","floor":16.0},{"not_picked":["Flex","Thunderclap"],"picked":"Rupture","floor":18.0},{"not_picked":["Inflame+1","Clothesline+1"],"picked":"Disarm","floor":20.0},{"not_picked":["Cleave","Entrench","Clothesline"],"picked":"SKIP","floor":22.0},{"not_picked":["Reckless Charge","Cleave","Armaments"],"picked":"SKIP","floor":23.0},{"not_picked":["Twin Strike","Searing Blow"],"picked":"True Grit","floor":27},{"not_picked":["Pommel Strike","Thunderclap","Clash"],"picked":"SKIP","floor":28},{"not_picked":["Ghostly Armor","Clash"],"picked":"Feed","floor":31}],"player_experience":478069,"relics_obtained":[{"floor":6.0,"key":"Ornamental Fan"},{"floor":9.0,"key":"Orichalcum"},{"floor":13.0,"key":"Vajra"},{"floor":19.0,"key":"Red Mask"},{"floor":21.0,"key":"Champion Belt"},{"floor":23.0,"key":"Letter Opener"},{"floor":26.0,"key":"Shuriken"},{"floor":31,"key":"Dodecahedron"}],"event_choices":[{"damage_healed":0.0,"max_hp_gain":0.0,"max_hp_loss":0.0,"gold_gain":0.0,"event_name":"Golden Idol","player_choice":"Take Damage","floor":2.0,"gold_loss":0.0,"damage_taken":26.0,"relics_obtained":["Golden Idol"]},{"damage_healed":0.0,"max_hp_gain":0.0,"max_hp_loss":0.0,"gold_gain":0.0,"event_name":"Shining Light","player_choice":"Entered Light","floor":3.0,"gold_loss":0.0,"damage_taken":23.0,"cards_upgraded":["Immolate","Defend_R"]},{"damage_healed":0.0,"max_hp_gain":0.0,"max_hp_loss":0.0,"gold_gain":0.0,"event_name":"Masked Bandits","player_choice":"Fought Bandits","floor":19.0,"gold_loss":0.0,"damage_taken":0.0},{"cards_removed":["Writhe"],"damage_healed":0.0,"max_hp_gain":0.0,"max_hp_loss":0.0,"gold_gain":0.0,"event_name":"Beggar","player_choice":"Gave Gold","floor":24.0,"gold_loss":75.0,"damage_taken":0.0},{"damage_healed":0.0,"max_hp_gain":0.0,"max_hp_loss":0.0,"gold_gain":0.0,"event_name":"Match and Keep!","player_choice":"1 cards matched","floor":25.0,"gold_loss":0.0,"damage_taken":0.0,"cards_obtained":["Exhume"]}],"is_beta":false,"boss_relics":[{"not_picked":["Velvet Choker","Astrolabe"],"picked":"Cursed Key"}],"items_purged_floors":[30],"is_endless":false,"potions_floor_spawned":[1,8,12,16,19,20,27,28],"killed_by":"Collector","ascension_level":18}