{"gold_per_floor":[116,133,145,320,18,44,44,44,44,63,82,82,108,122,122,122],"floor_reached":16,"playtime":779,"items_purged":[],"score":165,"play_id":"f80a4766-e9ed-48dc-a8ab-68dc0e36454d","local_time":"20190530185403","is_ascension_mode":true,"campfire_choices":[{"data":"Fire Breathing","floor":7,"key":"SMITH"},{"data":"Feed","floor":12,"key":"SMITH"},{"floor":15,"key":"REST"}],"neow_cost":"TEN_PERCENT_HP_LOSS","seed_source_timestamp":524190094775649,"circlet_count":0,"master_deck":["Strike_R","Strike_R","Strike_R","Strike_R","Strike_R","Defend_R","Defend_R","Defend_R","Defend_R","Bash","Feed+1","Fire Breathing+1","Battle Trance","Havoc","Doubt","Heavy Blade","Cleave","Spot Weakness","Shrug It Off","Iron Wave"],"relics":["Burning Blood","Question Card","Self Forming Clay","SsserpentHead","Strawberry","Peace Pipe"],"potions_floor_usage":[13,13,13],"damage_taken":[{"damage":12,"enemies":"Jaw Worm","floor":1,"turns":3},{"damage":10,"enemies":"Small Slimes","floor":2,"turns":3},{"damage":9,"enemies":"Cultist","floor":3,"turns":6},{"damage":50,"enemies":"3 Sentries","floor":6,"turns":10},{"damage":2,"enemies":"2 Fungi Beasts","floor":10,"turns":3},{"damage":8,"enemies":"3 Louse","floor":11,"turns":4},{"damage":22,"enemies":"Gremlin Nob","floor":13,"turns":4},{"damage":13,"enemies":"Blue Slaver","floor":14,"turns":6},{"damage":68,"enemies":"Slime Boss","floor":16,"turns":12}],"seed_played":"-6712518492014330709","potions_obtained":[{"floor":1,"key":"SteroidPotion"},{"floor":2,"key":"SkillPotion"},{"floor":3,"key":"Weak Potion"}],"is_trial":false,"path_per_floor":["M","M","M","?","$","E","R","?","T","M","M","R","E","M","R","B"],"character_chosen":"IRONCLAD","items_purchased":["Question Card","Fire Potion"],"campfire_rested":1,"item_purchase_floors":[5,5],"current_hp_per_floor":[69,68,68,68,68,27,27,27,34,41,42,42,30,27,58,0],"gold":122,"neow_bonus":"THREE_RARE_CARDS","is_prod":false,"is_daily":false,"chose_seed":false,"campfire_upgraded":2,"win_rate":0,"timestamp":1559260443,"path_taken":["M","M","M","?","$","E","R","?","T","M","M","R","E","M","R","BOSS"],"build_version":"2019-01-23","purchased_purges":0,"victory":false,"max_hp_per_floor":[75,78,81,81,81,84,84,84,91,94,97,97,101,105,105,105],"card_choices":[{"not_picked":["Reaper","Offering"],"picked":"Feed","floor":0},{"not_picked":["Intimidate","Clash"],"picked":"Fire Breathing","floor":1},{"not_picked":["Rupture","Bloodletting"],"picked":"Battle Trance","floor":2},{"not_picked":["Perfected Strike","Warcry"],"picked":"Havoc","floor":3},{"not_picked":["Perfected Strike","Dual Wield","Sentinel"],"picked":"Heavy Blade","floor":6},{"not_picked":["Ghostly Armor","Sentinel","Wild Strike"],"picked":"Cleave","floor":10},{"not_picked":["Pommel Strike","Ghostly Armor","Burning Pact"],"picked":"Spot Weakness","floor":11},{"not_picked":["Bludgeon","Sword Boomerang","Twin Strike"],"picked":"Shrug It Off","floor":13},{"not_picked":["Ghostly Armor","Sentinel","Shockwave"],"picked":"Iron Wave","floor":14}],"player_experience":236093,"relics_obtained":[{"floor":6,"key":"Self Forming Clay"},{"floor":9,"key":"Strawberry"},{"floor":13,"key":"Peace Pipe"}],"event_choices":[{"damage_healed":0,"gold_gain":175,"player_choice":"AGREE","damage_taken":0,"max_hp_gain":0,"max_hp_loss":0,"event_name":"Liars Game","floor":4,"gold_loss":0,"cards_obtained":["Doubt"]},{"damage_healed":0,"gold_gain":0,"player_choice":"Trade","damage_taken":0,"relics_obtained":["SsserpentHead"],"max_hp_gain":0,"max_hp_loss":0,"event_name":"FaceTrader","floor":8,"gold_loss":0}],"is_beta":false,"boss_relics":[],"items_purged_floors":[],"is_endless":false,"potions_floor_spawned":[1,2,3],"killed_by":"Slime Boss","ascension_level":5}