{"gold_per_floor":[119,119,135,153,171,171,4,4,27,55,73,89,89,100,100,175,175,192,210,53,53,53,53,64,64,64,64,80,80,80,113,113,113],"floor_reached":33,"playtime":1009,"items_purged":[],"score":534,"play_id":"81ca9a11-a112-4e49-931a-2473f7b56879","local_time":"20190803151329","is_ascension_mode":true,"campfire_choices":[{"data":"Defragment","floor":6.0,"key":"SMITH"},{"data":"Zap","floor":8.0,"key":"SMITH"},{"floor":15,"key":"REST"},{"data":"Gash","floor":23,"key":"SMITH"},{"data":"Go for the Eyes","floor":27,"key":"SMITH"},{"floor":29,"key":"REST"},{"floor":32,"key":"REST"}],"neow_cost":"NONE","seed_source_timestamp":1017443273940200,"circlet_count":0,"master_deck":["AscendersBane","Strike_B","Strike_B+1","Strike_B+1","Defend_B","Defend_B","Defend_B","Defend_B","Zap+1","Dualcast","Leap","Defragment+1","Conserve Battery","Gash+1","Coolheaded","Chill","Ball Lightning","Reboot","Capacitor+1","Go for the Eyes+1","Sunder+1","Defragment"],"special_seed":0,"relics":["FrozenCore","NeowsBlessing","Happy Flower","Art of War","Whetstone","Juzu Bracelet","Ornamental Fan","Pantograph"],"potions_floor_usage":[10,10,16,19,31],"damage_taken":[{"damage":0.0,"enemies":"Small Slimes","floor":1.0,"turns":1.0},{"damage":0.0,"enemies":"Cultist","floor":3.0,"turns":1.0},{"damage":0.0,"enemies":"2 Louse","floor":4.0,"turns":1.0},{"damage":11.0,"enemies":"2 Fungi Beasts","floor":5.0,"turns":4.0},{"damage":36,"enemies":"Gremlin Nob","floor":10,"turns":4},{"damage":13,"enemies":"Lots of Slimes","floor":11,"turns":5},{"damage":6,"enemies":"Looter","floor":12,"turns":3},{"damage":1,"enemies":"Blue Slaver","floor":14,"turns":3},{"damage":13,"enemies":"The Guardian","floor":16,"turns":11},{"damage":5,"enemies":"Spheric Guardian","floor":18,"turns":5},{"damage":2,"enemies":"Shell Parasite","floor":19,"turns":7},{"damage":11,"enemies":"Snecko","floor":24,"turns":8},{"damage":16,"enemies":"3 Cultists","floor":28,"turns":7},{"damage":22,"enemies":"Slavers","floor":31,"turns":8},{"damage":81,"enemies":"Champ","floor":33,"turns":16}],"seed_played":"-8612364975650332754","potions_obtained":[{"floor":3.0,"key":"PowerPotion"},{"floor":4.0,"key":"Regen Potion"},{"floor":12,"key":"Block Potion"},{"floor":14,"key":"Fire Potion"},{"floor":24,"key":"Block Potion"}],"is_trial":false,"path_per_floor":["M","?","M","M","M","R","$","R","T","E","M","M","$","M","R","B",null,"M","M","$","?","$","R","M","$","T","R","M","R","?","E","R","B"],"character_chosen":"DEFECT","items_purchased":["Happy Flower","Juzu Bracelet"],"campfire_rested":3,"item_purchase_floors":[7,20],"current_hp_per_floor":[64,64,64,64,53,53,53,53,53,29,16,10,10,9,30,17,58,53,51,51,51,51,51,40,40,40,40,24,45,25,3,25,0],"gold":113,"neow_bonus":"THREE_ENEMY_KILL","is_prod":false,"is_daily":false,"chose_seed":false,"campfire_upgraded":4,"win_rate":0,"timestamp":1564838009,"path_taken":["M","?","M","?","?","R","$","R","T","E","M","M","?","?","R","BOSS","M","M","$","?","?","R","M","$","T","R","M","R","?","E","R","BOSS"],"build_version":"2019-07-17","purchased_purges":0,"victory":false,"max_hp_per_floor":[71,71,71,71,71,71,71,71,71,71,71,71,71,71,71,71,71,71,71,71,71,71,71,71,71,71,71,71,71,76,76,76,76],"card_choices":[{"not_picked":["Conserve Battery","Steam"],"picked":"Leap","floor":1.0},{"not_picked":["Aggregate","Turbo"],"picked":"Conserve Battery","floor":3.0},{"not_picked":["Reprogram","Steam"],"picked":"Gash","floor":4.0},{"not_picked":["Sweeping Beam","Turbo"],"picked":"Coolheaded","floor":5.0},{"not_picked":["Genetic Algorithm","Redo","Sweeping Beam"],"picked":"SKIP","floor":10},{"not_picked":["Fission","Hologram"],"picked":"Chill","floor":11},{"not_picked":["Hologram","Melter","Stack"],"picked":"SKIP","floor":12},{"not_picked":["Redo","Turbo"],"picked":"Ball Lightning","floor":14},{"not_picked":["Rainbow","Multi-Cast"],"picked":"Reboot","floor":16},{"not_picked":["Rip and Tear","Chaos"],"picked":"Capacitor","floor":18},{"not_picked":["Leap","Scrape"],"picked":"Go for the Eyes","floor":19},{"not_picked":["Rip and Tear","Sweeping Beam"],"picked":"Sunder+1","floor":24},{"not_picked":["Loop","Streamline"],"picked":"Defragment","floor":28},{"not_picked":["Lockon","Darkness","Loop"],"picked":"SKIP","floor":31}],"player_experience":399045,"relics_obtained":[{"floor":9.0,"key":"Art of War"},{"floor":10,"key":"Whetstone"},{"floor":26,"key":"Ornamental Fan"},{"floor":31,"key":"Pantograph"}],"event_choices":[{"damage_healed":0.0,"max_hp_gain":0.0,"max_hp_loss":0.0,"gold_gain":0.0,"cards_transformed":["Strike_B"],"event_name":"Transmorgrifier","player_choice":"Transformed","floor":2.0,"gold_loss":0.0,"damage_taken":0.0,"cards_obtained":["Defragment"]},{"damage_healed":0,"gold_gain":0,"player_choice":"Forge","damage_taken":0,"max_hp_gain":0,"max_hp_loss":0,"event_name":"Accursed Blacksmith","floor":21,"gold_loss":0,"cards_upgraded":["Capacitor"]},{"damage_healed":0,"gold_gain":0,"player_choice":"Shed Blood","damage_taken":25,"max_hp_gain":5,"max_hp_loss":0,"event_name":"Forgotten Altar","floor":30,"gold_loss":0}],"is_beta":false,"boss_relics":[{"not_picked":["Fusion Hammer","Nuclear Battery"],"picked":"FrozenCore"}],"items_purged_floors":[],"is_endless":false,"potions_floor_spawned":[3,4,12,14,24],"killed_by":"Champ","ascension_level":20}