{"gold_per_floor":[110,110,285,235,235,268,268,286,339,352,385,385,385,400,400,490,490,515,143,158,158,283,283,283,296,296,296,309,309,333,22,22,118,118,139,472,472,104,1103,1128,1128,660,660,660,670,689,721,206,206,206],"floor_reached":51,"playtime":3220,"items_purged":["Strike_R","Normality","Normality"],"score":1320,"play_id":"81339ecf-ce2f-4cc8-8286-ee895e1623c4","local_time":"20190629012210","is_ascension_mode":true,"campfire_choices":[{"data":"Demon Form","floor":7,"key":"SMITH"},{"floor":13,"key":"REST"},{"data":"Carnage","floor":15,"key":"SMITH"},{"data":"Fiend Fire","floor":23,"key":"SMITH"},{"floor":32,"key":"REST"},{"floor":41,"key":"REST"},{"floor":49,"key":"REST"}],"neow_cost":"NONE","seed_source_timestamp":39032706473808,"circlet_count":0,"master_deck":["AscendersBane","Strike_R","Defend_R","Defend_R","Defend_R","Bash","Metallicize","Doubt","Power Through","Demon Form+1","Cleave","Carnage+1","Clothesline","Injury","Pommel Strike","Fiend Fire+1","Shockwave","Disarm","Shrug It Off","Seeing Red","Rampage","Shame","Shrug It Off+1","Impervious","Feel No Pain","Warcry","Writhe","Whirlwind+1","Havoc+1","Apotheosis+1","Flame Barrier+1","Sentinel+1","Immolate"],"relics":["Burning Blood","Orichalcum","Incense Burner","Regal Pillow","Juzu Bracelet","Orrery","Turnip","Nunchaku","Blue Candle","Du-Vu Doll","Anchor","Dead Branch","Fusion Hammer","Prayer Wheel","Paper Frog","Membership Card","Letter Opener","Centennial Puzzle","Toxic Egg 2","Self Forming Clay","Bag of Marbles","Kunai"],"potions_floor_usage":[11,11,22,22,30,46,47,50],"damage_taken":[{"damage":1,"enemies":"Small Slimes","floor":1,"turns":5},{"damage":32,"enemies":"3 Sentries","floor":6,"turns":16},{"damage":4,"enemies":"2 Louse","floor":8,"turns":3},{"damage":9,"enemies":"Jaw Worm","floor":10,"turns":5},{"damage":24,"enemies":"Lagavulin","floor":11,"turns":7},{"damage":7,"enemies":"3 Louse","floor":14,"turns":3},{"damage":39,"enemies":"The Guardian","floor":16,"turns":9},{"damage":2,"enemies":"Chosen","floor":18,"turns":4},{"damage":15,"enemies":"Spheric Guardian","floor":20,"turns":7},{"damage":32,"enemies":"Colosseum Slavers","floor":22,"turns":6},{"damage":18,"enemies":"Colosseum Nobs","floor":22,"turns":5},{"damage":44,"enemies":"Cultist and Chosen","floor":25,"turns":10},{"damage":0,"enemies":"Snecko","floor":28,"turns":3},{"damage":0,"enemies":"Centurion and Healer","floor":30,"turns":5},{"damage":20,"enemies":"Collector","floor":33,"turns":6},{"damage":8,"enemies":"3 Darklings","floor":35,"turns":6},{"damage":71,"enemies":"Reptomancer","floor":40,"turns":7},{"damage":20,"enemies":"3 Shapes","floor":45,"turns":5},{"damage":29,"enemies":"Spire Growth","floor":46,"turns":5},{"damage":20,"enemies":"Nemesis","floor":47,"turns":7},{"damage":16,"enemies":"Awakened One","floor":50,"turns":14}],"seed_played":"5872757162965196943","potions_obtained":[{"floor":1,"key":"PowerPotion"},{"floor":8,"key":"PowerPotion"},{"floor":14,"key":"Poison Potion"},{"floor":20,"key":"Strength Potion"},{"floor":28,"key":"AttackPotion"},{"floor":33,"key":"Fire Potion"},{"floor":40,"key":"SkillPotion"},{"floor":46,"key":"EssenceOfSteel"}],"is_trial":false,"path_per_floor":["M","?","?","?","?","E","R","M","T","M","E","?","R","M","R","B",null,"M","$","M","?","?","R","?","M","T","?","M","?","M","$","R","B",null,"M","?","?","$","?","E","R","$","T","?","M","M","E","$","R","B",null],"character_chosen":"IRONCLAD","items_purchased":["Turnip","Dead Branch","Prayer Wheel","Feel No Pain","Membership Card","Letter Opener","Centennial Puzzle","Warcry","Bag of Marbles","Apotheosis+1","Energy Potion","Kunai","Flame Barrier+1","Sentinel+1","Immolate"],"campfire_rested":4,"item_purchase_floors":[19,31,38,38,42,42,42,42,48,48,48,48,48,48,48],"current_hp_per_floor":[73,73,73,73,73,47,47,49,49,46,28,28,65,64,64,31,64,68,68,59,85,47,47,47,9,9,9,15,15,21,21,61,47,76,74,74,74,74,74,9,49,49,49,70,56,33,19,19,59,49],"gold":206,"neow_bonus":"REMOVE_CARD","is_prod":false,"is_daily":false,"chose_seed":false,"campfire_upgraded":3,"win_rate":0,"timestamp":1561789330,"path_taken":["M","?","?","?","?","E","R","M","T","M","E","?","R","M","R","BOSS","M","$","M","?","?","R","?","M","T","?","M","?","M","$","R","BOSS","M","?","?","$","?","E","R","?","T","?","M","M","E","$","R","BOSS"],"build_version":"2019-01-23","purchased_purges":3,"victory":true,"max_hp_per_floor":[75,75,75,75,75,75,75,75,75,75,75,75,75,75,75,75,75,75,75,75,85,85,85,85,85,85,85,85,85,85,85,85,85,85,85,85,85,85,85,85,85,85,85,85,85,85,85,85,85,85],"card_choices":[{"not_picked":["Inflame","Sever Soul"],"picked":"Metallicize","floor":1},{"not_picked":["Sword Boomerang","Anger"],"picked":"Demon Form","floor":6},{"not_picked":["Twin Strike","Anger"],"picked":"Cleave","floor":8},{"not_picked":["Searing Blow","Sever Soul"],"picked":"Carnage","floor":10},{"not_picked":["Barricade","Wild Strike"],"picked":"Clothesline","floor":11},{"not_picked":["Iron Wave","Thunderclap"],"picked":"Pommel Strike","floor":14},{"not_picked":["Impervious","Brutality"],"picked":"Fiend Fire","floor":16},{"not_picked":["Second Wind","Clash"],"picked":"Shockwave","floor":17},{"not_picked":["Anger","Twin Strike"],"picked":"Disarm","floor":17},{"not_picked":["Armaments","Heavy Blade"],"picked":"Shrug It Off","floor":17},{"not_picked":["Anger","Cleave"],"picked":"Seeing Red","floor":17},{"not_picked":["Body Slam+1","Intimidate","Twin Strike"],"picked":"SKIP","floor":18},{"not_picked":["Reckless Charge","Cleave"],"picked":"Brutality","floor":20},{"not_picked":["Body Slam","Perfected Strike","Thunderclap"],"picked":"SKIP","floor":25},{"not_picked":["Burning Pact+1","Blood for Blood","Combust"],"picked":"SKIP","floor":28},{"not_picked":["Spot Weakness","Rupture"],"picked":"Shrug It Off+1","floor":30},{"not_picked":["Brutality","Demon Form"],"picked":"Impervious","floor":33},{"not_picked":["Thunderclap","Dual Wield","Headbutt"],"picked":"SKIP","floor":35},{"not_picked":["Pommel Strike","Anger+1","Iron Wave+1"],"picked":"SKIP","floor":40},{"not_picked":["Entrench+1","Headbutt"],"picked":"Whirlwind+1","floor":45},{"not_picked":["Infernal Blade+1","Wild Strike+1","Combust"],"picked":"SKIP","floor":45},{"not_picked":["Entrench+1","Blood for Blood"],"picked":"Havoc+1","floor":46},{"not_picked":["Headbutt","Twin Strike","Pommel Strike"],"picked":"SKIP","floor":46},{"not_picked":["Combust","Rupture","Headbutt"],"picked":"SKIP","floor":47}],"player_experience":420982,"relics_obtained":[{"floor":6,"key":"Incense Burner"},{"floor":9,"key":"Regal Pillow"},{"floor":11,"key":"Juzu Bracelet"},{"floor":22,"key":"Nunchaku"},{"floor":22,"key":"Blue Candle"},{"floor":26,"key":"Du-Vu Doll"},{"floor":40,"key":"Paper Frog"},{"floor":43,"key":"Toxic Egg 2"},{"floor":47,"key":"Self Forming Clay"}],"event_choices":[{"damage_healed":0,"gold_gain":0,"player_choice":"Box","damage_taken":0,"relics_obtained":["Orichalcum"],"max_hp_gain":0,"max_hp_loss":0,"event_name":"Big Fish","floor":2,"gold_loss":0,"cards_obtained":["Regret"]},{"damage_healed":0,"gold_gain":175,"player_choice":"AGREE","damage_taken":0,"max_hp_gain":0,"max_hp_loss":0,"event_name":"Liars Game","floor":3,"gold_loss":0,"cards_obtained":["Doubt"]},{"cards_removed":["Regret"],"damage_healed":0,"gold_gain":0,"player_choice":"Card Removal","damage_taken":0,"max_hp_gain":0,"max_hp_loss":0,"event_name":"The Cleric","floor":4,"gold_loss":50},{"damage_healed":0,"gold_gain":0,"cards_transformed":["Strike_R"],"player_choice":"Change","damage_taken":0,"max_hp_gain":0,"max_hp_loss":0,"event_name":"Living Wall","floor":5,"gold_loss":0,"cards_obtained":["Power Through"]},{"damage_healed":0,"gold_gain":0,"player_choice":"Take Wound","damage_taken":0,"relics_obtained":["Golden Idol"],"max_hp_gain":0,"max_hp_loss":0,"event_name":"Golden Idol","floor":12,"gold_loss":0,"cards_obtained":["Injury"]},{"cards_removed":["Brutality"],"damage_healed":16,"gold_gain":0,"player_choice":"Offered Rare","damage_taken":0,"max_hp_gain":10,"max_hp_loss":0,"event_name":"Bonfire Elementals","floor":21,"gold_loss":0},{"damage_healed":0,"gold_gain":0,"player_choice":"Fight","damage_taken":0,"max_hp_gain":0,"max_hp_loss":0,"event_name":"Colosseum","floor":22,"gold_loss":0},{"damage_healed":0,"gold_gain":0,"player_choice":"Fought Nobs","damage_taken":0,"max_hp_gain":0,"max_hp_loss":0,"event_name":"Colosseum","floor":22,"gold_loss":0},{"damage_healed":0,"gold_gain":0,"cards_transformed":["Strike_R"],"player_choice":"Transformed","damage_taken":0,"max_hp_gain":0,"max_hp_loss":0,"event_name":"Transmorgrifier","floor":24,"gold_loss":0,"cards_obtained":["Rampage"]},{"damage_healed":0,"gold_gain":0,"player_choice":"Ignored","damage_taken":0,"max_hp_gain":0,"max_hp_loss":0,"event_name":"Vampires","floor":27,"gold_loss":0},{"damage_healed":0,"gold_gain":0,"player_choice":"Stole Relic","damage_taken":0,"relics_obtained":["Anchor"],"max_hp_gain":0,"max_hp_loss":0,"event_name":"Addict","floor":29,"gold_loss":0,"cards_obtained":["Shame"]},{"damage_healed":0,"gold_gain":333,"player_choice":"Gave Idol","damage_taken":0,"max_hp_gain":0,"max_hp_loss":0,"event_name":"The Moai Head","floor":36,"relics_lost":["Golden Idol"],"gold_loss":0},{"cards_removed":["Defend_R"],"damage_healed":0,"gold_gain":0,"player_choice":"Removed Skill","damage_taken":0,"max_hp_gain":0,"max_hp_loss":0,"event_name":"Falling","floor":37,"gold_loss":0},{"damage_healed":0,"gold_gain":999,"player_choice":"Gold","damage_taken":0,"max_hp_gain":0,"max_hp_loss":0,"event_name":"MindBloom","floor":39,"gold_loss":0,"cards_obtained":["Normality","Normality"]},{"damage_healed":21,"gold_gain":0,"player_choice":"Writhe","damage_taken":0,"max_hp_gain":0,"max_hp_loss":0,"event_name":"Winding Halls","floor":44,"gold_loss":0,"cards_obtained":["Writhe"]}],"is_beta":false,"boss_relics":[{"not_picked":["Lizard Tail","Tiny House"],"picked":"Orrery"},{"not_picked":["Sozu","Runic Pyramid"],"picked":"Fusion Hammer"}],"items_purged_floors":[19,42,48],"is_endless":false,"potions_floor_spawned":[1,8,10,14,20,28,33,40,45,46],"ascension_level":14}