{"gold_per_floor":[113,188,40,40,40,40,60,60,87,87,101,101,119,152,152,223,223,236,160,179,189,38,38,68,78,78,93,107,107,107,107,107,107],"floor_reached":33,"playtime":992,"items_purged":[],"score":464,"play_id":"f0f2d190-e3fb-419e-8718-501de8d12d89","local_time":"20190721200844","is_ascension_mode":true,"campfire_choices":[{"floor":6.0,"key":"REST"},{"data":"Static Discharge","floor":8.0,"key":"SMITH"},{"data":"Dualcast","floor":10.0,"key":"SMITH"},{"floor":15.0,"key":"REST"},{"floor":23.0,"key":"REST"},{"floor":29.0,"key":"REST"},{"floor":32.0,"key":"REST"}],"neow_cost":"NONE","seed_source_timestamp":660969771027100,"circlet_count":0,"master_deck":["AscendersBane","Strike_B","Strike_B+1","Strike_B+1","Strike_B","Defend_B","Defend_B","Defend_B","Defend_B","Zap+1","Dualcast+1","Scrape+1","Static Discharge+1","Conserve Battery","Biased Cognition","Gash","Glacier","Conserve Battery","Gash","Defragment"],"special_seed":0,"relics":["Cracked Core","DataDisk","Oddly Smooth Stone","Whetstone","Inserter","Bronze Scales","Art of War","Mummified Hand"],"potions_floor_usage":[],"damage_taken":[{"damage":5.0,"enemies":"2 Louse","floor":1.0,"turns":2.0},{"damage":0.0,"enemies":"Small Slimes","floor":7.0,"turns":2.0},{"damage":0.0,"enemies":"Cultist","floor":11.0,"turns":2.0},{"damage":6.0,"enemies":"Exordium Wildlife","floor":13.0,"turns":3.0},{"damage":14.0,"enemies":"Lagavulin","floor":14.0,"turns":6.0},{"damage":42.0,"enemies":"Hexaghost","floor":16.0,"turns":5.0},{"damage":8.0,"enemies":"Shell Parasite","floor":18.0,"turns":4.0},{"damage":0.0,"enemies":"Chosen","floor":20.0,"turns":4.0},{"damage":7.0,"enemies":"Sentry and Sphere","floor":21.0,"turns":5.0},{"damage":39.0,"enemies":"Book of Stabbing","floor":24.0,"turns":6.0},{"damage":6.0,"enemies":"Snake Plant","floor":25.0,"turns":4.0},{"damage":5.0,"enemies":"Snecko","floor":27.0,"turns":5.0},{"damage":7.0,"enemies":"Centurion and Healer","floor":28.0,"turns":7.0},{"damage":0.0,"enemies":"Colosseum Slavers","floor":31.0,"turns":4.0},{"damage":61,"enemies":"Collector","floor":33,"turns":5}],"seed_played":"8037663331821614993","potions_obtained":[{"floor":11.0,"key":"SpeedPotion"},{"floor":14.0,"key":"Poison Potion"},{"floor":18.0,"key":"Explosive Potion"},{"floor":25.0,"key":"FearPotion"},{"floor":28.0,"key":"PowerPotion"}],"is_trial":false,"path_per_floor":["M","?","$","?","$","R","M","R","T","R","M","?","M","E","R","B",null,"M","$","M","M","$","R","E","M","T","M","M","R","?","?","R","B"],"character_chosen":"DEFECT","items_purchased":["DataDisk","Glacier","Bronze Scales"],"campfire_rested":5,"item_purchase_floors":[3,19,22],"current_hp_per_floor":[59,48,48,48,48,69,69,69,69,69,69,74,68,54,76,34,66,58,58,58,51,51,73,34,28,28,23,16,38,38,38,60,0],"gold":107,"neow_bonus":"UPGRADE_CARD","is_prod":false,"is_daily":false,"chose_seed":false,"campfire_upgraded":2,"win_rate":0,"timestamp":1563732524,"path_taken":["M","?","$","?","$","R","M","R","T","R","M","?","M","E","R","BOSS","M","$","M","M","$","R","E","M","T","M","M","R","?","?","R","BOSS"],"build_version":"2019-07-17","purchased_purges":0,"victory":false,"max_hp_per_floor":[71,71,71,71,71,71,71,71,71,71,71,76,76,76,76,76,76,76,76,76,76,76,76,76,76,76,76,76,76,76,76,76,76],"card_choices":[{"not_picked":["Turbo","Leap"],"picked":"Scrape","floor":1.0},{"not_picked":["Conserve Battery","Streamline"],"picked":"Static Discharge","floor":7.0},{"not_picked":["Doom and Gloom","Sweeping Beam","Compile Driver"],"picked":"SKIP","floor":11.0},{"not_picked":["Recycle","Rebound","Compile Driver"],"picked":"SKIP","floor":13.0},{"not_picked":["Streamline","Redo"],"picked":"Conserve Battery","floor":14.0},{"not_picked":["All For One","Multi-Cast"],"picked":"Biased Cognition","floor":16.0},{"not_picked":["Stack","Lockon"],"picked":"Gash","floor":18.0},{"not_picked":["Turbo","Steam+1"],"picked":"Conserve Battery","floor":20.0},{"not_picked":["Recycle","Double Energy","Hologram"],"picked":"SKIP","floor":21.0},{"not_picked":["Sunder","Rebound"],"picked":"Gash","floor":24.0},{"not_picked":["Cold Snap","Compile Driver+1"],"picked":"Defragment","floor":25.0},{"not_picked":["Amplify","Beam Cell","Streamline"],"picked":"SKIP","floor":27.0},{"not_picked":["Compile Driver","Leap","Undo"],"picked":"SKIP","floor":28.0}],"player_experience":363303,"relics_obtained":[{"floor":9.0,"key":"Oddly Smooth Stone"},{"floor":14.0,"key":"Whetstone"},{"floor":24.0,"key":"Art of War"},{"floor":26.0,"key":"Mummified Hand"}],"event_choices":[{"damage_healed":0.0,"max_hp_gain":0.0,"max_hp_loss":0.0,"gold_gain":75.0,"event_name":"World of Goop","player_choice":"Gather Gold","floor":2.0,"gold_loss":0.0,"damage_taken":11.0},{"damage_healed":0.0,"max_hp_gain":0.0,"max_hp_loss":0.0,"gold_gain":0.0,"event_name":"Living Wall","player_choice":"Grow","floor":4.0,"gold_loss":0.0,"damage_taken":0.0,"cards_upgraded":["Scrape"]},{"damage_healed":0.0,"max_hp_gain":5.0,"max_hp_loss":0.0,"gold_gain":0.0,"event_name":"Big Fish","player_choice":"Donut","floor":12.0,"gold_loss":0.0,"damage_taken":0.0},{"damage_healed":0.0,"max_hp_gain":0.0,"max_hp_loss":0.0,"gold_gain":0.0,"event_name":"The Mausoleum","player_choice":"Ignored","floor":30.0,"gold_loss":0.0,"damage_taken":0.0},{"damage_healed":0.0,"max_hp_gain":0.0,"max_hp_loss":0.0,"gold_gain":0.0,"event_name":"Colosseum","player_choice":"Fight","floor":31.0,"gold_loss":0.0,"damage_taken":0.0},{"damage_healed":0.0,"max_hp_gain":0.0,"max_hp_loss":0.0,"gold_gain":0.0,"event_name":"Colosseum","player_choice":"Fled From Nobs","floor":31.0,"gold_loss":0.0,"damage_taken":0.0}],"is_beta":false,"boss_relics":[{"not_picked":["FrozenCore","Fusion Hammer"],"picked":"Inserter"}],"items_purged_floors":[],"is_endless":false,"potions_floor_spawned":[11,14,18,25,28],"killed_by":"Collector","ascension_level":15}