{"gold_per_floor":[119,130,130,150,39,39,73,73,73,148,183,183,2,21,21,124,124,138,53,152,118,45,45,45,62,62,62,89,89,105,121,121,219,219,229,179,199,223,14,43,43,76,103,136,136,136,136,151,151,151],"floor_reached":50,"playtime":4318,"items_purged":["Defend_B","Defend_B","Defend_B","Strike_B"],"score":899,"play_id":"e8a50fe9-d324-4f14-a622-c8158973fee6","local_time":"20190628054322","is_ascension_mode":true,"campfire_choices":[{"data":"Consume","floor":6,"key":"SMITH"},{"data":"Loop","floor":8,"key":"SMITH"},{"data":"Amplify","floor":12,"key":"SMITH"},{"data":"Chaos","floor":15,"key":"SMITH"},{"data":"Self Repair","floor":23,"key":"SMITH"},{"data":"Echo Form","floor":29,"key":"SMITH"},{"data":"Redo","floor":32,"key":"SMITH"},{"data":"Defragment","floor":41,"key":"SMITH"},{"data":"Double Energy","floor":45,"key":"SMITH"},{"data":"Zap","floor":47,"key":"SMITH"},{"data":"Dualcast","floor":49,"key":"SMITH"}],"neow_cost":"NONE","seed_source_timestamp":1366992732413500,"circlet_count":0,"master_deck":["AscendersBane","Strike_B","Strike_B","Strike_B","Zap+1","Dualcast+1","Madness","Conserve Battery","Glacier","Consume+1","Chill","Loop+1","Self Repair+1","Amplify+1","Chaos+1","Redo+1","Echo Form+1","Coolheaded+1","Conserve Battery+1","Machine Learning","Double Energy+1","Streamline+1","Ball Lightning+1","Defragment+1","Melter","Hologram","Streamline+1","Lockon","Madness","Madness","Heatsinks"],"special_seed":0,"relics":["Cracked Core","Ice Cream","Ornamental Fan","StoneCalendar","Black Star","Happy Flower","Lantern","Blue Candle","Smiling Mask","Mummified Hand","Nuclear Battery","Dream Catcher","Pen Nib","Mercury Hourglass","Orichalcum","Unceasing Top","Centennial Puzzle","Sundial","Bottled Tornado"],"potions_floor_usage":[24,24,30,31,37,40,50,50],"damage_taken":[{"damage":3.0,"enemies":"Jaw Worm","floor":1.0,"turns":4.0},{"damage":0.0,"enemies":"Small Slimes","floor":2.0,"turns":4.0},{"damage":0.0,"enemies":"2 Louse","floor":4.0,"turns":3.0},{"damage":10,"enemies":"Lagavulin","floor":7,"turns":9},{"damage":23,"enemies":"3 Sentries","floor":11,"turns":10},{"damage":1,"enemies":"Blue Slaver","floor":14,"turns":4},{"damage":11,"enemies":"Hexaghost","floor":16,"turns":8},{"damage":6,"enemies":"Shell Parasite","floor":18,"turns":7},{"damage":12,"enemies":"2 Thieves","floor":21,"turns":5},{"damage":25,"enemies":"Book of Stabbing","floor":24,"turns":8},{"damage":11,"enemies":"3 Cultists","floor":25,"turns":7},{"damage":14,"enemies":"Gremlin Leader","floor":28,"turns":7},{"damage":9,"enemies":"Cultist and Chosen","floor":30,"turns":7},{"damage":13,"enemies":"Centurion and Healer","floor":31,"turns":4},{"damage":23,"enemies":"Champ","floor":33,"turns":11},{"damage":0,"enemies":"3 Shapes","floor":35,"turns":5},{"damage":23,"enemies":"3 Darklings","floor":37,"turns":7},{"damage":35,"enemies":"Nemesis","floor":40,"turns":7},{"damage":9,"enemies":"Reptomancer","floor":42,"turns":5},{"damage":0,"enemies":"Giant Head","floor":44,"turns":6},{"damage":0,"enemies":"Maw","floor":48,"turns":5},{"damage":79,"enemies":"Donu and Deca","floor":50,"turns":5}],"seed_played":"-5881569963355005163","potions_obtained":[{"floor":4,"key":"SmokeBomb"},{"floor":11,"key":"SkillPotion"},{"floor":21,"key":"Dexterity Potion"},{"floor":28,"key":"FearPotion"},{"floor":30,"key":"AttackPotion"},{"floor":31,"key":"GamblersBrew"},{"floor":37,"key":"LiquidBronze"},{"floor":40,"key":"Ancient Potion"}],"is_trial":false,"path_per_floor":["M","M","?","M","$","R","E","R","T","?","E","R","$","M","R","B",null,"M","?","?","M","$","R","E","M","T","T","E","R","M","M","R","B",null,"M","$","M","T","$","E","R","E","T","E","R","?","R","M","R","B"],"character_chosen":"DEFECT","items_purchased":["Loop","Chaos","Machine Learning","Defragment","Melter","Hologram"],"campfire_rested":0,"item_purchase_floors":[5,13,22,39,39,39],"current_hp_per_floor":[65,65,65,65,65,65,55,55,55,44,28,28,28,34,34,30,64,65,65,65,60,60,60,55,54,54,54,60,60,51,58,58,45,68,75,75,72,72,72,57,57,68,68,75,75,66,66,75,75,0],"gold":151,"neow_bonus":"RANDOM_COLORLESS","is_prod":false,"is_daily":false,"chose_seed":false,"campfire_upgraded":11,"win_rate":0,"timestamp":1561722202,"path_taken":["M","M","?","M","$","R","E","R","T","?","E","R","$","M","R","BOSS","M","?","?","M","?","R","E","M","T","?","E","R","?","M","R","BOSS","M","$","M","?","$","E","R","E","T","E","R","?","R","M","R","BOSS"],"build_version":"2019-06-24","purchased_purges":4,"victory":false,"max_hp_per_floor":[75,75,75,75,75,75,75,75,75,75,75,75,75,75,75,75,75,75,75,75,75,75,75,75,75,75,75,75,75,75,75,75,75,75,75,75,75,75,75,75,75,75,75,75,75,75,75,75,75,75],"card_choices":[{"not_picked":["Stack","Go for the Eyes"],"picked":"Conserve Battery","floor":1.0},{"not_picked":["Capacitor","Melter"],"picked":"Glacier","floor":2.0},{"not_picked":["Beam Cell","Hologram"],"picked":"Chill","floor":4},{"not_picked":["Recycle","Compile Driver"],"picked":"Self Repair","floor":7},{"not_picked":["Turbo","Genetic Algorithm"],"picked":"Amplify","floor":11},{"not_picked":["Beam Cell","Leap"],"picked":"Redo","floor":14},{"not_picked":["Amplify","Fission"],"picked":"Echo Form","floor":16},{"not_picked":["Steam","Stack"],"picked":"Coolheaded+1","floor":18},{"not_picked":["Gash","Beam Cell"],"picked":"Conserve Battery+1","floor":21},{"not_picked":["Sweeping Beam","Skim+1"],"picked":"Double Energy","floor":25},{"not_picked":["Coolheaded","Sweeping Beam","Thunder Strike"],"picked":"SKIP","floor":28},{"not_picked":["Barrage","Compile Driver+1","Cold Snap"],"picked":"SKIP","floor":30},{"not_picked":["Leap","Redo","Reprogram"],"picked":"SKIP","floor":31},{"not_picked":["Stack+1","Barrage+1"],"picked":"Streamline+1","floor":35},{"not_picked":["Rip and Tear+1","Leap+1"],"picked":"Ball Lightning+1","floor":37},{"not_picked":["Double Energy","Hologram+1"],"picked":"Streamline+1","floor":40},{"not_picked":["Fission","Compile Driver+1"],"picked":"Lockon","floor":42},{"not_picked":["Fission","Doom and Gloom","Compile Driver"],"picked":"SKIP","floor":44},{"not_picked":["Sweeping Beam","Sunder"],"picked":"Heatsinks","floor":48}],"player_experience":350139,"relics_obtained":[{"floor":7,"key":"Ice Cream"},{"floor":9,"key":"Ornamental Fan"},{"floor":11,"key":"StoneCalendar"},{"floor":26,"key":"Lantern"},{"floor":27,"key":"Blue Candle"},{"floor":28,"key":"Smiling Mask"},{"floor":28,"key":"Mummified Hand"},{"floor":38,"key":"Dream Catcher"},{"floor":40,"key":"Pen Nib"},{"floor":40,"key":"Mercury Hourglass"},{"floor":42,"key":"Orichalcum"},{"floor":42,"key":"Unceasing Top"},{"floor":43,"key":"Centennial Puzzle"},{"floor":44,"key":"Sundial"},{"floor":44,"key":"Bottled Tornado"}],"event_choices":[{"damage_healed":0.0,"max_hp_gain":0.0,"max_hp_loss":0.0,"gold_gain":0.0,"cards_transformed":["Defend_B"],"event_name":"Living Wall","player_choice":"Change","floor":3.0,"gold_loss":0.0,"damage_taken":0.0,"cards_obtained":["Consume"]},{"damage_healed":0,"gold_gain":75,"player_choice":"Gather Gold","damage_taken":11,"max_hp_gain":0,"max_hp_loss":0,"event_name":"World of Goop","floor":10,"gold_loss":0},{"damage_healed":0,"gold_gain":0,"player_choice":"Obtained Relic","damage_taken":0,"relics_obtained":["Happy Flower"],"max_hp_gain":0,"max_hp_loss":0,"event_name":"Addict","floor":19,"gold_loss":85},{"damage_healed":0,"gold_gain":99,"player_choice":"Stole From Cult","damage_taken":0,"max_hp_gain":0,"max_hp_loss":0,"event_name":"Nest","floor":20,"gold_loss":0},{"damage_healed":0,"gold_gain":0,"player_choice":"Embrace Madness","damage_taken":9,"max_hp_gain":0,"max_hp_loss":0,"event_name":"Winding Halls","floor":46,"gold_loss":0,"cards_obtained":["Madness","Madness"]}],"is_beta":true,"boss_relics":[{"not_picked":["Lizard Tail","Calling Bell"],"picked":"Black Star"},{"not_picked":["FrozenCore","Coffee Dripper"],"picked":"Nuclear Battery"}],"items_purged_floors":[5,13,36,39],"is_endless":false,"potions_floor_spawned":[4,11,21,24,28,30,31,37,40],"killed_by":"Donu and Deca","ascension_level":10}