{"gold_per_floor":[119,129,143,156,167,193,208,208,289,289,3,3,19,58,58,188,188,207,228,75,89,89,117,130,160,208,208,208,208],"floor_reached":29,"playtime":1973,"items_purged":["Strike_R","Strike_R"],"score":346,"play_id":"fc9057ca-6c0b-467e-aa3c-e1e5a4ee3a86","local_time":"20190528190730","is_ascension_mode":true,"campfire_choices":[{"data":"Spot Weakness","floor":8,"key":"SMITH"},{"data":"Flame Barrier","floor":10,"key":"SMITH"},{"data":"Demon Form","floor":15,"key":"SMITH"},{"floor":27,"key":"REST"}],"neow_cost":"NONE","seed_source_timestamp":350998109900164,"circlet_count":0,"master_deck":["Strike_R","Strike_R","Strike_R","Defend_R","Defend_R","Defend_R","Defend_R","Bash","Flame Barrier+1","Iron Wave","Spot Weakness+1","Flex","Pummel","Feel No Pain","Clothesline","Demon Form+1","Injury","Shrug It Off","Juggernaut","Barricade","Thunderclap","Pommel Strike","True Grit","Flame Barrier+1","Impervious","Seeing Red","Spot Weakness+1"],"relics":["Burning Blood","Art of War","Self Forming Clay","Darkstone Periapt","Bloody Idol","Red Skull","Sozu","Gambling Chip","Centennial Puzzle","War Paint"],"potions_floor_usage":[4,5,6,16,16,18],"damage_taken":[{"damage":1,"enemies":"Cultist","floor":1,"turns":4},{"damage":15,"enemies":"Jaw Worm","floor":2,"turns":5},{"damage":6,"enemies":"2 Louse","floor":3,"turns":3},{"damage":15,"enemies":"Lots of Slimes","floor":4,"turns":5},{"damage":13,"enemies":"3 Louse","floor":5,"turns":5},{"damage":30,"enemies":"3 Sentries","floor":6,"turns":8},{"damage":13,"enemies":"Blue Slaver","floor":7,"turns":3},{"damage":0,"enemies":"Large Slime","floor":13,"turns":5},{"damage":14,"enemies":"Lagavulin","floor":14,"turns":6},{"damage":49,"enemies":"The Guardian","floor":16,"turns":8},{"damage":14,"enemies":"Spheric Guardian","floor":18,"turns":5},{"damage":9,"enemies":"Chosen","floor":19,"turns":8},{"damage":17,"enemies":"Sentry and Sphere","floor":21,"turns":5},{"damage":38,"enemies":"Gremlin Leader","floor":23,"turns":7},{"damage":16,"enemies":"Chosen and Byrds","floor":24,"turns":9},{"damage":9,"enemies":"Slavers","floor":25,"turns":6},{"damage":45,"enemies":"Gremlin Leader","floor":29,"turns":4}],"seed_played":"8693118255515310434","potions_obtained":[{"floor":2,"key":"Energy Potion"},{"floor":3,"key":"Regen Potion"},{"floor":4,"key":"Strength Potion"},{"floor":6,"key":"PowerPotion"},{"floor":16,"key":"Block Potion"}],"is_trial":false,"path_per_floor":["M","M","M","M","M","E","M","R","T","R","$","?","M","E","R","B",null,"M","M","$","M","?","E","M","E","T","R","?","E"],"character_chosen":"IRONCLAD","items_purchased":["Demon Form","BloodPotion","True Grit"],"campfire_rested":1,"item_purchase_floors":[11,11,20],"current_hp_per_floor":[80,71,71,62,69,45,38,38,38,38,38,44,50,42,42,7,66,58,55,55,44,44,17,12,14,19,44,44,0],"gold":208,"neow_bonus":"RANDOM_COMMON_RELIC","is_prod":false,"is_daily":false,"chose_seed":false,"campfire_upgraded":3,"win_rate":0,"timestamp":1559088450,"path_taken":["M","M","?","M","M","E","M","R","T","R","$","?","M","E","R","BOSS","M","M","$","M","?","E","M","E","T","R","?","E"],"build_version":"2019-01-23","purchased_purges":2,"victory":false,"max_hp_per_floor":[80,80,80,80,80,80,80,80,80,80,80,86,86,86,86,86,86,86,86,86,86,86,86,86,86,86,86,86,86],"card_choices":[{"not_picked":["Cleave","Spot Weakness"],"picked":"Flame Barrier","floor":1},{"not_picked":["Flex","Anger"],"picked":"Iron Wave","floor":2},{"not_picked":["Bloodletting","Metallicize"],"picked":"Spot Weakness","floor":3},{"not_picked":["Perfected Strike","Sentinel"],"picked":"Flex","floor":4},{"not_picked":["Sever Soul","Twin Strike"],"picked":"Pummel","floor":5},{"not_picked":["Perfected Strike","Headbutt"],"picked":"Feel No Pain","floor":6},{"not_picked":["Evolve","Clash"],"picked":"Clothesline","floor":7},{"not_picked":["Fire Breathing","Infernal Blade"],"picked":"Shrug It Off","floor":13},{"not_picked":["Twin Strike","Armaments"],"picked":"Juggernaut","floor":14},{"not_picked":["Juggernaut","Dark Embrace"],"picked":"Barricade","floor":16},{"not_picked":["Dropkick","Anger"],"picked":"Thunderclap","floor":18},{"not_picked":["Whirlwind","Hemokinesis"],"picked":"Pommel Strike","floor":19},{"not_picked":["Cleave","True Grit"],"picked":"Flame Barrier","floor":21},{"not_picked":["Bloodletting+1","Cleave"],"picked":"Impervious","floor":23},{"not_picked":["Uppercut","Warcry"],"picked":"Seeing Red","floor":24},{"not_picked":["Flex+1","Combust"],"picked":"Spot Weakness","floor":25}],"player_experience":221572,"relics_obtained":[{"floor":6,"key":"Self Forming Clay"},{"floor":9,"key":"Darkstone Periapt"},{"floor":14,"key":"Red Skull"},{"floor":23,"key":"Gambling Chip"},{"floor":25,"key":"Centennial Puzzle"},{"floor":26,"key":"War Paint"}],"event_choices":[{"damage_healed":0,"gold_gain":0,"player_choice":"Take Wound","damage_taken":0,"relics_obtained":["Golden Idol"],"max_hp_gain":0,"max_hp_loss":0,"event_name":"Golden Idol","floor":12,"gold_loss":0,"cards_obtained":["Injury"]},{"damage_healed":0,"gold_gain":0,"player_choice":"Gave Idol","damage_taken":0,"relics_obtained":["Bloody Idol"],"max_hp_gain":0,"max_hp_loss":0,"event_name":"Forgotten Altar","floor":22,"relics_lost":["Golden Idol"],"gold_loss":0},{"damage_healed":0,"gold_gain":0,"player_choice":"0 cards matched","damage_taken":0,"max_hp_gain":0,"max_hp_loss":0,"event_name":"Match and Keep!","floor":28,"gold_loss":0,"cards_obtained":[]}],"is_beta":false,"boss_relics":[{"not_picked":["Runic Pyramid","Orrery"],"picked":"Sozu"}],"items_purged_floors":[11,20],"is_endless":false,"potions_floor_spawned":[2,3,4,6,16,21,23,25],"killed_by":"Gremlin Leader","ascension_level":5}