{"gold_per_floor":[112,387,60,77,92,127,127,139,185,196,12,12,37,51,51,124,124,136,152,162,162,0,34,34,34,34,34,46,46,75,86,86,86],"floor_reached":33,"playtime":1786,"items_purged":["Regret","Strike_R"],"score":564,"play_id":"60594151-8500-496b-a2b8-f1ed8963f613","local_time":"20190712011717","is_ascension_mode":true,"campfire_choices":[{"data":"Whirlwind","floor":7,"key":"SMITH"},{"data":"Heavy Blade","floor":12,"key":"SMITH"},{"data":"Rupture","floor":15,"key":"SMITH"},{"data":"Ghostly","floor":27,"key":"SMITH"},{"data":"Ghostly","floor":29,"key":"SMITH"},{"data":"Ghostly","floor":32,"key":"SMITH"}],"neow_cost":"NONE","seed_source_timestamp":111071802915302,"circlet_count":0,"master_deck":["AscendersBane","Strike_R","Strike_R","Strike_R","Defend_R","Defend_R","Defend_R+1","Defend_R+1","Bash","Inflame","Heavy Blade+1","Disarm","Combust","Sword Boomerang","Whirlwind+1","Rupture+1","Blood for Blood","Power Through","Shrug It Off","Pummel","Double Tap","Flame Barrier","Shrug It Off","Hemokinesis","Ghostly+1","Ghostly+1","Ghostly+1","Battle Trance","Warcry","Ghostly Armor","Corruption"],"relics":["Burning Blood","NeowsBlessing","Vajra","Question Card","War Paint","Bronze Scales","Coffee Dripper","Bag of Marbles","Dream Catcher","MutagenicStrength","Potion Belt"],"potions_floor_usage":[13,18,19,23,33,33],"damage_taken":[{"damage":0,"enemies":"2 Louse","floor":1,"turns":1},{"damage":0,"enemies":"Cultist","floor":4,"turns":1},{"damage":0,"enemies":"Jaw Worm","floor":5,"turns":1},{"damage":10,"enemies":"Gremlin Nob","floor":6,"turns":3},{"damage":24,"enemies":"Large Slime","floor":8,"turns":7},{"damage":0,"enemies":"2 Fungi Beasts","floor":10,"turns":3},{"damage":10,"enemies":"3 Sentries","floor":13,"turns":6},{"damage":20,"enemies":"Exordium Thugs","floor":14,"turns":3},{"damage":9,"enemies":"Hexaghost","floor":16,"turns":8},{"damage":13,"enemies":"Shell Parasite","floor":18,"turns":3},{"damage":0,"enemies":"Spheric Guardian","floor":19,"turns":3},{"damage":8,"enemies":"3 Cultists","floor":20,"turns":3},{"damage":34,"enemies":"Gremlin Leader","floor":23,"turns":8},{"damage":0,"enemies":"Centurion and Healer","floor":28,"turns":5},{"damage":4,"enemies":"Slavers","floor":30,"turns":3},{"damage":6,"enemies":"Shelled Parasite and Fungi","floor":31,"turns":6},{"damage":34,"enemies":"Automaton","floor":33,"turns":10}],"seed_played":"-2970990176264607768","potions_obtained":[{"floor":1,"key":"SkillPotion"},{"floor":4,"key":"SkillPotion"},{"floor":16,"key":"Fire Potion"},{"floor":19,"key":"Dexterity Potion"},{"floor":23,"key":"Energy Potion"},{"floor":31,"key":"Fire Potion"}],"is_trial":false,"path_per_floor":["M","?","$","M","M","E","R","M","T","M","$","R","E","M","R","B",null,"M","M","M","?","$","E","?","?","T","R","M","R","E","M","R","B"],"character_chosen":"IRONCLAD","items_purchased":["Heavy Blade","Vajra","Disarm","Power Through","Bag of Marbles"],"campfire_rested":0,"item_purchase_floors":[3,3,3,11,22],"current_hp_per_floor":[74,74,74,75,75,71,71,53,53,59,59,59,55,41,41,38,66,59,65,63,37,37,9,9,9,9,9,15,15,17,17,17,0],"gold":86,"neow_bonus":"THREE_ENEMY_KILL","is_prod":false,"is_daily":false,"chose_seed":false,"campfire_upgraded":6,"win_rate":0,"timestamp":1562912237,"path_taken":["M","?","$","?","M","E","R","M","T","M","$","R","E","M","R","BOSS","M","M","?","?","$","E","?","?","T","R","M","R","E","M","R","BOSS"],"build_version":"2019-07-05","purchased_purges":2,"victory":false,"max_hp_per_floor":[75,75,75,75,75,75,75,75,75,75,75,75,75,75,75,75,75,75,75,75,37,37,37,37,37,37,37,37,37,37,37,37,37],"card_choices":[{"not_picked":["Bloodletting","True Grit"],"picked":"Inflame","floor":1},{"not_picked":["Second Wind","Armaments"],"picked":"Combust","floor":4},{"not_picked":["Combust","Cleave"],"picked":"Sword Boomerang","floor":5},{"not_picked":["Heavy Blade","Warcry"],"picked":"Whirlwind","floor":6},{"not_picked":["Cleave","Twin Strike","Sword Boomerang"],"picked":"Rupture","floor":8},{"not_picked":["Body Slam","Burning Pact","Warcry"],"picked":"Blood for Blood","floor":10},{"not_picked":["Berserk","Clothesline","Power Through"],"picked":"Shrug It Off","floor":13},{"not_picked":["Wild Strike","Anger","Flex"],"picked":"Pummel","floor":14},{"not_picked":["Impervious","Berserk","Dark Embrace"],"picked":"Double Tap","floor":16},{"not_picked":["Pummel","Armaments","Twin Strike"],"picked":"Flame Barrier","floor":18},{"not_picked":["Dual Wield","Seeing Red","Evolve"],"picked":"Shrug It Off","floor":19},{"not_picked":["Wild Strike","Disarm","True Grit"],"picked":"Hemokinesis","floor":20},{"not_picked":["Wild Strike","Body Slam","Armaments"],"picked":"Battle Trance","floor":23},{"not_picked":["Clothesline","Pummel","Wild Strike","Sentinel"],"picked":"SKIP","floor":28},{"not_picked":["Wild Strike","Rampage","Thunderclap"],"picked":"Ghostly Armor","floor":30},{"not_picked":["Flex","Brutality","Clash"],"picked":"Corruption","floor":31}],"player_experience":473672,"relics_obtained":[{"floor":6,"key":"Question Card"},{"floor":9,"key":"War Paint"},{"floor":13,"key":"Bronze Scales"},{"floor":23,"key":"Dream Catcher"},{"floor":30,"key":"Potion Belt"}],"event_choices":[{"damage_healed":0,"gold_gain":275,"player_choice":"Desecrate","damage_taken":0,"max_hp_gain":0,"max_hp_loss":0,"event_name":"Golden Shrine","floor":2,"gold_loss":0,"cards_obtained":["Regret"]},{"damage_healed":0,"gold_gain":0,"player_choice":"Became a Ghost","damage_taken":0,"max_hp_gain":0,"max_hp_loss":38,"event_name":"Ghosts","floor":21,"gold_loss":0,"cards_obtained":["Ghostly","Ghostly","Ghostly"]},{"damage_healed":0,"gold_gain":0,"player_choice":"Inject Mutagens","damage_taken":0,"relics_obtained":["MutagenicStrength"],"max_hp_gain":0,"max_hp_loss":0,"event_name":"Drug Dealer","floor":24,"gold_loss":0},{"damage_healed":0,"gold_gain":0,"cards_transformed":["Strike_R"],"player_choice":"Transformed","damage_taken":0,"max_hp_gain":0,"max_hp_loss":0,"event_name":"Transmorgrifier","floor":25,"gold_loss":0,"cards_obtained":["Warcry"]}],"is_beta":false,"boss_relics":[{"not_picked":["Calling Bell","Tiny House"],"picked":"Coffee Dripper"}],"items_purged_floors":[3,11],"is_endless":false,"potions_floor_spawned":[1,4,8,16,19,23,31],"killed_by":"Automaton","ascension_level":18}