{"gold_per_floor":[115,115,131,131,131,162,162,176,176,176,189,189,189,189,189,263,263,274,304,61,91,91,91,111,111,137,137,153,153,153,153],"floor_reached":31,"playtime":3539,"items_purged":[],"score":432,"play_id":"6e5ff424-7c1c-42d6-975e-eef11328fcc0","local_time":"20190720125911","is_ascension_mode":true,"campfire_choices":[{"data":"Zap","floor":7.0,"key":"SMITH"},{"data":"Loop","floor":12.0,"key":"SMITH"},{"floor":15.0,"key":"REST"},{"floor":23.0,"key":"REST"},{"floor":25.0,"key":"REST"},{"floor":30.0,"key":"REST"}],"neow_cost":"NONE","seed_source_timestamp":545869125617300,"circlet_count":0,"master_deck":["AscendersBane","Strike_B","Strike_B","Strike_B","Defend_B","Defend_B","Defend_B","Defend_B","Zap+1","Dualcast+1","Loop+1","Reboot","White Noise","Cold Snap","Echo Form","Shame","BootSequence+1","Double Energy","Glacier","Buffer"],"special_seed":0,"relics":["Cracked Core","NeowsBlessing","Mercury Hourglass","Dream Catcher","Lizard Tail","Red Mask","Toy Ornithopter","Tiny Chest","Orichalcum"],"potions_floor_usage":[31],"damage_taken":[{"damage":0.0,"enemies":"Small Slimes","floor":1.0,"turns":1.0},{"damage":0.0,"enemies":"Cultist","floor":3.0,"turns":1.0},{"damage":0.0,"enemies":"Gremlin Nob","floor":6.0,"turns":1.0},{"damage":2.0,"enemies":"Jaw Worm","floor":8.0,"turns":3.0},{"damage":10.0,"enemies":"3 Louse","floor":11.0,"turns":3.0},{"damage":57.0,"enemies":"Hexaghost","floor":16.0,"turns":12.0},{"damage":21.0,"enemies":"2 Thieves","floor":18.0,"turns":3.0},{"damage":30.0,"enemies":"Masked Bandits","floor":19.0,"turns":5.0},{"damage":20.0,"enemies":"3 Byrds","floor":24.0,"turns":4.0},{"damage":29.0,"enemies":"Centurion and Healer","floor":28.0,"turns":17.0},{"damage":116,"enemies":"Gremlin Leader","floor":31,"turns":13}],"seed_played":"4821251956563267411","potions_obtained":[{"floor":1.0,"key":"PowerPotion"},{"floor":8.0,"key":"Strength Potion"},{"floor":16.0,"key":"SkillPotion"},{"floor":19.0,"key":"Energy Potion"}],"is_trial":false,"path_per_floor":["M","$","M","?","$","E","R","M","T","$","M","R","?","?","R","B",null,"M","?","$","?","?","R","M","R","T","?","M","?","R","E"],"character_chosen":"DEFECT","items_purchased":["Toy Ornithopter","Weak Potion"],"campfire_rested":4,"item_purchase_floors":[20,20],"current_hp_per_floor":[64,64,64,64,64,64,64,62,62,62,52,52,52,52,71,14,57,36,6,6,6,6,27,12,33,33,56,27,27,48,0],"gold":153,"neow_bonus":"THREE_ENEMY_KILL","is_prod":false,"is_daily":false,"chose_seed":false,"campfire_upgraded":2,"win_rate":0,"timestamp":1563620351,"path_taken":["M","$","M","?","$","E","R","M","T","?","M","R","?","?","R","BOSS","M","?","$","?","?","R","?","R","T","?","M","?","R","E"],"build_version":"2019-07-17","purchased_purges":0,"victory":false,"max_hp_per_floor":[71,71,71,71,71,71,71,71,71,71,71,71,71,71,71,71,71,71,71,71,71,71,71,71,71,71,71,71,71,71,71],"card_choices":[{"not_picked":["Skim","Lockon"],"picked":"Loop","floor":1.0},{"not_picked":["Steam Power","Loop","Steam"],"picked":"SKIP","floor":3.0},{"not_picked":["Hologram","Rebound","Barrage"],"picked":"SKIP","floor":6.0},{"not_picked":["Doom and Gloom","Conserve Battery"],"picked":"Reboot","floor":8.0},{"not_picked":["Gash","Force Field"],"picked":"White Noise","floor":11.0},{"not_picked":["Sweeping Beam","Consume"],"picked":"Cold Snap","floor":15.0},{"not_picked":["Creative AI","Machine Learning"],"picked":"Echo Form","floor":16.0},{"not_picked":["Sweeping Beam","Force Field","Streamline"],"picked":"SKIP","floor":18.0},{"not_picked":["Beam Cell","Storm"],"picked":"BootSequence+1","floor":23.0},{"not_picked":["Barrage","Sunder"],"picked":"Double Energy","floor":24.0},{"not_picked":["Storm","Rebound"],"picked":"Glacier","floor":25.0},{"not_picked":["Lockon","Hologram","Chaos+1"],"picked":"SKIP","floor":28.0},{"not_picked":["Melter","Conserve Battery"],"picked":"Buffer","floor":30.0}],"player_experience":354395,"relics_obtained":[{"floor":6.0,"key":"Mercury Hourglass"},{"floor":9.0,"key":"Dream Catcher"},{"floor":19.0,"key":"Red Mask"},{"floor":26.0,"key":"Orichalcum"}],"event_choices":[{"cards_removed":["Strike_B"],"damage_healed":0.0,"max_hp_gain":0.0,"max_hp_loss":0.0,"gold_gain":0.0,"event_name":"Bonfire Elementals","player_choice":"Offered Basic","floor":4.0,"gold_loss":0.0,"damage_taken":0.0},{"damage_healed":0.0,"max_hp_gain":0.0,"max_hp_loss":0.0,"gold_gain":0.0,"event_name":"Living Wall","player_choice":"Grow","floor":13.0,"gold_loss":0.0,"damage_taken":0.0,"cards_upgraded":["Dualcast"]},{"damage_healed":0.0,"max_hp_gain":0.0,"max_hp_loss":0.0,"gold_gain":0.0,"event_name":"Liars Game","player_choice":"Ignored","floor":14.0,"gold_loss":0.0,"damage_taken":0.0},{"damage_healed":0.0,"max_hp_gain":0.0,"max_hp_loss":0.0,"gold_gain":0.0,"event_name":"Masked Bandits","player_choice":"Fought Bandits","floor":19.0,"gold_loss":0.0,"damage_taken":0.0},{"damage_healed":0.0,"max_hp_gain":0.0,"max_hp_loss":0.0,"gold_gain":0.0,"event_name":"Addict","player_choice":"Stole Relic","floor":21.0,"gold_loss":0.0,"damage_taken":0.0,"relics_obtained":["Tiny Chest"],"cards_obtained":["Shame"]},{"damage_healed":0.0,"max_hp_gain":0.0,"max_hp_loss":0.0,"gold_gain":0.0,"event_name":"The Woman in Blue","player_choice":"Bought 0 Potions","floor":22.0,"gold_loss":0.0,"damage_taken":0.0},{"damage_healed":23.0,"max_hp_gain":0.0,"max_hp_loss":0.0,"gold_gain":0.0,"event_name":"The Library","player_choice":"Heal","floor":27.0,"gold_loss":0.0,"damage_taken":0.0},{"damage_healed":0.0,"max_hp_gain":0.0,"max_hp_loss":0.0,"gold_gain":0.0,"event_name":"The Mausoleum","player_choice":"Ignored","floor":29.0,"gold_loss":0.0,"damage_taken":0.0}],"is_beta":false,"boss_relics":[{"not_picked":["Coffee Dripper","White Beast Statue"],"picked":"Lizard Tail"}],"items_purged_floors":[],"is_endless":false,"potions_floor_spawned":[1,8,16,19],"killed_by":"Gremlin Leader","ascension_level":14}