{"gold_per_floor":[114,114,114,57,71,71,97,113,113,133,48,48,73,73,73,150,150,165,180,215,231,245,245,245],"floor_reached":24,"playtime":1373,"items_purged":[],"score":450,"play_id":"b13ceee8-020d-4c3c-9831-16fbfe7b984e","local_time":"20190726193535","is_ascension_mode":true,"campfire_choices":[{"data":"Shrug It Off","floor":6,"key":"SMITH"},{"data":"Searing Blow","floor":12,"key":"SMITH"},{"data":"Whirlwind","floor":15,"key":"SMITH"},{"data":"Searing Blow+1","floor":23,"key":"SMITH"}],"neow_cost":"NONE","seed_source_timestamp":344781338224181,"circlet_count":0,"master_deck":["AscendersBane","Strike_R","Strike_R","Strike_R","Strike_R","Strike_R","Defend_R","Defend_R","Defend_R","Defend_R","Bash","Shrug It Off+1","Corruption","Whirlwind+1","Shrug It Off","Searing Blow+2","Barricade","Clothesline","Shrug It Off","Sentinel"],"relics":["Burning Blood","NeowsBlessing","FaceOfCleric","Sundial","Singing Bowl","Ice Cream","Snecko Eye","Red Mask"],"potions_floor_usage":[13,16,16,24,24],"damage_taken":[{"damage":0,"enemies":"Jaw Worm","floor":1,"turns":1},{"damage":0,"enemies":"Cultist","floor":5,"turns":1},{"damage":0,"enemies":"Lagavulin","floor":7,"turns":1},{"damage":19,"enemies":"Small Slimes","floor":8,"turns":4},{"damage":5,"enemies":"Red Slaver","floor":10,"turns":5},{"damage":5,"enemies":"3 Sentries","floor":13,"turns":4},{"damage":41,"enemies":"Slime Boss","floor":16,"turns":9},{"damage":12,"enemies":"3 Byrds","floor":18,"turns":5},{"damage":14,"enemies":"Spheric Guardian","floor":19,"turns":5},{"damage":21,"enemies":"Masked Bandits","floor":20,"turns":5},{"damage":8,"enemies":"Centurion and Healer","floor":21,"turns":6},{"damage":18,"enemies":"Sentry and Sphere","floor":22,"turns":5},{"damage":40,"enemies":"Gremlin Leader","floor":24,"turns":5}],"seed_played":"110878771716122121","potions_obtained":[{"floor":5,"key":"Weak Potion"},{"floor":13,"key":"SneckoOil"},{"floor":14,"key":"Poison Potion"},{"floor":19,"key":"AttackPotion"},{"floor":20,"key":"SkillPotion"}],"is_trial":false,"path_per_floor":["M","?","$","$","M","R","E","M","T","M","$","R","E","?","R","B",null,"M","M","?","M","M","R","E"],"character_chosen":"IRONCLAD","items_purchased":["SkillPotion","Searing Blow"],"campfire_rested":0,"item_purchase_floors":[4,11],"current_hp_per_floor":[74,74,74,74,76,76,77,65,65,69,69,69,73,73,73,39,74,69,62,50,51,40,40,0],"gold":245,"neow_bonus":"THREE_ENEMY_KILL","is_prod":false,"is_daily":false,"chose_seed":false,"campfire_upgraded":4,"win_rate":0,"timestamp":1564187735,"path_taken":["M","?","?","$","M","R","E","M","T","M","$","R","E","?","R","BOSS","M","M","?","M","M","R","E"],"build_version":"2019-07-17","purchased_purges":0,"victory":false,"max_hp_per_floor":[75,75,75,75,76,76,77,78,78,81,81,81,84,84,84,85,85,86,87,90,93,94,94,94],"card_choices":[{"not_picked":["Perfected Strike","Headbutt"],"picked":"Shrug It Off","floor":1},{"not_picked":["Combust","Body Slam"],"picked":"Corruption","floor":5},{"not_picked":["Uppercut","Armaments"],"picked":"Whirlwind","floor":7},{"not_picked":["Evolve","Bloodletting"],"picked":"Shrug It Off","floor":8},{"not_picked":["Warcry","Dual Wield","Armaments"],"picked":"Singing Bowl","floor":10},{"not_picked":["Clothesline","Second Wind","Rampage"],"picked":"Singing Bowl","floor":13},{"not_picked":["Immolate","Limit Break"],"picked":"Barricade","floor":16},{"not_picked":["Disarm","Clash"],"picked":"Clothesline","floor":18},{"not_picked":["Thunderclap+1","True Grit"],"picked":"Shrug It Off","floor":19},{"not_picked":["Clash","Havoc+1","Pommel Strike"],"picked":"Singing Bowl","floor":20},{"not_picked":["Second Wind","Sword Boomerang","Sever Soul+1"],"picked":"Singing Bowl","floor":21},{"not_picked":["Blood for Blood","Pommel Strike"],"picked":"Sentinel","floor":22}],"player_experience":529918,"relics_obtained":[{"floor":7,"key":"Sundial"},{"floor":9,"key":"Singing Bowl"},{"floor":13,"key":"Ice Cream"},{"floor":20,"key":"Red Mask"}],"event_choices":[{"damage_healed":0,"gold_gain":0,"player_choice":"Trade","damage_taken":0,"relics_obtained":["FaceOfCleric"],"max_hp_gain":0,"max_hp_loss":0,"event_name":"FaceTrader","floor":2,"gold_loss":0},{"damage_healed":0,"gold_gain":0,"player_choice":"Got Potions","damage_taken":0,"max_hp_gain":0,"max_hp_loss":0,"event_name":"Lab","floor":14,"gold_loss":0},{"damage_healed":0,"gold_gain":0,"player_choice":"Fought Bandits","damage_taken":0,"max_hp_gain":0,"max_hp_loss":0,"event_name":"Masked Bandits","floor":20,"gold_loss":0}],"is_beta":false,"boss_relics":[{"not_picked":["Eternal Feather","Fusion Hammer"],"picked":"Snecko Eye"}],"items_purged_floors":[],"is_endless":false,"potions_floor_spawned":[5,7,10,13,19,20,21],"killed_by":"Gremlin Leader","ascension_level":19}