{"gold_per_floor":[14,33,33,108,108,108,124,142,213,38,57,57,82,99,99,195,195,212,212,212,69,89,89,124,124,124,124,134,56,56],"floor_reached":30,"playtime":1606,"items_purged":["Decay","Writhe"],"score":273,"play_id":"68bf2f94-ad43-4846-96c6-6c2b3c4301c6","local_time":"20190616173915","is_ascension_mode":false,"campfire_choices":[{"data":"Zap","floor":6,"key":"SMITH"},{"data":"Loop","floor":12,"key":"SMITH"},{"data":"Double Energy","floor":15,"key":"SMITH"},{"data":"Static Discharge","floor":23,"key":"SMITH"},{"data":"Defragment","floor":25,"key":"SMITH"},{"data":"Defragment","floor":27,"key":"SMITH"}],"neow_cost":"NO_GOLD","seed_source_timestamp":375915962200900,"circlet_count":0,"master_deck":["Strike_B","Defend_B","Defend_B","Defend_B","Defend_B","Zap+1","Dualcast","Skim","Ball Lightning","Melter","Conserve Battery","Self Repair","Loop+1","Double Energy+1","Reinforced Body","Machine Learning","Defragment+1","Defragment+1","Static Discharge+1","Glacier","Stack+1"],"relics":["Cracked Core","The Courier","Ancient Tea Set","Sozu","Shuriken","Pear","Toxic Egg 2","Mummified Hand"],"potions_floor_usage":[13,16,16],"damage_taken":[{"damage":0,"enemies":"2 Louse","floor":1,"turns":3},{"damage":2,"enemies":"Jaw Worm","floor":2,"turns":4},{"damage":9,"enemies":"Small Slimes","floor":7,"turns":3},{"damage":20,"enemies":"Exordium Thugs","floor":8,"turns":5},{"damage":0,"enemies":"Looter","floor":11,"turns":3},{"damage":23,"enemies":"3 Sentries","floor":13,"turns":7},{"damage":4,"enemies":"2 Fungi Beasts","floor":14,"turns":3},{"damage":2,"enemies":"The Guardian","floor":16,"turns":11},{"damage":32,"enemies":"Chosen","floor":18,"turns":5},{"damage":18,"enemies":"2 Thieves","floor":22,"turns":4},{"damage":24,"enemies":"Book of Stabbing","floor":24,"turns":5},{"damage":10,"enemies":"Snake Plant","floor":28,"turns":4},{"damage":15,"enemies":"3 Cultists","floor":30,"turns":3}],"seed_played":"-7795003874254752482","potions_obtained":[{"floor":1,"key":"Regen Potion"},{"floor":11,"key":"EssenceOfSteel"},{"floor":13,"key":"Block Potion"}],"is_trial":false,"path_per_floor":["M","M","?","?","?","R","M","M","T","$","M","R","E","M","R","B",null,"M","?","?","$","M","R","E","R","T","R","M","?","M"],"character_chosen":"DEFECT","items_purchased":["Self Repair","Loop","Defragment"],"campfire_rested":0,"item_purchase_floors":[10,10,21],"current_hp_per_floor":[75,73,73,62,62,62,53,33,33,33,33,33,31,34,34,39,75,50,50,36,36,25,25,18,18,18,18,15,15,0],"gold":56,"neow_bonus":"REMOVE_TWO","is_prod":false,"is_daily":false,"chose_seed":false,"campfire_upgraded":6,"win_rate":0,"timestamp":1560728355,"path_taken":["M","M","?","?","?","R","M","M","T","$","M","R","E","M","R","BOSS","M","?","?","$","M","R","E","R","T","R","M","?","M"],"build_version":"2019-06-13","purchased_purges":2,"victory":false,"max_hp_per_floor":[75,75,75,75,75,75,75,75,75,75,75,75,75,75,75,75,75,75,75,80,80,80,80,90,90,90,90,90,90,90],"card_choices":[{"not_picked":["Storm","Go for the Eyes"],"picked":"Skim","floor":1},{"not_picked":["Tempest","FTL"],"picked":"Ball Lightning","floor":2},{"not_picked":["Compile Driver","Streamline"],"picked":"Melter","floor":7},{"not_picked":["Reinforced Body","Turbo"],"picked":"Conserve Battery","floor":8},{"not_picked":["Beam Cell","FTL","Barrage"],"picked":"SKIP","floor":11},{"not_picked":["Glacier","Hologram"],"picked":"Double Energy","floor":13},{"not_picked":["Coolheaded","Gash"],"picked":"Reinforced Body","floor":14},{"not_picked":["Echo Form","Thunder Strike"],"picked":"Machine Learning","floor":16},{"not_picked":["Storm","Stack"],"picked":"Defragment","floor":18},{"not_picked":["Steam","Redo"],"picked":"Static Discharge","floor":22},{"not_picked":["Chill","Static Discharge"],"picked":"Glacier","floor":24},{"not_picked":["Redo+1","Auto Shields+1"],"picked":"Stack+1","floor":28}],"player_experience":277865,"relics_obtained":[{"floor":9,"key":"The Courier"},{"floor":13,"key":"Ancient Tea Set"},{"floor":24,"key":"Pear"},{"floor":26,"key":"Toxic Egg 2"}],"event_choices":[{"cards_removed":["Strike_B"],"damage_healed":0,"gold_gain":0,"player_choice":"Forget","damage_taken":0,"max_hp_gain":0,"max_hp_loss":0,"event_name":"Living Wall","floor":3,"gold_loss":0},{"damage_healed":0,"gold_gain":75,"player_choice":"Gather Gold","damage_taken":11,"max_hp_gain":0,"max_hp_loss":0,"event_name":"World of Goop","floor":4,"gold_loss":0},{"damage_healed":0,"gold_gain":0,"player_choice":"Cursed","damage_taken":0,"max_hp_gain":0,"max_hp_loss":0,"event_name":"Wheel of Change","floor":5,"gold_loss":0,"cards_obtained":["Decay"]},{"damage_healed":0,"gold_gain":0,"player_choice":"Opened","damage_taken":0,"relics_obtained":["Shuriken"],"max_hp_gain":0,"max_hp_loss":0,"event_name":"The Mausoleum","floor":19,"gold_loss":0,"cards_obtained":["Writhe"]},{"damage_healed":0,"gold_gain":0,"player_choice":"Shed Blood","damage_taken":19,"max_hp_gain":5,"max_hp_loss":0,"event_name":"Forgotten Altar","floor":20,"gold_loss":0},{"damage_healed":0,"gold_gain":0,"player_choice":"Paid Gold","damage_taken":0,"relics_obtained":["Mummified Hand"],"max_hp_gain":0,"max_hp_loss":0,"event_name":"WeMeetAgain","floor":29,"gold_loss":78}],"is_beta":true,"boss_relics":[{"not_picked":["Calling Bell","Philosopher\u0027s Stone"],"picked":"Sozu"}],"items_purged_floors":[10,21],"is_endless":false,"potions_floor_spawned":[1,11,13,24],"killed_by":"3 Cultists","ascension_level":0}