{"gold_per_floor":[111,126,126,20,20,49,49,80,80,92,92,119,451,54,54,132,132,149,178,198,198],"floor_reached":21,"playtime":960,"items_purged":["Strike_R"],"score":418,"play_id":"3a3c539b-54c6-475f-8a36-e71319532948","local_time":"20190710172147","is_ascension_mode":true,"campfire_choices":[{"data":"Heavy Blade","floor":7.0,"key":"SMITH"},{"floor":11.0,"key":"REST"},{"data":"Apotheosis","floor":15.0,"key":"SMITH"}],"neow_cost":"PERCENT_DAMAGE","seed_source_timestamp":0,"circlet_count":0,"master_deck":["AscendersBane","Strike_R","Strike_R","Strike_R","Defend_R","Defend_R","Defend_R","Defend_R","Bash","Twin Strike","Spot Weakness","Heavy Blade+1","Spot Weakness","Dropkick","Pommel Strike","Shrug It Off","Corruption","Apotheosis+1","Inflame","Immolate","Uppercut+1","Headbutt"],"special_seed":0,"relics":["Burning Blood","Torii","Kunai","Bronze Scales","Bottled Lightning","Odd Mushroom","Old Coin","Sozu","Red Mask"],"potions_floor_usage":[21,21],"damage_taken":[{"damage":7.0,"enemies":"Small Slimes","floor":1.0,"turns":3.0},{"damage":9.0,"enemies":"Jaw Worm","floor":2.0,"turns":4.0},{"damage":31.0,"enemies":"Gremlin Nob","floor":6.0,"turns":4.0},{"damage":30.0,"enemies":"Lagavulin","floor":8.0,"turns":7.0},{"damage":1.0,"enemies":"2 Louse","floor":10.0,"turns":3.0},{"damage":9.0,"enemies":"The Mushroom Lair","floor":12.0,"turns":3.0},{"damage":11.0,"enemies":"Gremlin Nob","floor":13.0,"turns":3.0},{"damage":4.0,"enemies":"Hexaghost","floor":16.0,"turns":5.0},{"damage":12,"enemies":"2 Thieves","floor":18,"turns":2},{"damage":13,"enemies":"Masked Bandits","floor":19,"turns":3},{"damage":11,"enemies":"Spheric Guardian","floor":20,"turns":4},{"damage":52,"enemies":"Cultist and Chosen","floor":21,"turns":4}],"seed_played":"8491965498325297490","potions_obtained":[{"floor":1.0,"key":"LiquidBronze"},{"floor":10.0,"key":"GamblersBrew"}],"is_trial":false,"path_per_floor":["M","M","?","$","?","E","R","E","T","M","R","?","E","$","R","B",null,"M","?","M","M"],"character_chosen":"IRONCLAD","items_purchased":["Heavy Blade","SteroidPotion","Apotheosis","SteroidPotion","Inflame"],"campfire_rested":1,"item_purchase_floors":[4,4,14,14,14],"current_hp_per_floor":[49,46,71,71,64,39,39,15,15,20,42,39,34,34,34,36,65,59,52,47,0],"gold":198,"neow_bonus":"ONE_RARE_RELIC","is_prod":false,"is_daily":false,"chose_seed":false,"campfire_upgraded":2,"win_rate":0,"timestamp":1562797307,"path_taken":["M","M","?","$","?","E","R","E","T","M","R","?","E","$","R","BOSS","BOSS","M","?","M","M"],"build_version":"2019-07-05","purchased_purges":1,"victory":false,"max_hp_per_floor":[75,75,75,75,75,75,75,75,75,75,75,75,75,75,75,75,75,75,75,75,75],"card_choices":[{"not_picked":["Second Wind","Cleave"],"picked":"Twin Strike","floor":1.0},{"not_picked":["Perfected Strike","Wild Strike"],"picked":"Spot Weakness","floor":2.0},{"not_picked":["Clash","Perfected Strike"],"picked":"Spot Weakness","floor":6.0},{"not_picked":["Carnage","Spot Weakness"],"picked":"Dropkick","floor":8.0},{"not_picked":["Searing Blow","Uppercut"],"picked":"Pommel Strike","floor":10.0},{"not_picked":["Thunderclap","Heavy Blade"],"picked":"Shrug It Off","floor":12.0},{"not_picked":["Clash","Reaper"],"picked":"Corruption","floor":13.0},{"not_picked":["Barricade","Offering"],"picked":"Immolate","floor":16},{"not_picked":["Perfected Strike","Wild Strike"],"picked":"Uppercut+1","floor":18},{"not_picked":["Warcry","Thunderclap"],"picked":"Headbutt","floor":19},{"not_picked":["Rage","Reckless Charge","Anger+1"],"picked":"SKIP","floor":20}],"player_experience":462281,"relics_obtained":[{"floor":6.0,"key":"Kunai"},{"floor":8.0,"key":"Bronze Scales"},{"floor":9.0,"key":"Bottled Lightning"},{"floor":12.0,"key":"Odd Mushroom"},{"floor":13.0,"key":"Old Coin"},{"floor":19,"key":"Red Mask"}],"event_choices":[{"damage_healed":25.0,"max_hp_gain":0.0,"max_hp_loss":0.0,"gold_gain":0.0,"event_name":"Big Fish","player_choice":"Banana","floor":3.0,"gold_loss":0.0,"damage_taken":0.0},{"cards_removed":["Strike_R"],"damage_healed":0.0,"max_hp_gain":0.0,"max_hp_loss":0.0,"gold_gain":0.0,"event_name":"Golden Wing","player_choice":"Card Removal","floor":5.0,"gold_loss":0.0,"damage_taken":7.0},{"damage_healed":0.0,"max_hp_gain":0.0,"max_hp_loss":0.0,"gold_gain":0.0,"event_name":"Mushrooms","player_choice":"Fought Mushrooms","floor":12.0,"gold_loss":0.0,"damage_taken":0.0},{"damage_healed":0,"gold_gain":0,"player_choice":"Fought Bandits","damage_taken":0,"max_hp_gain":0,"max_hp_loss":0,"event_name":"Masked Bandits","floor":19,"gold_loss":0}],"is_beta":false,"boss_relics":[{"not_picked":["Empty Cage","Velvet Choker"],"picked":"Sozu"}],"items_purged_floors":[14],"is_endless":false,"potions_floor_spawned":[1,10,16,19,20],"killed_by":"Cultist and Chosen","ascension_level":18}