{"gold_per_floor":[115,128,128,139,139,139,169,186,260,260,102,112,112,128,128,202,202,178,197,197,215,265,283,283,10,10,10,24,24,49,61,61,140,140,151,164,164,180,180,180,192,192,218,218],"floor_reached":44,"playtime":1933,"items_purged":[],"score":864,"play_id":"5f76609c-b262-4203-a6eb-3a87236db86b","local_time":"20190803200137","is_ascension_mode":true,"campfire_choices":[{"data":"Defragment","floor":6.0,"key":"SMITH"},{"data":"Zap","floor":10.0,"key":"SMITH"},{"floor":13.0,"key":"REST"},{"data":"Dualcast","floor":15.0,"key":"SMITH"},{"floor":24.0,"key":"REST"},{"data":"Self Repair","floor":27.0,"key":"SMITH"},{"floor":29.0,"key":"REST"},{"data":"Echo Form","floor":32.0,"key":"SMITH"},{"data":"Reinforced Body","floor":40,"key":"SMITH"}],"neow_cost":"NONE","seed_source_timestamp":1033613247405700,"circlet_count":0,"master_deck":["AscendersBane","Strike_B","Defend_B","Zap+1","Dualcast+1","Genetic Algorithm","Reinforced Body+1","Defragment+1","Static Discharge","Self Repair+1","Cold Snap","Echo Form+1","Echo Form","Reprogram+1","Compile Driver+1","Conserve Battery","Cold Snap","Streamline","Double Energy+1","Leap","Capacitor+1","Chill","Core Surge","Core Surge","Tempest"],"special_seed":0,"relics":["Cracked Core","NeowsBlessing","WingedGreaves","Ornamental Fan","Lantern","Astrolabe","Mercury Hourglass","Shuriken","Omamori","Coffee Dripper","Oddly Smooth Stone"],"potions_floor_usage":[36,38,41],"damage_taken":[{"damage":0.0,"enemies":"Cultist","floor":1.0,"turns":1.0},{"damage":0.0,"enemies":"2 Louse","floor":2.0,"turns":1.0},{"damage":0.0,"enemies":"Small Slimes","floor":4.0,"turns":1.0},{"damage":16.0,"enemies":"Lagavulin","floor":7.0,"turns":6.0},{"damage":21.0,"enemies":"Gremlin Gang","floor":8.0,"turns":4.0},{"damage":5.0,"enemies":"Looter","floor":12.0,"turns":4.0},{"damage":5.0,"enemies":"Red Slaver","floor":14.0,"turns":3.0},{"damage":20.0,"enemies":"The Guardian","floor":16.0,"turns":11.0},{"damage":26.0,"enemies":"2 Thieves","floor":18.0,"turns":4.0},{"damage":0.0,"enemies":"Chosen","floor":19.0,"turns":5.0},{"damage":11.0,"enemies":"3 Cultists","floor":21.0,"turns":5.0},{"damage":26.0,"enemies":"Shelled Parasite and Fungi","floor":23.0,"turns":6.0},{"damage":33.0,"enemies":"Snake Plant","floor":28.0,"turns":3.0},{"damage":28.0,"enemies":"Gremlin Leader","floor":30.0,"turns":7.0},{"damage":0.0,"enemies":"Snecko","floor":31.0,"turns":7.0},{"damage":62,"enemies":"Collector","floor":33,"turns":10},{"damage":21,"enemies":"Orb Walker","floor":35,"turns":4},{"damage":28,"enemies":"3 Darklings","floor":36,"turns":7},{"damage":14,"enemies":"4 Shapes","floor":38,"turns":8},{"damage":23,"enemies":"Maw","floor":41,"turns":9},{"damage":35,"enemies":"Spire Growth","floor":44,"turns":5}],"seed_played":"-7203721296538352017","potions_obtained":[{"floor":1.0,"key":"PowerPotion"},{"floor":4.0,"key":"Regen Potion"},{"floor":7.0,"key":"SkillPotion"},{"floor":14.0,"key":"AttackPotion"},{"floor":19.0,"key":"GamblersBrew"},{"floor":30.0,"key":"AttackPotion"},{"floor":36,"key":"Block Potion"},{"floor":38,"key":"SkillPotion"}],"is_trial":false,"path_per_floor":["M","M","?","M","?","R","E","M","T","R","$","M","R","M","R","B",null,"M","M","?","M","?","M","R","$","T","R","M","R","E","M","R","B",null,"M","M","$","M","?","R","M","?","T","M"],"character_chosen":"DEFECT","items_purchased":["Lantern","Mercury Hourglass"],"campfire_rested":3,"item_purchase_floors":[11,25],"current_hp_per_floor":[64,64,64,64,64,64,57,43,43,43,43,45,66,68,68,55,67,48,48,48,44,44,32,53,53,53,53,30,51,43,63,63,11,56,35,27,27,33,33,33,30,30,30,0],"gold":218,"neow_bonus":"THREE_ENEMY_KILL","is_prod":false,"is_daily":false,"chose_seed":false,"campfire_upgraded":6,"win_rate":0,"timestamp":1564855297,"path_taken":["M","?","?","?","?","R","E","M","T","R","$","M","R","M","R","BOSS","M","?","?","?","?","M","R","?","T","R","M","R","E","M","R","BOSS","M","M","$","?","?","R","M","?","T","M"],"build_version":"2019-07-17","purchased_purges":0,"victory":false,"max_hp_per_floor":[71,71,71,71,71,71,71,71,71,71,71,71,71,71,71,71,71,71,71,71,71,71,71,71,71,71,71,71,71,71,71,71,71,71,71,71,71,71,71,71,71,71,71,71],"card_choices":[{"not_picked":["Reprogram","Gash"],"picked":"Genetic Algorithm","floor":1.0},{"not_picked":["Coolheaded","Force Field"],"picked":"Reinforced Body","floor":2.0},{"not_picked":["Undo","Lockon"],"picked":"Defragment","floor":4.0},{"not_picked":["Compile Driver","Stack"],"picked":"Self Repair","floor":7.0},{"not_picked":["Redo","Ball Lightning"],"picked":"Cold Snap","floor":8.0},{"not_picked":["Sweeping Beam","Recycle","Scrape"],"picked":"SKIP","floor":12.0},{"not_picked":["Cold Snap","Hologram"],"picked":"Echo Form","floor":14.0},{"not_picked":["Fission","Rainbow"],"picked":"Echo Form","floor":16.0},{"not_picked":["Heatsinks","Streamline"],"picked":"Conserve Battery","floor":18.0},{"not_picked":["Leap","White Noise"],"picked":"Cold Snap","floor":19.0},{"not_picked":["Hologram","Reinforced Body"],"picked":"Double Energy+1","floor":21.0},{"not_picked":["Compile Driver+1","Hologram"],"picked":"Leap","floor":23.0},{"not_picked":["Auto Shields","Leap+1"],"picked":"Capacitor+1","floor":28.0},{"not_picked":["Redo","Coolheaded","Steam Power"],"picked":"SKIP","floor":30.0},{"not_picked":["Lockon","Steam"],"picked":"Chill","floor":31.0},{"not_picked":["Electrodynamics","Multi-Cast"],"picked":"Core Surge","floor":33},{"not_picked":["Conserve Battery","Steam","Hologram"],"picked":"SKIP","floor":35},{"not_picked":["Coolheaded","Recycle","Compile Driver+1"],"picked":"SKIP","floor":36},{"not_picked":["Sunder+1","Ball Lightning+1"],"picked":"Core Surge","floor":38},{"not_picked":["Conserve Battery","Melter","Compile Driver"],"picked":"SKIP","floor":41}],"player_experience":405108,"relics_obtained":[{"floor":7.0,"key":"WingedGreaves"},{"floor":9.0,"key":"Ornamental Fan"},{"floor":26.0,"key":"Shuriken"},{"floor":30.0,"key":"Omamori"},{"floor":43,"key":"Oddly Smooth Stone"}],"event_choices":[{"cards_removed":["Defend_B"],"damage_healed":0.0,"max_hp_gain":0.0,"max_hp_loss":0.0,"gold_gain":0.0,"event_name":"Purifier","player_choice":"Purged","floor":3.0,"gold_loss":0.0,"damage_taken":0.0},{"damage_healed":0.0,"max_hp_gain":0.0,"max_hp_loss":0.0,"gold_gain":0.0,"cards_transformed":["Strike_B"],"event_name":"Transmorgrifier","player_choice":"Transformed","floor":5.0,"gold_loss":0.0,"damage_taken":0.0,"cards_obtained":["Static Discharge"]},{"damage_healed":0.0,"max_hp_gain":0.0,"max_hp_loss":0.0,"gold_gain":0.0,"cards_transformed":["Defend_B"],"event_name":"Transmorgrifier","player_choice":"Transformed","floor":20.0,"gold_loss":0.0,"damage_taken":0.0,"cards_obtained":["Streamline"]},{"damage_healed":0.0,"max_hp_gain":0.0,"max_hp_loss":0.0,"gold_gain":50.0,"event_name":"Nest","player_choice":"Stole From Cult","floor":22.0,"gold_loss":0.0,"damage_taken":0.0},{"damage_healed":0,"gold_gain":0,"player_choice":"Ignored","damage_taken":0,"max_hp_gain":0,"max_hp_loss":0,"event_name":"Mysterious Sphere","floor":39,"gold_loss":0},{"damage_healed":0,"gold_gain":0,"cards_transformed":["Steam Power"],"player_choice":"Transformed","damage_taken":0,"max_hp_gain":0,"max_hp_loss":0,"event_name":"Transmorgrifier","floor":42,"gold_loss":0,"cards_obtained":["Tempest"]}],"is_beta":false,"boss_relics":[{"not_picked":["Philosopher\u0027s Stone","Runic Dome"],"picked":"Astrolabe"},{"not_picked":["Empty Cage","Cursed Key"],"picked":"Coffee Dripper"}],"items_purged_floors":[],"is_endless":false,"potions_floor_spawned":[1,4,7,14,16,18,19,30,36,38],"killed_by":"Spire Growth","ascension_level":20}