{"gold_per_floor":[369,31,106,106,116,116,145,165,188,218,218,1,14,28,28,102,102,113,113,161,179,17,44,44,94,120,145,157,18,18,34,34,106,106,116,129,145,145,164,164],"floor_reached":40,"playtime":2384,"items_purged":["Strike_R"],"score":897,"play_id":"989e0ba4-74e2-4af5-9f99-1b266bc1e786","local_time":"20190711223211","is_ascension_mode":true,"campfire_choices":[{"data":"Combust","floor":6.0,"key":"SMITH"},{"data":"Metallicize","floor":11,"key":"SMITH"},{"data":"Bludgeon","floor":15,"key":"SMITH"},{"floor":24,"key":"REST"},{"data":"Rupture","floor":28,"key":"SMITH"},{"data":"Armaments","floor":30,"key":"SMITH"},{"floor":32,"key":"REST"}],"neow_cost":"PERCENT_DAMAGE","seed_source_timestamp":100540148822903,"circlet_count":0,"master_deck":["AscendersBane","Strike_R+1","Strike_R+1","Strike_R+1","Strike_R+1","Defend_R+1","Defend_R+1","Defend_R+1","Defend_R+1","Bash","Spot Weakness","Combust+1","Headbutt","Metallicize+1","Feed","Twin Strike","Bludgeon+1","Demon Form","Ghostly Armor","Sentinel+1","Rupture+1","Bloodletting","Seeing Red+1","Armaments+1","Corruption","Power Through","Iron Wave","Dark Embrace","Body Slam+1","Cleave","Battle Trance"],"special_seed":0,"relics":["Burning Blood","Self Forming Clay","Whetstone","Anchor","Blue Candle","Snecko Eye","Oddly Smooth Stone","Kunai","Red Skull","MawBank","Runic Cube"],"potions_floor_usage":[10,16,23,23,40],"damage_taken":[{"damage":2.0,"enemies":"Cultist","floor":1.0,"turns":4.0},{"damage":2.0,"enemies":"2 Louse","floor":5.0,"turns":4.0},{"damage":22.0,"enemies":"3 Sentries","floor":7.0,"turns":6.0},{"damage":5,"enemies":"Small Slimes","floor":8,"turns":3},{"damage":0,"enemies":"Gremlin Nob","floor":10,"turns":2},{"damage":10,"enemies":"Exordium Thugs","floor":13,"turns":5},{"damage":6,"enemies":"Large Slime","floor":14,"turns":5},{"damage":21,"enemies":"Hexaghost","floor":16,"turns":9},{"damage":1,"enemies":"Spheric Guardian","floor":18,"turns":3},{"damage":0,"enemies":"2 Thieves","floor":21,"turns":4},{"damage":98,"enemies":"Gremlin Leader","floor":23,"turns":5},{"damage":20,"enemies":"Book of Stabbing","floor":27,"turns":5},{"damage":17,"enemies":"Snecko","floor":31,"turns":5},{"damage":62,"enemies":"Champ","floor":33,"turns":11},{"damage":5,"enemies":"3 Shapes","floor":35,"turns":5},{"damage":6,"enemies":"Orb Walker","floor":36,"turns":5},{"damage":34,"enemies":"3 Darklings","floor":37,"turns":5},{"damage":21,"enemies":"Jaw Worm Horde","floor":39,"turns":4},{"damage":57,"enemies":"Giant Head","floor":40,"turns":5}],"seed_played":"2751326185141301541","potions_obtained":[{"floor":1.0,"key":"Block Potion"},{"floor":7.0,"key":"BloodPotion"},{"floor":8,"key":"AttackPotion"},{"floor":18,"key":"SkillPotion"},{"floor":23,"key":"SpeedPotion"},{"floor":27,"key":"Ancient Potion"},{"floor":31,"key":"FairyPotion"},{"floor":37,"key":"PowerPotion"}],"is_trial":false,"path_per_floor":["M","$","?","?","M","R","E","M","T","E","R","$","M","M","R","B",null,"M","?","T","M","$","E","R","?","T","E","R","$","R","M","R","B",null,"M","M","M","?","M","E"],"character_chosen":"IRONCLAD","items_purchased":["Self Forming Clay","Feed","Energy Potion","Rupture","Bloodletting","Corruption","Power Through"],"campfire_rested":2,"item_purchase_floors":[2,12,12,22,22,29,29],"current_hp_per_floor":[54,54,43,48,52,52,36,37,37,43,43,43,42,45,45,33,75,80,80,80,86,86,19,46,46,46,32,32,32,32,25,53,15,76,80,83,55,55,43,0],"gold":164,"neow_bonus":"TWO_FIFTY_GOLD","is_prod":false,"is_daily":false,"chose_seed":false,"campfire_upgraded":5,"win_rate":0,"timestamp":1562902331,"path_taken":["M","$","?","?","M","R","E","M","T","E","R","$","M","M","R","BOSS","M","?","?","M","$","E","R","?","T","E","R","$","R","M","R","BOSS","M","M","M","?","M","E"],"build_version":"2019-07-05","purchased_purges":1,"victory":false,"max_hp_per_floor":[75,75,75,80,80,80,80,80,80,80,80,80,83,86,86,89,89,89,89,89,89,89,92,92,92,92,92,92,92,92,96,96,96,96,99,102,102,102,105,105],"card_choices":[{"not_picked":["Sword Boomerang","Cleave"],"picked":"Spot Weakness","floor":1.0},{"not_picked":["Warcry","Twin Strike"],"picked":"Combust","floor":5.0},{"not_picked":["Second Wind","Clash","Perfected Strike"],"picked":"SKIP","floor":7.0},{"not_picked":["Sentinel","Inflame"],"picked":"Headbutt","floor":8},{"not_picked":["Pummel","Thunderclap"],"picked":"Metallicize","floor":10},{"not_picked":["Havoc","Inflame"],"picked":"Twin Strike","floor":13},{"not_picked":["Shrug It Off","Armaments"],"picked":"Bludgeon","floor":14},{"not_picked":["Fiend Fire","Limit Break"],"picked":"Demon Form","floor":16},{"not_picked":["Perfected Strike","Clash"],"picked":"Ghostly Armor","floor":18},{"not_picked":["Dropkick","Flex"],"picked":"Sentinel+1","floor":21},{"not_picked":["Clash","Rupture"],"picked":"Seeing Red+1","floor":23},{"not_picked":["Cleave","Thunderclap"],"picked":"Armaments","floor":27},{"not_picked":["Anger","Twin Strike"],"picked":"Iron Wave","floor":31},{"not_picked":["Bludgeon","Fiend Fire"],"picked":"Dark Embrace","floor":33},{"not_picked":["Twin Strike","Power Through"],"picked":"Body Slam+1","floor":35},{"not_picked":["Hemokinesis","Twin Strike+1","Body Slam+1"],"picked":"SKIP","floor":36},{"not_picked":["Pommel Strike+1","Clothesline"],"picked":"Cleave","floor":37},{"not_picked":["Warcry","Combust"],"picked":"Battle Trance","floor":39}],"player_experience":469443,"relics_obtained":[{"floor":7.0,"key":"Whetstone"},{"floor":9,"key":"Anchor"},{"floor":10,"key":"Blue Candle"},{"floor":20,"key":"Oddly Smooth Stone"},{"floor":23,"key":"Kunai"},{"floor":26,"key":"Red Skull"},{"floor":27,"key":"MawBank"}],"event_choices":[{"damage_healed":0.0,"max_hp_gain":0.0,"max_hp_loss":0.0,"gold_gain":75.0,"event_name":"World of Goop","player_choice":"Gather Gold","floor":3.0,"gold_loss":0.0,"damage_taken":11.0},{"damage_healed":0.0,"max_hp_gain":5.0,"max_hp_loss":0.0,"gold_gain":0.0,"event_name":"Big Fish","player_choice":"Donut","floor":4.0,"gold_loss":0.0,"damage_taken":0.0},{"damage_healed":0,"gold_gain":0,"player_choice":"Simplicity","damage_taken":0,"max_hp_gain":0,"max_hp_loss":0,"event_name":"Back to Basics","floor":19,"gold_loss":0,"cards_upgraded":["Strike_R","Strike_R","Defend_R","Defend_R","Defend_R","Defend_R"]},{"damage_healed":0,"gold_gain":50,"player_choice":"Stole From Cult","damage_taken":0,"max_hp_gain":0,"max_hp_loss":0,"event_name":"Nest","floor":25,"gold_loss":0},{"damage_healed":0,"gold_gain":0,"player_choice":"0 cards matched","damage_taken":0,"max_hp_gain":0,"max_hp_loss":0,"event_name":"Match and Keep!","floor":38,"gold_loss":0,"cards_obtained":[]}],"is_beta":false,"boss_relics":[{"not_picked":["Sozu","Orrery"],"picked":"Snecko Eye"},{"not_picked":["Tiny House","Astrolabe"],"picked":"Runic Cube"}],"items_purged_floors":[2],"is_endless":false,"potions_floor_spawned":[1,7,8,18,23,27,31,37],"killed_by":"Giant Head","ascension_level":18}