{"gold_per_floor":[110,110,127,143,156,191,191,247,247,263,277,277,295,275,275,346,346,359,359,73,73,85,85,101,101,101,101,126,145,145,163,163,234,234,254,154,154,29,40,40,74,74,155,170,181,200,200,235,235,235,235,235,34,65,65],"floor_reached":55,"playtime":2766,"items_purged":["Strike_R","Strike_R","Strike_R","Strike_R"],"score":1335,"play_id":"10d5ab8d-935e-43ed-87de-67c578db1b7c","local_time":"20190702004513","is_ascension_mode":true,"campfire_choices":[{"floor":7,"key":"DIG"},{"floor":12,"key":"DIG"},{"floor":15,"key":"REST"},{"floor":23,"key":"DIG"},{"floor":25,"key":"DIG"},{"floor":30,"key":"DIG"},{"floor":32,"key":"REST"},{"floor":40,"key":"DIG"},{"floor":42,"key":"DIG"},{"floor":47,"key":"DIG"},{"floor":49,"key":"RECALL"},{"floor":52,"key":"DIG"}],"neow_cost":"NONE","seed_source_timestamp":296479679984481,"circlet_count":0,"master_deck":["AscendersBane","Defend_R","Defend_R","Defend_R","Defend_R","Bash","Rampage","Headbutt","Iron Wave","Offering","Exhume","Sword Boomerang","Demon Form+1","True Grit","Immolate","Seeing Red+1","Reaper","Corruption","Burning Pact+1","Entrench","Limit Break","Feel No Pain","Pummel+1","Shockwave","True Grit","Disarm","Reaper+1","Heavy Blade+1","Inflame+1"],"relics":["Burning Blood","FaceOfCleric","Shovel","Shuriken","Tiny Chest","Pear","Du-Vu Doll","Velvet Choker","Dead Branch","Charon\u0027s Ashes","Art of War","Bottled Flame","Molten Egg 2","Gremlin Horn","Orrery","Ice Cream","Regal Pillow","Anchor","Kunai","Bottled Lightning","Mummified Hand","Blue Candle"],"potions_floor_usage":[8,13,16,16,22,44,50,50,54],"damage_taken":[{"damage":9,"enemies":"2 Louse","floor":1,"turns":4},{"damage":1,"enemies":"Cultist","floor":3,"turns":3},{"damage":14,"enemies":"Jaw Worm","floor":4,"turns":3},{"damage":10,"enemies":"Red Slaver","floor":5,"turns":3},{"damage":36,"enemies":"Lagavulin","floor":6,"turns":4},{"damage":24,"enemies":"Gremlin Nob","floor":8,"turns":4},{"damage":20,"enemies":"Exordium Thugs","floor":10,"turns":4},{"damage":20,"enemies":"Large Slime","floor":11,"turns":3},{"damage":8,"enemies":"3 Louse","floor":13,"turns":2},{"damage":43,"enemies":"Hexaghost","floor":16,"turns":5},{"damage":31,"enemies":"Shell Parasite","floor":18,"turns":4},{"damage":5,"enemies":"3 Byrds","floor":22,"turns":2},{"damage":13,"enemies":"Centurion and Healer","floor":24,"turns":5},{"damage":54,"enemies":"Slavers","floor":28,"turns":4},{"damage":24,"enemies":"Shelled Parasite and Fungi","floor":29,"turns":4},{"damage":12,"enemies":"Cultist and Chosen","floor":31,"turns":4},{"damage":65,"enemies":"Automaton","floor":33,"turns":7},{"damage":25,"enemies":"3 Darklings","floor":35,"turns":3},{"damage":30,"enemies":"3 Shapes","floor":39,"turns":3},{"damage":32,"enemies":"Reptomancer","floor":41,"turns":4},{"damage":51,"enemies":"Jaw Worm Horde","floor":44,"turns":4},{"damage":20,"enemies":"3 Darklings","floor":45,"turns":3},{"damage":22,"enemies":"Maw","floor":46,"turns":5},{"damage":28,"enemies":"Giant Head","floor":48,"turns":7},{"damage":39,"enemies":"Donu and Deca","floor":50,"turns":7},{"damage":109,"enemies":"Shield and Spear","floor":54,"turns":7},{"damage":71,"enemies":"The Heart","floor":55,"turns":3}],"seed_played":"-5461348156771096528","potions_obtained":[{"floor":3,"key":"Fire Potion"},{"floor":6,"key":"BloodPotion"},{"floor":11,"key":"Swift Potion"},{"floor":14,"key":"AttackPotion"},{"floor":22,"key":"SpeedPotion"},{"floor":31,"key":"Strength Potion"},{"floor":33,"key":"BloodPotion"},{"floor":46,"key":"SpeedPotion"},{"floor":48,"key":"EssenceOfSteel"}],"is_trial":false,"path_per_floor":["M","?","M","M","M","E","R","E","T","M","M","R","M","?","R","B",null,"M","T","$","?","M","R","M","R","T","?","E","M","R","M","R","B",null,"M","$","?","$","M","R","E","R","T","M","M","M","R","E","R","B",null,"R","$","E","B"],"character_chosen":"IRONCLAD","items_purchased":["Reaper","LiquidBronze","AttackPotion"],"campfire_rested":2,"item_purchase_floors":[20,20,53],"current_hp_per_floor":[65,65,71,64,61,32,32,34,44,31,18,18,17,17,44,8,73,49,49,49,49,51,51,79,79,79,79,47,30,30,43,73,50,88,102,102,102,102,81,81,71,71,71,105,106,107,107,97,97,109,109,109,109,46,0],"gold":65,"neow_bonus":"TRANSFORM_CARD","is_prod":false,"is_daily":false,"chose_seed":false,"campfire_upgraded":0,"win_rate":0,"timestamp":1562046313,"path_taken":["M","?","?","M","M","E","R","E","T","M","M","R","M","?","R","BOSS","M","?","?","?","M","R","M","R","T","?","E","M","R","M","R","BOSS","M","$","?","?","?","R","E","R","T","?","M","M","R","E","R","BOSS","R","$","E","BOSS"],"build_version":"2019-07-01","purchased_purges":4,"victory":false,"max_hp_per_floor":[75,75,76,77,78,79,79,80,90,91,92,92,93,93,93,94,94,95,95,95,95,96,96,97,97,97,97,98,99,99,100,100,101,101,102,102,102,102,103,103,104,104,104,105,106,107,107,108,108,109,109,109,109,110,110],"card_choices":[{"not_picked":["Armaments","Reckless Charge"],"picked":"Headbutt","floor":1},{"not_picked":["Anger","Flex"],"picked":"Iron Wave","floor":3},{"not_picked":["Armaments","Wild Strike"],"picked":"Offering","floor":4},{"not_picked":["Clash","Wild Strike","Perfected Strike"],"picked":"SKIP","floor":5},{"not_picked":["Thunderclap","Reckless Charge","Flex"],"picked":"SKIP","floor":6},{"not_picked":["Rupture","Twin Strike"],"picked":"Exhume","floor":8},{"not_picked":["Power Through","Thunderclap"],"picked":"Sword Boomerang","floor":10},{"not_picked":["Infernal Blade","Sentinel"],"picked":"Demon Form","floor":11},{"not_picked":["Rage","Body Slam"],"picked":"True Grit","floor":13},{"not_picked":["Brutality","Offering"],"picked":"Immolate","floor":16},{"not_picked":["Disarm","Armaments"],"picked":"Seeing Red+1","floor":18},{"not_picked":["Cleave","Ghostly Armor"],"picked":"Burning Pact+1","floor":22},{"not_picked":["Twin Strike","Cleave"],"picked":"Entrench","floor":24},{"not_picked":["Seeing Red","Searing Blow","Sentinel"],"picked":"SKIP","floor":28},{"not_picked":["Clothesline+1","Headbutt+1","Flex+1"],"picked":"SKIP","floor":29},{"not_picked":["Armaments","Twin Strike+1","Reckless Charge+1"],"picked":"SKIP","floor":31},{"not_picked":["Bludgeon+1","Dark Embrace"],"picked":"Limit Break","floor":33},{"not_picked":["Fire Breathing","Evolve+1"],"picked":"Feel No Pain","floor":34},{"not_picked":["Clash+1","Warcry"],"picked":"Pummel+1","floor":34},{"not_picked":["Sword Boomerang+1","Wild Strike+1"],"picked":"Shockwave","floor":34},{"not_picked":["Rampage+1","Headbutt+1"],"picked":"True Grit","floor":34},{"not_picked":["Perfected Strike+1","Clash+1"],"picked":"Disarm","floor":35},{"not_picked":["Armaments+1","True Grit"],"picked":"Reaper+1","floor":39},{"not_picked":["Rage","Anger+1","Headbutt+1"],"picked":"SKIP","floor":41},{"not_picked":["Pommel Strike+1","Dropkick+1","Blood for Blood+1"],"picked":"SKIP","floor":44},{"not_picked":["Power Through","Seeing Red","Rampage+1"],"picked":"SKIP","floor":45},{"not_picked":["True Grit","Whirlwind+1"],"picked":"Heavy Blade+1","floor":46},{"not_picked":["Hemokinesis+1","Perfected Strike+1"],"picked":"Inflame+1","floor":48},{"not_picked":["Cleave+1","Heavy Blade+1","Bloodletting"],"picked":"SKIP","floor":54}],"player_experience":436912,"relics_obtained":[{"floor":6,"key":"Shovel"},{"floor":7,"key":"Shuriken"},{"floor":8,"key":"Tiny Chest"},{"floor":9,"key":"Pear"},{"floor":12,"key":"Du-Vu Doll"},{"floor":19,"key":"Dead Branch"},{"floor":23,"key":"Charon\u0027s Ashes"},{"floor":25,"key":"Art of War"},{"floor":26,"key":"Bottled Flame"},{"floor":28,"key":"Molten Egg 2"},{"floor":30,"key":"Gremlin Horn"},{"floor":40,"key":"Ice Cream"},{"floor":41,"key":"Regal Pillow"},{"floor":42,"key":"Anchor"},{"floor":47,"key":"Kunai"},{"floor":48,"key":"Bottled Lightning"},{"floor":52,"key":"Mummified Hand"},{"floor":54,"key":"Blue Candle"}],"event_choices":[{"damage_healed":0,"gold_gain":0,"player_choice":"Trade","damage_taken":0,"relics_obtained":["FaceOfCleric"],"max_hp_gain":0,"max_hp_loss":0,"event_name":"FaceTrader","floor":2,"gold_loss":0},{"damage_healed":0,"gold_gain":0,"player_choice":"Bought 1 Potion","damage_taken":0,"max_hp_gain":0,"max_hp_loss":0,"event_name":"The Woman in Blue","floor":14,"gold_loss":0},{"damage_healed":0,"gold_gain":0,"player_choice":"Read","damage_taken":0,"max_hp_gain":0,"max_hp_loss":0,"event_name":"The Library","floor":21,"gold_loss":0,"cards_obtained":["Corruption"]},{"damage_healed":0,"gold_gain":0,"player_choice":"Ignored","damage_taken":0,"max_hp_gain":0,"max_hp_loss":0,"event_name":"Ghosts","floor":27,"gold_loss":0},{"damage_healed":0,"gold_gain":0,"player_choice":"Upgraded","damage_taken":0,"max_hp_gain":0,"max_hp_loss":0,"event_name":"Upgrade Shrine","floor":37,"gold_loss":0,"cards_upgraded":["Demon Form"]}],"is_beta":false,"boss_relics":[{"not_picked":["Mark of Pain","Eternal Feather"],"picked":"Velvet Choker"},{"not_picked":["Black Blood","Lizard Tail"],"picked":"Orrery"}],"items_purged_floors":[20,36,38,53],"is_endless":false,"potions_floor_spawned":[3,6,11,22,31,33,39,46,48],"killed_by":"The Heart","ascension_level":15}