{"gold_per_floor":[113,113,127,147,158,158,158,158,205,80,115,115,144,157,157,231,231,249,199,216,229,229,229,257,292,317,332,1,31,31,59,59,59],"floor_reached":33,"playtime":1539,"items_purged":["Strike_R","Strike_R"],"score":672,"play_id":"2a6b9ccd-bdf1-4b08-9316-7da30430f10f","local_time":"20190705231711","is_ascension_mode":true,"campfire_choices":[{"data":"Whirlwind","floor":6,"key":"SMITH"},{"data":"Heavy Blade","floor":8,"key":"SMITH"},{"data":"Double Tap","floor":12,"key":"SMITH"},{"data":"Bludgeon","floor":15,"key":"SMITH"},{"data":"Shockwave","floor":23,"key":"SMITH"},{"floor":30,"key":"DIG"},{"floor":32,"key":"DIG"}],"neow_cost":"NONE","seed_source_timestamp":638031992890359,"circlet_count":0,"master_deck":["AscendersBane","Strike_R","Strike_R","Defend_R","Defend_R","Defend_R","Defend_R","Bash","Spot Weakness","Infernal Blade","Ghostly Armor","Whirlwind+1","Heavy Blade+1","Double Tap+1","Twin Strike","Armaments","Shockwave+1","Shrug It Off","Bludgeon+1","Offering","Heavy Blade","Headbutt","Writhe","Reaper","Uppercut","Iron Wave","Shrug It Off"],"relics":["Burning Blood","Vajra","PreservedInsect","Dream Catcher","Smiling Mask","Snecko Eye","Mummified Hand","Red Skull","Red Mask","Anchor","Shovel","Unceasing Top","Omamori","Orichalcum","Regal Pillow"],"potions_floor_usage":[13,16,16,27,29,31],"damage_taken":[{"damage":9,"enemies":"Jaw Worm","floor":1,"turns":3},{"damage":7,"enemies":"Small Slimes","floor":3,"turns":4},{"damage":0,"enemies":"Cultist","floor":4,"turns":3},{"damage":12,"enemies":"Exordium Wildlife","floor":5,"turns":3},{"damage":0,"enemies":"Gremlin Nob","floor":11,"turns":2},{"damage":10,"enemies":"3 Sentries","floor":13,"turns":3},{"damage":11,"enemies":"Looter","floor":14,"turns":4},{"damage":27,"enemies":"Slime Boss","floor":16,"turns":9},{"damage":0,"enemies":"3 Byrds","floor":18,"turns":2},{"damage":6,"enemies":"Spheric Guardian","floor":20,"turns":2},{"damage":14,"enemies":"Snecko","floor":21,"turns":3},{"damage":25,"enemies":"Book of Stabbing","floor":24,"turns":3},{"damage":8,"enemies":"Masked Bandits","floor":25,"turns":2},{"damage":6,"enemies":"Shelled Parasite and Fungi","floor":27,"turns":1},{"damage":23,"enemies":"Gremlin Leader","floor":29,"turns":3},{"damage":0,"enemies":"Book of Stabbing","floor":31,"turns":1},{"damage":86,"enemies":"Automaton","floor":33,"turns":6}],"seed_played":"-7445763771967741743","potions_obtained":[{"floor":3,"key":"Explosive Potion"},{"floor":5,"key":"PowerPotion"},{"floor":13,"key":"Swift Potion"},{"floor":24,"key":"AttackPotion"},{"floor":25,"key":"LiquidBronze"},{"floor":27,"key":"Fruit Juice"},{"floor":29,"key":"SteroidPotion"}],"is_trial":false,"path_per_floor":["M","?","M","M","M","R","?","R","T","$","E","R","E","M","R","B",null,"M","$","M","M","?","R","E","?","T","M","$","E","R","E","R","B"],"character_chosen":"IRONCLAD","items_purchased":["Armaments","Shovel"],"campfire_rested":0,"item_purchase_floors":[10,28],"current_hp_per_floor":[65,65,64,70,64,64,64,64,64,64,70,70,66,61,61,40,66,72,72,72,64,64,64,45,43,43,53,53,41,41,47,47,0],"gold":59,"neow_bonus":"RANDOM_COMMON_RELIC","is_prod":false,"is_daily":false,"chose_seed":false,"campfire_upgraded":5,"win_rate":0,"timestamp":1562386631,"path_taken":["M","?","M","M","M","R","?","R","T","$","E","R","E","M","R","BOSS","M","$","M","?","?","R","E","?","T","M","$","E","R","E","R","BOSS"],"build_version":"2019-07-05","purchased_purges":2,"victory":false,"max_hp_per_floor":[75,75,75,75,75,75,75,75,75,75,75,75,75,75,75,75,75,75,75,75,75,75,75,75,75,75,75,75,80,80,80,80,80],"card_choices":[{"not_picked":["Cleave","Warcry"],"picked":"Spot Weakness","floor":1},{"not_picked":["Perfected Strike","Flex"],"picked":"Ghostly Armor","floor":3},{"not_picked":["Carnage","Body Slam"],"picked":"Whirlwind","floor":4},{"not_picked":["Flex","Pummel"],"picked":"Heavy Blade","floor":5},{"not_picked":["Entrench","Twin Strike"],"picked":"Shockwave","floor":11},{"not_picked":["Evolve","Cleave"],"picked":"Shrug It Off","floor":13},{"not_picked":["Havoc","Cleave"],"picked":"Bludgeon","floor":14},{"not_picked":["Double Tap","Limit Break"],"picked":"Offering","floor":16},{"not_picked":["Fire Breathing","Clothesline","Sword Boomerang"],"picked":"SKIP","floor":18},{"not_picked":["Seeing Red","Shrug It Off"],"picked":"Heavy Blade","floor":20},{"not_picked":["Thunderclap","Rampage"],"picked":"Headbutt","floor":21},{"not_picked":["Sword Boomerang","Twin Strike"],"picked":"Reaper","floor":24},{"not_picked":["Fire Breathing","Blood for Blood+1"],"picked":"Uppercut","floor":25},{"not_picked":["Heavy Blade","Thunderclap"],"picked":"Iron Wave","floor":27},{"not_picked":["Thunderclap","Rage","Wild Strike"],"picked":"SKIP","floor":29},{"not_picked":["Heavy Blade","Clothesline"],"picked":"Shrug It Off","floor":31}],"player_experience":446474,"relics_obtained":[{"floor":9,"key":"PreservedInsect"},{"floor":11,"key":"Dream Catcher"},{"floor":13,"key":"Smiling Mask"},{"floor":24,"key":"Red Skull"},{"floor":25,"key":"Red Mask"},{"floor":26,"key":"Anchor"},{"floor":29,"key":"Unceasing Top"},{"floor":30,"key":"Omamori"},{"floor":31,"key":"Orichalcum"},{"floor":32,"key":"Regal Pillow"}],"event_choices":[{"damage_healed":0,"gold_gain":0,"cards_transformed":["Strike_R"],"player_choice":"Change","damage_taken":0,"max_hp_gain":0,"max_hp_loss":0,"event_name":"Living Wall","floor":2,"gold_loss":0,"cards_obtained":["Infernal Blade"]},{"damage_healed":0,"gold_gain":0,"player_choice":"2 cards matched","damage_taken":0,"max_hp_gain":0,"max_hp_loss":0,"event_name":"Match and Keep!","floor":7,"gold_loss":0,"cards_obtained":["Double Tap","Twin Strike"]},{"damage_healed":0,"gold_gain":0,"player_choice":"Opened","damage_taken":0,"relics_obtained":["Mummified Hand"],"max_hp_gain":0,"max_hp_loss":0,"event_name":"The Mausoleum","floor":22,"gold_loss":0,"cards_obtained":["Writhe"]},{"damage_healed":0,"gold_gain":0,"player_choice":"Fought Bandits","damage_taken":0,"max_hp_gain":0,"max_hp_loss":0,"event_name":"Masked Bandits","floor":25,"gold_loss":0}],"is_beta":false,"boss_relics":[{"not_picked":["Cursed Key","Astrolabe"],"picked":"Snecko Eye"}],"items_purged_floors":[10,19],"is_endless":false,"potions_floor_spawned":[3,5,13,14,24,25,27,29],"killed_by":"Automaton","ascension_level":17}