{"gold_per_floor":[118,129,129,129,229,229,256,266,266,286,301,24,44,60,60,160,160,175,274,189,202,48,48,62,62,88,107,107,127,127,93,93,195,195,208,208,208,308,320,320,56,73,123,123,142,142,95,111,111,111],"floor_reached":51,"playtime":3755,"items_purged":["Defend_R"],"score":724,"play_id":"4e5ff1a3-6005-4c01-86e6-91ff88c54273","local_time":"20190804171858","is_ascension_mode":false,"campfire_choices":[{"data":"Shrug It Off","floor":6,"key":"SMITH"},{"data":"Offering","floor":15,"key":"SMITH"},{"floor":28,"key":"REST"},{"data":"Fire Breathing","floor":30,"key":"SMITH"},{"data":"Shockwave","floor":32,"key":"SMITH"},{"floor":40,"key":"REST"},{"floor":44,"key":"REST"},{"floor":49,"key":"REST"}],"neow_cost":"NONE","seed_source_timestamp":251260231668500,"circlet_count":0,"master_deck":["Strike_R","Strike_R","Strike_R","Strike_R","Defend_R","Defend_R","Defend_R","Bash","Shrug It Off","Shrug It Off+1","Offering+1","Armaments","Armaments","Perfected Strike","Metallicize","Shockwave+1","Shrug It Off","Bludgeon","Pommel Strike","Pommel Strike","Feed","Heavy Blade","Second Wind","Fire Breathing+1","Entrench","Barricade","Battle Trance+1","Enlightenment","Perfected Strike","Shrug It Off+1","Seeing Red","Feel No Pain","Parasite","Body Slam+1","Reaper","Madness","Madness","Twin Strike","Armaments"],"relics":["Burning Blood","Charon\u0027s Ashes","Darkstone Periapt","Paper Frog","Lee\u0027s Waffle","Sozu","Bag of Preparation","Regal Pillow","Fusion Hammer","Pocketwatch","Bag of Marbles","Potion Belt"],"potions_floor_usage":[11],"damage_taken":[{"damage":6,"enemies":"Cultist","floor":1,"turns":3},{"damage":0,"enemies":"Small Slimes","floor":2,"turns":5},{"damage":68,"enemies":"Lagavulin","floor":7,"turns":15},{"damage":5,"enemies":"2 Louse","floor":8,"turns":3},{"damage":3,"enemies":"Exordium Thugs","floor":10,"turns":8},{"damage":1,"enemies":"2 Fungi Beasts","floor":11,"turns":4},{"damage":5,"enemies":"Looter","floor":13,"turns":4},{"damage":3,"enemies":"3 Louse","floor":14,"turns":5},{"damage":69,"enemies":"Slime Boss","floor":16,"turns":24},{"damage":23,"enemies":"3 Byrds","floor":18,"turns":6},{"damage":0,"enemies":"Chosen","floor":21,"turns":3},{"damage":8,"enemies":"Shelled Parasite and Fungi","floor":24,"turns":6},{"damage":4,"enemies":"Snecko","floor":27,"turns":4},{"damage":4,"enemies":"Centurion and Healer","floor":29,"turns":5},{"damage":67,"enemies":"Champ","floor":33,"turns":13},{"damage":46,"enemies":"3 Darklings","floor":35,"turns":8},{"damage":6,"enemies":"Mind Bloom Boss Battle","floor":38,"turns":11},{"damage":8,"enemies":"Orb Walker","floor":39,"turns":4},{"damage":10,"enemies":"Writhing Mass","floor":42,"turns":4},{"damage":9,"enemies":"Sphere and 2 Shapes","floor":45,"turns":8},{"damage":42,"enemies":"Spire Growth","floor":48,"turns":5},{"damage":25,"enemies":"Time Eater","floor":50,"turns":13}],"seed_played":"5584140374852652487","potions_obtained":[{"floor":2,"key":"SkillPotion"},{"floor":7,"key":"Poison Potion"},{"floor":11,"key":"SkillPotion"},{"floor":14,"key":"Swift Potion"},{"floor":16,"key":"AttackPotion"}],"is_trial":false,"path_per_floor":["M","M","T","?","?","R","E","M","T","M","M","$","M","M","R","B",null,"M","?","?","M","$","?","M","$","T","M","R","M","R","$","R","B",null,"M","?","?","?","M","R","$","M","T","R","M","?","$","M","R","B",null],"character_chosen":"IRONCLAD","items_purchased":["Lee\u0027s Waffle","Metallicize","Feed","Entrench","Seeing Red","Feel No Pain","Bag of Marbles","Twin Strike"],"campfire_rested":4,"item_purchase_floors":[12,12,22,31,41,41,41,47],"current_hp_per_floor":[88,88,88,81,81,81,19,20,20,23,28,95,95,95,95,32,95,78,78,78,84,84,65,66,66,66,68,103,103,103,103,103,45,106,66,66,66,66,64,106,106,108,108,112,109,95,95,62,111,92],"gold":111,"neow_bonus":"TEN_PERCENT_HP_BONUS","is_prod":false,"is_daily":false,"chose_seed":false,"campfire_upgraded":4,"win_rate":0.0,"timestamp":1564931938,"path_taken":["M","M","?","?","?","R","E","M","T","M","M","$","M","M","R","BOSS","M","?","?","M","$","?","M","$","T","?","R","M","R","$","R","BOSS","M","?","?","?","?","R","$","M","T","R","M","?","$","M","R","BOSS"],"build_version":"2019-07-17","purchased_purges":1,"victory":true,"max_hp_per_floor":[88,88,88,88,88,88,88,88,88,88,88,95,95,95,95,95,95,95,95,95,95,95,100,103,103,103,103,103,103,103,103,103,106,106,106,106,106,106,106,106,106,112,112,112,112,112,112,115,115,115],"card_choices":[{"not_picked":["Flex","Power Through"],"picked":"Shrug It Off","floor":1},{"not_picked":["Whirlwind","True Grit"],"picked":"Shrug It Off","floor":2},{"not_picked":["Whirlwind","Shrug It Off"],"picked":"Offering","floor":7},{"not_picked":["Headbutt","Sever Soul"],"picked":"Armaments","floor":8},{"not_picked":["Headbutt","Cleave"],"picked":"Armaments","floor":10},{"not_picked":["Anger","Headbutt"],"picked":"Perfected Strike","floor":11},{"not_picked":["Iron Wave","Headbutt"],"picked":"Shockwave","floor":13},{"not_picked":["Power Through","Hemokinesis"],"picked":"Shrug It Off","floor":14},{"not_picked":["Double Tap","Berserk"],"picked":"Bludgeon","floor":16},{"not_picked":["Thunderclap","Fire Breathing"],"picked":"Pommel Strike","floor":18},{"not_picked":["Sword Boomerang+1","Clothesline"],"picked":"Pommel Strike","floor":21},{"not_picked":["Sword Boomerang","Thunderclap"],"picked":"Heavy Blade","floor":24},{"not_picked":["Cleave","Feel No Pain"],"picked":"Second Wind","floor":27},{"not_picked":["Body Slam","Shrug It Off"],"picked":"Fire Breathing","floor":29},{"not_picked":["Limit Break","Brutality"],"picked":"Barricade","floor":33},{"not_picked":["Intimidate+1","Heavy Blade"],"picked":"Battle Trance+1","floor":35},{"not_picked":["Discovery","The Bomb"],"picked":"Enlightenment","floor":36},{"not_picked":["Clash","Pommel Strike"],"picked":"Perfected Strike","floor":38},{"not_picked":["Sword Boomerang+1","Thunderclap"],"picked":"Shrug It Off+1","floor":39},{"not_picked":["Seeing Red","Sword Boomerang+1"],"picked":"Body Slam+1","floor":42},{"not_picked":["Cleave","Burning Pact+1"],"picked":"Reaper","floor":45},{"not_picked":["Headbutt","Clash+1"],"picked":"Armaments","floor":48}],"player_experience":31270,"relics_obtained":[{"floor":3,"key":"Charon\u0027s Ashes"},{"floor":7,"key":"Darkstone Periapt"},{"floor":9,"key":"Paper Frog"},{"floor":26,"key":"Regal Pillow"},{"floor":38,"key":"Pocketwatch"},{"floor":43,"key":"Potion Belt"}],"event_choices":[{"cards_removed":["Strike_R"],"damage_healed":0,"gold_gain":0,"player_choice":"Card Removal","damage_taken":7,"max_hp_gain":0,"max_hp_loss":0,"event_name":"Golden Wing","floor":4,"gold_loss":0},{"damage_healed":0,"gold_gain":100,"player_choice":"Pray","damage_taken":0,"max_hp_gain":0,"max_hp_loss":0,"event_name":"Golden Shrine","floor":5,"gold_loss":0},{"damage_healed":0,"gold_gain":99,"player_choice":"Stole From Cult","damage_taken":0,"max_hp_gain":0,"max_hp_loss":0,"event_name":"Nest","floor":19,"gold_loss":0},{"damage_healed":0,"gold_gain":0,"player_choice":"Obtained Relic","damage_taken":0,"relics_obtained":["Bag of Preparation"],"max_hp_gain":0,"max_hp_loss":0,"event_name":"Addict","floor":20,"gold_loss":85},{"damage_healed":0,"gold_gain":0,"player_choice":"Shed Blood","damage_taken":24,"max_hp_gain":5,"max_hp_loss":0,"event_name":"Forgotten Altar","floor":23,"gold_loss":0},{"damage_healed":0,"gold_gain":0,"player_choice":"Memory 1","damage_taken":0,"max_hp_gain":0,"max_hp_loss":0,"event_name":"SensoryStone","floor":36,"gold_loss":0},{"damage_healed":0,"gold_gain":0,"player_choice":"Ignored","damage_taken":0,"max_hp_gain":0,"max_hp_loss":0,"event_name":"Tomb of Lord Red Mask","floor":37,"gold_loss":0},{"damage_healed":0,"gold_gain":0,"player_choice":"Fight","damage_taken":0,"max_hp_gain":0,"max_hp_loss":0,"event_name":"MindBloom","floor":38,"gold_loss":0},{"damage_healed":0,"gold_gain":0,"player_choice":"Embrace Madness","damage_taken":14,"max_hp_gain":0,"max_hp_loss":0,"event_name":"Winding Halls","floor":46,"gold_loss":0,"cards_obtained":["Madness","Madness"]}],"is_beta":false,"boss_relics":[{"not_picked":["Philosopher\u0027s Stone","Eternal Feather"],"picked":"Sozu"},{"not_picked":["Cursed Key","White Beast Statue"],"picked":"Fusion Hammer"}],"items_purged_floors":[22],"is_endless":false,"potions_floor_spawned":[2,7,11,14,16,24,29,33,39,45],"ascension_level":0}