{"gold_per_floor":[109,123,134,148,167,167,201,201,224,50,50,75,94,111,111,213,213,231,231],"floor_reached":19,"playtime":2053,"items_purged":["Strike_R"],"score":253,"play_id":"d0b0d15c-95b1-4fa1-a649-3f0b72c53fd0","local_time":"20190615123919","is_ascension_mode":true,"campfire_choices":[{"data":"Clothesline","floor":6,"key":"SMITH"},{"data":"Bash","floor":11,"key":"SMITH"},{"floor":15,"key":"REST"}],"neow_cost":"NONE","seed_source_timestamp":11075607948805,"circlet_count":0,"master_deck":["Strike_R","Strike_R","Strike_R","Defend_R","Defend_R","Defend_R","Defend_R","Bash+1","Clothesline+1","Second Wind","Sword Boomerang","Juggernaut","Twin Strike","Ghostly Armor","Shrug It Off","Juggernaut+1","Hemokinesis","Barricade+1","Iron Wave"],"relics":["Burning Blood","Art of War","Frozen Egg 2","Anchor","Potion Belt","Cursed Key"],"potions_floor_usage":[7,13,16,16,19],"damage_taken":[{"damage":6,"enemies":"Jaw Worm","floor":1,"turns":5},{"damage":4,"enemies":"Cultist","floor":2,"turns":3},{"damage":0,"enemies":"Small Slimes","floor":3,"turns":3},{"damage":13,"enemies":"2 Fungi Beasts","floor":4,"turns":4},{"damage":13,"enemies":"Blue Slaver","floor":5,"turns":4},{"damage":27,"enemies":"Lagavulin","floor":7,"turns":7},{"damage":6,"enemies":"Gremlin Nob","floor":12,"turns":4},{"damage":16,"enemies":"Gremlin Gang","floor":13,"turns":4},{"damage":10,"enemies":"Exordium Thugs","floor":14,"turns":4},{"damage":39,"enemies":"Slime Boss","floor":16,"turns":7},{"damage":0,"enemies":"Chosen","floor":18,"turns":4},{"damage":78,"enemies":"Masked Bandits","floor":19,"turns":5}],"seed_played":"4325871281888549131","potions_obtained":[{"floor":1,"key":"SkillPotion"},{"floor":2,"key":"EssenceOfSteel"},{"floor":4,"key":"Swift Potion"},{"floor":5,"key":"Dexterity Potion"},{"floor":14,"key":"Swift Potion"}],"is_trial":false,"path_per_floor":["M","M","M","M","M","R","E","?","T","$","R","E","M","M","R","B",null,"M","?"],"character_chosen":"IRONCLAD","items_purchased":["Shrug It Off","Fire Potion"],"campfire_rested":1,"item_purchase_floors":[10,10],"current_hp_per_floor":[72,74,80,73,66,66,45,45,45,45,45,45,35,31,55,22,66,72,0],"gold":231,"neow_bonus":"RANDOM_COMMON_RELIC","is_prod":false,"is_daily":false,"chose_seed":false,"campfire_upgraded":2,"win_rate":0,"timestamp":1560620359,"path_taken":["M","M","M","M","M","R","E","?","T","$","R","E","?","M","R","BOSS","M","?"],"build_version":"2019-01-23","purchased_purges":1,"victory":false,"max_hp_per_floor":[80,80,80,80,80,80,80,80,80,80,80,80,80,80,80,80,80,80,80],"card_choices":[{"not_picked":["Seeing Red","Headbutt"],"picked":"Clothesline","floor":1},{"not_picked":["Intimidate","Flex"],"picked":"Second Wind","floor":2},{"not_picked":["Thunderclap","Headbutt"],"picked":"Sword Boomerang","floor":3},{"not_picked":["Sword Boomerang","Clothesline"],"picked":"Juggernaut","floor":4},{"not_picked":["Havoc","Blood for Blood"],"picked":"Twin Strike","floor":5},{"not_picked":["Wild Strike","Fire Breathing"],"picked":"Ghostly Armor","floor":7},{"not_picked":["Perfected Strike","Havoc","Clash"],"picked":"SKIP","floor":12},{"not_picked":["Flame Barrier","Wild Strike"],"picked":"Juggernaut+1","floor":13},{"not_picked":["Headbutt","Clothesline"],"picked":"Hemokinesis","floor":14},{"not_picked":["Double Tap","Fiend Fire"],"picked":"Barricade+1","floor":16},{"not_picked":["Clothesline+1","Seeing Red"],"picked":"Iron Wave","floor":18}],"player_experience":326400,"relics_obtained":[{"floor":7,"key":"Frozen Egg 2"},{"floor":9,"key":"Anchor"},{"floor":12,"key":"Potion Belt"}],"event_choices":[{"cards_removed":["Strike_R"],"damage_healed":0,"gold_gain":0,"player_choice":"Offered Basic","damage_taken":0,"max_hp_gain":0,"max_hp_loss":0,"event_name":"Bonfire Elementals","floor":8,"gold_loss":0},{"damage_healed":0,"gold_gain":0,"player_choice":"Fought Bandits","damage_taken":0,"max_hp_gain":0,"max_hp_loss":0,"event_name":"Masked Bandits","floor":19,"gold_loss":0}],"is_beta":false,"boss_relics":[{"not_picked":["Busted Crown","Velvet Choker"],"picked":"Cursed Key"}],"items_purged_floors":[10],"is_endless":false,"potions_floor_spawned":[1,2,4,5,14],"killed_by":"Masked Bandits","ascension_level":8}