{"gold_per_floor":[117,117,136,136,0,0,0,24,24,48,48],"floor_reached":11,"playtime":394,"items_purged":[],"score":91,"play_id":"80c24b8e-e4f1-40cc-a6d5-b4d11d8015a3","local_time":"20190621220217","is_ascension_mode":true,"campfire_choices":[{"data":"Barricade","floor":6,"key":"SMITH"}],"neow_cost":"PERCENT_DAMAGE","seed_source_timestamp":182332226626582,"circlet_count":0,"master_deck":["Strike_R","Strike_R","Strike_R","Strike_R","Defend_R","Defend_R","Defend_R","Defend_R","Bash","Barricade+1","Body Slam","Body Slam","Decay","Feel No Pain","Uppercut","Pommel Strike"],"relics":["Burning Blood","Golden Idol","Letter Opener"],"potions_floor_usage":[10,10],"damage_taken":[{"damage":8,"enemies":"Small Slimes","floor":1,"turns":5},{"damage":10,"enemies":"Cultist","floor":3,"turns":5},{"damage":13,"enemies":"2 Louse","floor":8,"turns":6},{"damage":16,"enemies":"Lots of Slimes","floor":10,"turns":5},{"damage":32,"enemies":"3 Sentries","floor":11,"turns":4}],"seed_played":"-1065102833911071633","potions_obtained":[{"floor":3,"key":"Poison Potion"},{"floor":8,"key":"Ancient Potion"}],"is_trial":false,"path_per_floor":["M","?","M","?","$","R","?","M","T","M","E"],"character_chosen":"IRONCLAD","items_purchased":["Feel No Pain","AttackPotion","Block Potion"],"campfire_rested":0,"item_purchase_floors":[5,5,5],"current_hp_per_floor":[49,49,45,45,45,45,45,38,38,28,0],"gold":48,"neow_bonus":"THREE_RARE_CARDS","is_prod":false,"is_daily":false,"chose_seed":false,"campfire_upgraded":1,"win_rate":0,"timestamp":1561172537,"path_taken":["M","?","?","?","?","R","?","M","T","M","E"],"build_version":"2019-01-23","purchased_purges":0,"victory":false,"max_hp_per_floor":[80,80,80,80,80,80,74,74,74,74,74],"card_choices":[{"not_picked":["Offering","Immolate"],"picked":"Barricade","floor":0},{"not_picked":["Battle Trance","Heavy Blade"],"picked":"Body Slam","floor":1},{"not_picked":["Perfected Strike","Dual Wield"],"picked":"Body Slam","floor":3},{"not_picked":["Anger","Headbutt"],"picked":"Uppercut","floor":8},{"not_picked":["Armaments","Sever Soul"],"picked":"Pommel Strike","floor":10}],"player_experience":359420,"relics_obtained":[{"floor":9,"key":"Letter Opener"}],"event_choices":[{"cards_removed":["Strike_R"],"damage_healed":0,"gold_gain":0,"player_choice":"Offered Basic","damage_taken":0,"max_hp_gain":0,"max_hp_loss":0,"event_name":"Bonfire Elementals","floor":2,"gold_loss":0},{"damage_healed":0,"gold_gain":0,"player_choice":"Cursed","damage_taken":0,"max_hp_gain":0,"max_hp_loss":0,"event_name":"Wheel of Change","floor":4,"gold_loss":0,"cards_obtained":["Decay"]},{"damage_healed":0,"gold_gain":0,"player_choice":"Lose Max HP","damage_taken":0,"relics_obtained":["Golden Idol"],"max_hp_gain":0,"max_hp_loss":6,"event_name":"Golden Idol","floor":7,"gold_loss":0}],"is_beta":false,"boss_relics":[],"items_purged_floors":[],"is_endless":false,"potions_floor_spawned":[3,8],"killed_by":"3 Sentries","ascension_level":9}