{"gold_per_floor":[10,10,10,30,30,30,66,66,66,66,16,39,54,69,69,168,168,192,192,31,31,31,31,47,47,47,47],"floor_reached":27,"playtime":616,"items_purged":["Strike_B"],"score":387,"play_id":"82100f54-e3ce-49e2-8f49-9889e48b5f8a","local_time":"20190727195320","is_ascension_mode":true,"campfire_choices":[{"data":"Zap","floor":6.0,"key":"SMITH"},{"floor":10.0,"key":"REST"},{"floor":15.0,"key":"REST"},{"data":"Defragment","floor":23.0,"key":"SMITH"}],"neow_cost":"NO_GOLD","seed_source_timestamp":0,"circlet_count":0,"master_deck":["AscendersBane","Strike_B+1","Strike_B+1","Defend_B","Defend_B","Defend_B","Zap+1","Dualcast","Self Repair","Gash","Cold Snap","Gash","Defragment+1","Cold Snap","Buffer","Streamline+1","White Noise","Leap+1"],"special_seed":0,"relics":["Cracked Core","Bloody Idol","Whetstone","Question Card","Potion Belt","Pantograph","Lizard Tail","Darkstone Periapt"],"potions_floor_usage":[27],"damage_taken":[{"damage":4.0,"enemies":"Small Slimes","floor":1.0,"turns":3.0},{"damage":19.0,"enemies":"Jaw Worm","floor":4.0,"turns":5.0},{"damage":35.0,"enemies":"Gremlin Nob","floor":7.0,"turns":4.0},{"damage":1.0,"enemies":"2 Louse","floor":12.0,"turns":2.0},{"damage":12.0,"enemies":"Looter","floor":13.0,"turns":3.0},{"damage":13.0,"enemies":"2 Fungi Beasts","floor":14.0,"turns":3.0},{"damage":20.0,"enemies":"The Guardian","floor":16.0,"turns":10.0},{"damage":29.0,"enemies":"Shell Parasite","floor":18.0,"turns":7.0},{"damage":30.0,"enemies":"Chosen","floor":24.0,"turns":6.0},{"damage":82,"enemies":"Slavers","floor":27,"turns":3}],"seed_played":"2095713522642714825","potions_obtained":[{"floor":4.0,"key":"Poison Potion"},{"floor":12.0,"key":"GamblersBrew"},{"floor":16.0,"key":"FearPotion"}],"is_trial":false,"path_per_floor":["M","?","?","M","?","R","E","T","T","R","?","M","M","M","R","B",null,"M","?","$","?","?","R","M","$","T","E"],"character_chosen":"DEFECT","items_purchased":["Regen Potion"],"campfire_rested":2,"item_purchase_floors":[20],"current_hp_per_floor":[60,60,65,53,53,53,25,25,25,45,45,44,39,33,53,56,66,44,44,44,44,44,44,26,26,26,0],"gold":47,"neow_bonus":"REMOVE_TWO","is_prod":false,"is_daily":false,"chose_seed":false,"campfire_upgraded":2,"win_rate":0,"timestamp":1564250000,"path_taken":["M","?","?","M","?","R","E","?","T","R","?","M","?","M","R","BOSS","M","?","$","?","?","R","?","$","T","E"],"build_version":"2019-07-17","purchased_purges":1,"victory":false,"max_hp_per_floor":[71,64,69,69,69,69,69,69,69,69,69,69,69,69,69,69,69,69,69,69,69,69,69,69,69,69,69],"card_choices":[{"not_picked":["Stack","Redo"],"picked":"Self Repair","floor":1.0},{"not_picked":["Rebound","Fusion"],"picked":"Gash","floor":4.0},{"not_picked":["Coolheaded","Redo"],"picked":"Cold Snap","floor":7.0},{"not_picked":["Go for the Eyes","Redo","Hologram"],"picked":"Gash","floor":12.0},{"not_picked":["Cold Snap","Static Discharge","Undo"],"picked":"Defragment","floor":13.0},{"not_picked":["Rainbow","Redo","Leap"],"picked":"Cold Snap","floor":14.0},{"not_picked":["Amplify","Meteor Strike","Machine Learning"],"picked":"Buffer","floor":16.0},{"not_picked":["Rebound","Rip and Tear","Stack+1"],"picked":"Streamline+1","floor":18.0},{"not_picked":["Consume","Creative AI","Streamline"],"picked":"Leap+1","floor":24.0}],"player_experience":377364,"relics_obtained":[{"floor":7.0,"key":"Whetstone"},{"floor":8.0,"key":"Question Card"},{"floor":9.0,"key":"Potion Belt"},{"floor":26.0,"key":"Darkstone Periapt"}],"event_choices":[{"damage_healed":0.0,"max_hp_gain":0.0,"max_hp_loss":7.0,"gold_gain":0.0,"event_name":"Golden Idol","player_choice":"Lose Max HP","floor":2.0,"gold_loss":0.0,"damage_taken":0.0,"relics_obtained":["Golden Idol"]},{"damage_healed":0.0,"max_hp_gain":5.0,"max_hp_loss":0.0,"gold_gain":0.0,"event_name":"Big Fish","player_choice":"Donut","floor":3.0,"gold_loss":0.0,"damage_taken":0.0},{"damage_healed":0.0,"max_hp_gain":0.0,"max_hp_loss":0.0,"gold_gain":0.0,"event_name":"Golden Wing","player_choice":"Ignored","floor":5.0,"gold_loss":0.0,"damage_taken":0.0},{"damage_healed":0.0,"max_hp_gain":0.0,"max_hp_loss":0.0,"gold_gain":0.0,"event_name":"WeMeetAgain","player_choice":"Paid Gold","floor":11.0,"gold_loss":50.0,"damage_taken":0.0,"relics_obtained":["Pantograph"]},{"damage_healed":0.0,"max_hp_gain":0.0,"max_hp_loss":0.0,"gold_gain":0.0,"event_name":"The Library","player_choice":"Read","floor":19.0,"gold_loss":0.0,"damage_taken":0.0,"cards_obtained":["White Noise"]},{"damage_healed":0.0,"max_hp_gain":0.0,"max_hp_loss":0.0,"gold_gain":0.0,"event_name":"Forgotten Altar","player_choice":"Gave Idol","floor":21.0,"relics_lost":["Golden Idol"],"gold_loss":0.0,"damage_taken":0.0,"relics_obtained":["Bloody Idol"]},{"damage_healed":0.0,"max_hp_gain":0.0,"max_hp_loss":0.0,"gold_gain":0.0,"event_name":"The Mausoleum","player_choice":"Ignored","floor":22.0,"gold_loss":0.0,"damage_taken":0.0}],"is_beta":false,"boss_relics":[{"not_picked":["Orrery","Nuclear Battery"],"picked":"Lizard Tail"}],"items_purged_floors":[20],"is_endless":false,"potions_floor_spawned":[4,12,16],"killed_by":"Slavers","ascension_level":17}