{"gold_per_floor":[116,391,403,41,57,57,90,90,163,180,199,224,70,98,98,199,199,212,227,247,9,19,47,47,76,158,169,179,189,214,261,261,363,363,374,177,194,194,194,228,239,272,272,96,96],"floor_reached":45,"playtime":3975,"items_purged":["Regret"],"score":806,"play_id":"2e027144-0165-4313-b647-d638573ab096","local_time":"20190529194914","is_ascension_mode":true,"campfire_choices":[{"data":"Demon Form","floor":6.0,"key":"SMITH"},{"data":"Flame Barrier","floor":8.0,"key":"SMITH"},{"floor":15.0,"key":"REST"},{"data":"Impervious","floor":32.0,"key":"SMITH"}],"neow_cost":"NONE","seed_source_timestamp":437741104256287,"circlet_count":0,"master_deck":["Bash","Impervious+1","Warcry","Flex","Demon Form+1","Cleave","Flame Barrier+1","Pommel Strike+1","Heavy Blade+1","Headbutt+1","Fiend Fire+1","Shrug It Off","Corruption","True Grit+1","Offering","Seeing Red+1","Body Slam+1","Headbutt+1","Shockwave+1","Iron Wave+1","Power Through","Dark Embrace","Entrench","Demon Form","Brutality","Wild Strike+1","Heavy Blade+1","Rage","Infernal Blade","Body Slam+1","Blood for Blood+1","Burning Pact+1","Battle Trance+1","Sword Boomerang+1","Feel No Pain","Metallicize"],"special_seed":0,"relics":["Burning Blood","Orichalcum","Regal Pillow","Molten Egg 2","The Courier","Sling","Potion Belt","Runic Pyramid","Omamori","PreservedInsect","Pear","Bottled Flame","Ornamental Fan","Paper Frog","Dream Catcher","Pandora\u0027s Box","Bottled Tornado","Darkstone Periapt","Bronze Scales","Pantograph"],"potions_floor_usage":[41,45],"damage_taken":[{"damage":1.0,"enemies":"Cultist","floor":1.0,"turns":3.0},{"damage":0.0,"enemies":"Small Slimes","floor":3.0,"turns":3.0},{"damage":8.0,"enemies":"Jaw Worm","floor":5.0,"turns":3.0},{"damage":25.0,"enemies":"Lagavulin","floor":7.0,"turns":7.0},{"damage":8.0,"enemies":"Exordium Wildlife","floor":10.0,"turns":5.0},{"damage":26.0,"enemies":"Exordium Thugs","floor":11.0,"turns":4.0},{"damage":11.0,"enemies":"3 Sentries","floor":12.0,"turns":5.0},{"damage":14.0,"enemies":"Lagavulin","floor":14.0,"turns":7.0},{"damage":36.0,"enemies":"Hexaghost","floor":16.0,"turns":7.0},{"damage":10.0,"enemies":"2 Thieves","floor":18.0,"turns":3.0},{"damage":0.0,"enemies":"Spheric Guardian","floor":19.0,"turns":4.0},{"damage":1.0,"enemies":"Chosen and Byrds","floor":20.0,"turns":5.0},{"damage":6.0,"enemies":"Cultist and Chosen","floor":22.0,"turns":4.0},{"damage":24.0,"enemies":"Slavers","floor":23.0,"turns":5.0},{"damage":6.0,"enemies":"Book of Stabbing","floor":25.0,"turns":2.0},{"damage":6.0,"enemies":"3 Cultists","floor":27.0,"turns":3.0},{"damage":13.0,"enemies":"Centurion and Healer","floor":28.0,"turns":3.0},{"damage":0.0,"enemies":"Snake Plant","floor":29.0,"turns":2.0},{"damage":9.0,"enemies":"Gremlin Leader","floor":30.0,"turns":4.0},{"damage":16.0,"enemies":"Collector","floor":33.0,"turns":7.0},{"damage":7.0,"enemies":"Orb Walker","floor":35.0,"turns":3.0},{"damage":40.0,"enemies":"3 Shapes","floor":37.0,"turns":3.0},{"damage":9,"enemies":"Reptomancer","floor":40,"turns":2},{"damage":35,"enemies":"3 Darklings","floor":41,"turns":5},{"damage":15,"enemies":"Nemesis","floor":42,"turns":3},{"damage":20,"enemies":"Writhing Mass","floor":45,"turns":2}],"seed_played":"-7943393572879711771","potions_obtained":[{"floor":1.0,"key":"Fire Potion"},{"floor":3.0,"key":"EssenceOfSteel"},{"floor":12.0,"key":"Explosive Potion"},{"floor":14.0,"key":"Swift Potion"},{"floor":19.0,"key":"SkillPotion"},{"floor":20.0,"key":"SteroidPotion"},{"floor":27.0,"key":"BloodPotion"},{"floor":33.0,"key":"Dexterity Potion"},{"floor":37.0,"key":"Poison Potion"},{"floor":42,"key":"Weak Potion"}],"is_trial":false,"path_per_floor":["M","?","M","$","M","R","E","R","T","M","M","E","$","E","R","B",null,"M","M","M","$","M","E","?","E","T","M","M","M","E","T","R","B",null,"M","$","M","?","?","E","M","E","T","$","M"],"character_chosen":"IRONCLAD","items_purchased":["Demon Form","Orichalcum","Sling","Omamori","PreservedInsect","Bottled Tornado","Energy Potion","SkillPotion","Metallicize","Block Potion"],"campfire_rested":1,"item_purchase_floors":[4,4,13,21,21,36,44,44,44,44],"current_hp_per_floor":[80,80,80,80,78,78,59,59,59,57,37,32,32,24,63,33,68,64,70,75,75,75,67,67,67,67,67,60,66,63,63,63,53,81,80,80,46,46,46,43,23,14,14,14,0],"gold":96,"neow_bonus":"ONE_RANDOM_RARE_CARD","is_prod":false,"is_daily":false,"chose_seed":false,"campfire_upgraded":3,"win_rate":0,"timestamp":1559177354,"path_taken":["M","?","?","$","M","R","E","R","T","M","M","E","$","E","R","BOSS","M","M","M","$","M","E","?","E","T","M","?","M","E","?","R","BOSS","M","$","M","?","?","E","M","E","T","$","?"],"build_version":"2019-01-23","purchased_purges":1,"victory":false,"max_hp_per_floor":[80,80,80,80,80,80,80,80,80,80,80,80,80,80,80,80,80,80,80,80,80,80,90,90,90,90,90,90,90,90,90,90,90,90,90,90,90,90,90,90,90,90,90,90,90],"card_choices":[{"not_picked":["Sever Soul","Clash"],"picked":"Warcry","floor":1.0},{"not_picked":["Warcry","Wild Strike"],"picked":"Flex","floor":3.0},{"not_picked":["Clothesline","Disarm"],"picked":"Cleave","floor":5.0},{"not_picked":["Brutality","Pommel Strike"],"picked":"Flame Barrier","floor":7.0},{"not_picked":["Shockwave","Perfected Strike+1"],"picked":"Sword Boomerang+1","floor":10.0},{"not_picked":["Intimidate","Wild Strike+1"],"picked":"Pommel Strike+1","floor":11.0},{"not_picked":["Brutality","Whirlwind+1"],"picked":"Heavy Blade+1","floor":12.0},{"not_picked":["Bloodletting","Shrug It Off"],"picked":"Headbutt+1","floor":14.0},{"not_picked":["Barricade","Bludgeon+1"],"picked":"Fiend Fire+1","floor":16.0},{"not_picked":["Clash+1","Anger+1"],"picked":"Shrug It Off","floor":18.0},{"not_picked":["Pommel Strike+1","Iron Wave+1"],"picked":"Corruption","floor":19.0},{"not_picked":["Clothesline+1","Heavy Blade+1"],"picked":"True Grit+1","floor":20.0},{"not_picked":["Wild Strike+1","Anger+1"],"picked":"Offering","floor":22.0},{"not_picked":["Sword Boomerang+1","Burning Pact"],"picked":"Seeing Red+1","floor":23.0},{"not_picked":["Clothesline+1","Infernal Blade"],"picked":"Body Slam+1","floor":25.0},{"not_picked":["Twin Strike+1","Blood for Blood+1"],"picked":"Headbutt+1","floor":27.0},{"not_picked":["Armaments+1","Fiend Fire+1"],"picked":"Shockwave+1","floor":28.0},{"not_picked":["Wild Strike+1","Pommel Strike+1"],"picked":"Iron Wave+1","floor":29.0},{"not_picked":["Sever Soul+1","Perfected Strike+1"],"picked":"Power Through","floor":30.0},{"not_picked":["Exhume","Bludgeon+1"],"picked":"Dark Embrace","floor":33.0},{"not_picked":["Wild Strike+1","Body Slam+1"],"picked":"Burning Pact+1","floor":35.0},{"not_picked":["Armaments","Twin Strike+1"],"picked":"Battle Trance+1","floor":37.0},{"not_picked":["Reckless Charge+1","Headbutt+1"],"picked":"Sword Boomerang+1","floor":40},{"not_picked":["Flex","Armaments+1","Sentinel"],"picked":"SKIP","floor":41},{"not_picked":["Searing Blow+1","Shrug It Off"],"picked":"Feel No Pain","floor":42}],"player_experience":229451,"relics_obtained":[{"floor":7.0,"key":"Regal Pillow"},{"floor":9.0,"key":"Molten Egg 2"},{"floor":12.0,"key":"The Courier"},{"floor":14.0,"key":"Potion Belt"},{"floor":23.0,"key":"Pear"},{"floor":25.0,"key":"Bottled Flame"},{"floor":26.0,"key":"Ornamental Fan"},{"floor":30.0,"key":"Paper Frog"},{"floor":31.0,"key":"Dream Catcher"},{"floor":40,"key":"Bronze Scales"},{"floor":42,"key":"Pantograph"}],"event_choices":[{"damage_healed":0.0,"max_hp_gain":0.0,"max_hp_loss":0.0,"gold_gain":275.0,"event_name":"Golden Shrine","player_choice":"Desecrate","floor":2.0,"gold_loss":0.0,"damage_taken":0.0,"cards_obtained":["Regret"]},{"damage_healed":0.0,"max_hp_gain":0.0,"max_hp_loss":0.0,"gold_gain":0.0,"event_name":"N\u0027loth","player_choice":"Ignored","floor":24.0,"gold_loss":0.0,"damage_taken":0.0},{"cards_removed":["Sword Boomerang"],"damage_healed":0.0,"max_hp_gain":0.0,"max_hp_loss":0.0,"gold_gain":0.0,"event_name":"Falling","player_choice":"Removed Attack","floor":38.0,"gold_loss":0.0,"damage_taken":0.0},{"damage_healed":0.0,"max_hp_gain":0.0,"max_hp_loss":0.0,"gold_gain":0.0,"event_name":"WeMeetAgain","player_choice":"Gave Potion","floor":39.0,"gold_loss":0.0,"damage_taken":0.0,"relics_obtained":["Darkstone Periapt"]}],"is_beta":false,"boss_relics":[{"not_picked":["Tiny House","Ectoplasm"],"picked":"Runic Pyramid"},{"not_picked":["Eternal Feather","Runic Dome"],"picked":"Pandora\u0027s Box"}],"items_purged_floors":[4],"is_endless":false,"potions_floor_spawned":[1,3,12,14,19,20,27,33,37,42],"killed_by":"Writhing Mass","ascension_level":5}