{"gold_per_floor":[118,137,137,154,154,154,119,119,119,133,133,55,55,71,71,71],"floor_reached":16,"playtime":423,"items_purged":[],"score":162,"play_id":"09707af5-e4e3-458c-9900-f9a212013aa2","local_time":"20190726222348","is_ascension_mode":true,"campfire_choices":[{"floor":6.0,"key":"REST"},{"data":"Zap","floor":8.0,"key":"SMITH"},{"data":"Defragment","floor":13.0,"key":"SMITH"},{"data":"Consume","floor":15.0,"key":"SMITH"}],"neow_cost":"TEN_PERCENT_HP_LOSS","seed_source_timestamp":352617852916000,"circlet_count":0,"master_deck":["AscendersBane","Strike_B","Strike_B","Strike_B","Strike_B","Defend_B","Defend_B","Defend_B","Defend_B","Zap+1","Dualcast","BootSequence","Chill","Consume+1","Defragment+1"],"special_seed":0,"relics":["Cracked Core","Dead Branch","PreservedInsect","Matryoshka"],"potions_floor_usage":[16],"damage_taken":[{"damage":6.0,"enemies":"Small Slimes","floor":1.0,"turns":4.0},{"damage":0.0,"enemies":"2 Louse","floor":2.0,"turns":1.0},{"damage":2.0,"enemies":"Jaw Worm","floor":4.0,"turns":3.0},{"damage":0.0,"enemies":"Blue Slaver","floor":10.0,"turns":3.0},{"damage":9.0,"enemies":"Red Slaver","floor":14.0,"turns":3.0},{"damage":57,"enemies":"Hexaghost","floor":16,"turns":10}],"seed_played":"8246200712256018804","potions_obtained":[{"floor":1.0,"key":"Strength Potion"}],"is_trial":false,"path_per_floor":["M","M","$","M","?","R","?","R","T","M","?","$","R","M","R","B"],"character_chosen":"DEFECT","items_purchased":["Defragment"],"campfire_rested":1,"item_purchase_floors":[12],"current_hp_per_floor":[58,58,58,56,30,49,64,64,64,64,64,64,64,55,55,0],"gold":71,"neow_bonus":"ONE_RARE_RELIC","is_prod":false,"is_daily":false,"chose_seed":false,"campfire_upgraded":3,"win_rate":0,"timestamp":1564172628,"path_taken":["M","M","$","M","?","R","?","R","T","M","?","?","R","M","R","BOSS"],"build_version":"2019-07-17","purchased_purges":0,"victory":false,"max_hp_per_floor":[64,64,64,64,64,64,64,64,64,64,64,64,64,64,64,64],"card_choices":[{"not_picked":["Hello World","Hologram","Coolheaded"],"picked":"SKIP","floor":1.0},{"not_picked":["Rebound","Leap"],"picked":"BootSequence","floor":2.0},{"not_picked":["Go for the Eyes","Scrape"],"picked":"Chill","floor":4.0},{"not_picked":["Melter","Turbo"],"picked":"Consume","floor":10.0},{"not_picked":["Tempest","Go for the Eyes","Stack"],"picked":"SKIP","floor":14.0}],"player_experience":374354,"relics_obtained":[{"floor":9.0,"key":"Matryoshka"}],"event_choices":[{"damage_healed":0.0,"max_hp_gain":0.0,"max_hp_loss":0.0,"gold_gain":0.0,"event_name":"Scrap Ooze","player_choice":"Success","floor":5.0,"gold_loss":0.0,"damage_taken":26.0,"relics_obtained":["PreservedInsect"]},{"damage_healed":16.0,"max_hp_gain":0.0,"max_hp_loss":0.0,"gold_gain":0.0,"event_name":"The Cleric","player_choice":"Healed","floor":7.0,"gold_loss":35.0,"damage_taken":0.0},{"damage_healed":0.0,"max_hp_gain":0.0,"max_hp_loss":0.0,"gold_gain":0.0,"event_name":"Liars Game","player_choice":"Ignored","floor":11.0,"gold_loss":0.0,"damage_taken":0.0}],"is_beta":false,"boss_relics":[],"items_purged_floors":[],"is_endless":false,"potions_floor_spawned":[1],"killed_by":"Hexaghost","ascension_level":16}