{"gold_per_floor":[115,134,59,8,8,8,21,21,21,21,121,136,149,12,12,135,135,149,74,74,93,114,149,149,249,275,287,330,342,377,6,6,134,134,158,58,72,92,105,105,138,138,186,186,186,206,3,3,3,3],"floor_reached":50,"playtime":1842,"items_purged":["Strike_B","Doubt","Defend_B"],"score":523,"play_id":"7087eb22-d7c5-42b3-9d45-a3fa898f78a2","local_time":"20190804041126","is_ascension_mode":false,"campfire_choices":[{"data":"Zap","floor":6.0,"key":"SMITH"},{"data":"Darkness","floor":8.0,"key":"SMITH"},{"data":"Tempest","floor":10.0,"key":"SMITH"},{"data":"Dualcast","floor":15.0,"key":"SMITH"},{"data":"Hologram","floor":24.0,"key":"SMITH"},{"data":"Go for the Eyes","floor":27.0,"key":"SMITH"},{"floor":29.0,"key":"REST"},{"floor":32.0,"key":"REST"},{"data":"Chaos","floor":40.0,"key":"SMITH"},{"floor":42.0,"key":"REST"},{"data":"Electrodynamics","floor":45.0,"key":"SMITH"},{"floor":49.0,"key":"REST"}],"neow_cost":"NONE","seed_source_timestamp":9602243608864,"circlet_count":0,"master_deck":["Strike_B","Defend_B","Zap+1","Dualcast+1","Go for the Eyes+1","Darkness+1","Rebound","Tempest+1","Rebound","Ball Lightning","Biased Cognition","Biased Cognition","Rebound","Ball Lightning+1","Cold Snap","Hologram+1","Cold Snap+1","Conserve Battery+1","Electrodynamics+1","Steam Power+1","Loop+1","BootSequence+1","Chaos+1","Rebound+1","Sweeping Beam+1","Doom and Gloom+1","Ball Lightning","Injury","Coolheaded+1","Thunder Strike+1"],"special_seed":0,"relics":["Cracked Core","Happy Flower","Golden Idol","Bottled Lightning","Cursed Key","Mango","MawBank","Sundial","Incense Burner","Astrolabe","Meat on the Bone","Whetstone"],"potions_floor_usage":[50,50],"damage_taken":[{"damage":0.0,"enemies":"Cultist","floor":1.0,"turns":3.0},{"damage":1.0,"enemies":"Jaw Worm","floor":2.0,"turns":3.0},{"damage":0.0,"enemies":"Small Slimes","floor":7.0,"turns":2.0},{"damage":0.0,"enemies":"Exordium Thugs","floor":12.0,"turns":3.0},{"damage":2.0,"enemies":"2 Fungi Beasts","floor":13.0,"turns":2.0},{"damage":25.0,"enemies":"Hexaghost","floor":16.0,"turns":6.0},{"damage":0.0,"enemies":"Shell Parasite","floor":18.0,"turns":2.0},{"damage":0.0,"enemies":"Spheric Guardian","floor":21.0,"turns":2.0},{"damage":10.0,"enemies":"Chosen and Byrds","floor":22.0,"turns":2.0},{"damage":23.0,"enemies":"Book of Stabbing","floor":23.0,"turns":4.0},{"damage":31.0,"enemies":"Slavers","floor":28.0,"turns":3.0},{"damage":18.0,"enemies":"Centurion and Healer","floor":30.0,"turns":4.0},{"damage":37.0,"enemies":"Automaton","floor":33.0,"turns":12.0},{"damage":1.0,"enemies":"3 Darklings","floor":35.0,"turns":2.0},{"damage":0.0,"enemies":"Orb Walker","floor":37.0,"turns":3.0},{"damage":16.0,"enemies":"Writhing Mass","floor":38.0,"turns":4.0},{"damage":13.0,"enemies":"3 Darklings","floor":39.0,"turns":3.0},{"damage":48.0,"enemies":"Nemesis","floor":41.0,"turns":7.0},{"damage":25.0,"enemies":"Jaw Worm Horde","floor":46.0,"turns":3.0},{"damage":74,"enemies":"Awakened One","floor":50,"turns":10}],"seed_played":"-2431872001722209805","potions_obtained":[{"floor":7.0,"key":"Block Potion"},{"floor":13.0,"key":"AttackPotion"},{"floor":18.0,"key":"Explosive Potion"},{"floor":22.0,"key":"AttackPotion"},{"floor":28.0,"key":"EntropicBrew"},{"floor":35.0,"key":"Block Potion"},{"floor":46.0,"key":"PowerPotion"}],"is_trial":false,"path_per_floor":["M","M","$","$","?","R","M","R","T","R","?","M","M","$","R","B",null,"M","?","$","M","M","E","R","?","T","R","E","R","M","$","R","B",null,"M","$","M","M","M","R","E","R","T","?","R","M","$","?","R","B"],"character_chosen":"DEFECT","items_purchased":["Rebound","Biased Cognition","Incense Burner","Regen Potion","Thunder Strike"],"campfire_rested":4,"item_purchase_floors":[4,14,31,31,47],"current_hp_per_floor":[75,74,74,74,69,69,69,69,69,69,69,69,67,67,67,42,69,69,69,69,69,59,50,50,50,50,50,19,43,25,25,49,27,83,82,82,82,66,53,53,5,29,29,73,73,48,48,48,69,0],"gold":3,"neow_bonus":"RANDOM_COMMON_RELIC","is_prod":false,"is_daily":false,"chose_seed":false,"campfire_upgraded":8,"win_rate":0,"timestamp":1564913486,"path_taken":["M","M","?","$","?","R","M","R","T","R","?","M","M","$","R","BOSS","M","?","$","M","M","E","R","?","T","R","E","R","M","$","R","BOSS","M","$","M","M","M","R","E","R","T","?","R","M","$","?","R","BOSS"],"build_version":"2019-07-17","purchased_purges":3,"victory":false,"max_hp_per_floor":[75,75,75,75,69,69,69,69,69,69,69,69,69,69,69,69,69,69,69,69,69,69,83,83,83,83,83,83,83,83,83,83,83,83,83,83,83,83,83,83,83,83,83,73,73,73,73,73,73,73],"card_choices":[{"not_picked":["Capacitor","Streamline"],"picked":"Go for the Eyes","floor":1.0},{"not_picked":["Reinforced Body","White Noise"],"picked":"Darkness","floor":2.0},{"not_picked":["Self Repair","Sweeping Beam"],"picked":"Tempest","floor":7.0},{"not_picked":["Coolheaded","Go for the Eyes"],"picked":"Rebound","floor":12.0},{"not_picked":["Double Energy","Coolheaded"],"picked":"Ball Lightning","floor":13.0},{"not_picked":["Creative AI","Hyperbeam"],"picked":"Biased Cognition","floor":16.0},{"not_picked":["Sunder","Sweeping Beam"],"picked":"Rebound","floor":18.0},{"not_picked":["Compile Driver","Go for the Eyes+1"],"picked":"Ball Lightning","floor":21.0},{"not_picked":["Beam Cell","Gash"],"picked":"Cold Snap","floor":22.0},{"not_picked":["Skim","Force Field"],"picked":"Hologram","floor":23.0},{"not_picked":["Skim","Leap"],"picked":"Cold Snap+1","floor":28.0},{"not_picked":["Machine Learning","Compile Driver"],"picked":"Conserve Battery+1","floor":30.0},{"not_picked":["Echo Form","Meteor Strike"],"picked":"Electrodynamics","floor":33.0},{"not_picked":["Beam Cell+1","Coolheaded+1"],"picked":"Chaos","floor":35.0},{"not_picked":["Gash","Auto Shields+1"],"picked":"Rebound+1","floor":37.0},{"not_picked":["Cold Snap+1","White Noise"],"picked":"Sweeping Beam+1","floor":38.0},{"not_picked":["Barrage+1","Steam+1"],"picked":"Doom and Gloom","floor":39.0},{"not_picked":["Doom and Gloom","Barrage+1"],"picked":"Ball Lightning","floor":41.0},{"not_picked":["Compile Driver","Barrage"],"picked":"Coolheaded+1","floor":46.0}],"player_experience":1618485,"relics_obtained":[{"floor":9.0,"key":"Bottled Lightning"},{"floor":23.0,"key":"Mango"},{"floor":26.0,"key":"MawBank"},{"floor":28.0,"key":"Sundial"},{"floor":41.0,"key":"Meat on the Bone"},{"floor":43.0,"key":"Whetstone"}],"event_choices":[{"damage_healed":0.0,"max_hp_gain":0.0,"max_hp_loss":6.0,"gold_gain":0.0,"event_name":"Golden Idol","player_choice":"Lose Max HP","floor":5.0,"gold_loss":0.0,"damage_taken":0.0,"relics_obtained":["Golden Idol"]},{"damage_healed":0.0,"max_hp_gain":0.0,"max_hp_loss":0.0,"gold_gain":100.0,"event_name":"Golden Shrine","player_choice":"Pray","floor":11.0,"gold_loss":0.0,"damage_taken":0.0},{"cards_removed":["Strike_B"],"damage_healed":0.0,"max_hp_gain":0.0,"max_hp_loss":0.0,"gold_gain":0.0,"event_name":"Beggar","player_choice":"Gave Gold","floor":19.0,"gold_loss":75.0,"damage_taken":0.0},{"damage_healed":0.0,"max_hp_gain":0.0,"max_hp_loss":0.0,"gold_gain":100.0,"event_name":"Golden Shrine","player_choice":"Pray","floor":25.0,"gold_loss":0.0,"damage_taken":0.0},{"damage_healed":73.0,"max_hp_gain":0.0,"max_hp_loss":10.0,"gold_gain":0.0,"event_name":"The Moai Head","player_choice":"Heal","floor":44.0,"gold_loss":0.0,"damage_taken":0.0},{"damage_healed":0.0,"max_hp_gain":0.0,"max_hp_loss":0.0,"gold_gain":0.0,"event_name":"Upgrade Shrine","player_choice":"Upgraded","floor":48.0,"gold_loss":0.0,"damage_taken":0.0,"cards_upgraded":["Thunder Strike"]}],"is_beta":false,"boss_relics":[{"not_picked":["Inserter","Eternal Feather"],"picked":"Cursed Key"},{"not_picked":["FrozenCore","White Beast Statue"],"picked":"Astrolabe"}],"items_purged_floors":[3,36,47],"is_endless":false,"potions_floor_spawned":[7,13,18,22,28,35,37,46],"killed_by":"Awakened One","ascension_level":0}