{"gold_per_floor":[115,130,280,280,294,294,294,313,313,326,351,113,138,154,154,154],"floor_reached":16,"playtime":344,"items_purged":["Doubt"],"score":178,"play_id":"daf8d18f-f0d6-4e5b-96a1-cccc0564fcbe","local_time":"20190727200253","is_ascension_mode":true,"campfire_choices":[{"data":"Zap","floor":6,"key":"SMITH"},{"floor":15,"key":"REST"}],"neow_cost":"NONE","seed_source_timestamp":430725495526400,"circlet_count":0,"master_deck":["AscendersBane","Strike_B","Strike_B","Strike_B","Strike_B","Defend_B","Defend_B","Defend_B","Defend_B","Zap+1","Dualcast","Gash","Ball Lightning","Conserve Battery","Scrape","Leap"],"relics":["Cracked Core","NeowsBlessing","Mummified Hand","Golden Idol","Singing Bowl","Happy Flower"],"potions_floor_usage":[16],"damage_taken":[{"damage":0,"enemies":"Small Slimes","floor":1,"turns":1},{"damage":0,"enemies":"Jaw Worm","floor":2,"turns":1},{"damage":0,"enemies":"2 Louse","floor":5,"turns":1},{"damage":23,"enemies":"Lots of Slimes","floor":8,"turns":4},{"damage":2,"enemies":"2 Fungi Beasts","floor":10,"turns":3},{"damage":10,"enemies":"Looter","floor":11,"turns":4},{"damage":10,"enemies":"3 Louse","floor":13,"turns":3},{"damage":2,"enemies":"Large Slime","floor":14,"turns":5},{"damage":48,"enemies":"Slime Boss","floor":16,"turns":7}],"seed_played":"-6758689859055621902","potions_obtained":[{"floor":10,"key":"Poison Potion"},{"floor":11,"key":"GamblersBrew"}],"is_trial":false,"path_per_floor":["M","M","?","T","M","R","?","M","T","M","M","$","M","M","R","B"],"character_chosen":"DEFECT","items_purchased":["Happy Flower"],"campfire_rested":1,"item_purchase_floors":[12],"current_hp_per_floor":[64,64,64,64,64,64,64,41,41,39,31,31,21,21,41,0],"gold":154,"neow_bonus":"THREE_ENEMY_KILL","is_prod":false,"is_daily":false,"chose_seed":false,"campfire_upgraded":1,"win_rate":0,"timestamp":1564250573,"path_taken":["M","M","?","?","M","R","?","?","T","M","M","$","M","M","R","BOSS"],"build_version":"2019-07-17","purchased_purges":1,"victory":false,"max_hp_per_floor":[71,71,71,71,71,71,64,64,64,64,66,66,66,68,68,68],"card_choices":[{"not_picked":["Rebound","Go for the Eyes"],"picked":"Gash","floor":1},{"not_picked":["Darkness","Barrage"],"picked":"Ball Lightning","floor":2},{"not_picked":["Barrage","Coolheaded","Steam"],"picked":"SKIP","floor":5},{"not_picked":["Fusion","Ball Lightning"],"picked":"Conserve Battery","floor":8},{"not_picked":["Amplify","White Noise"],"picked":"Scrape","floor":10},{"not_picked":["Turbo","Barrage","Gash"],"picked":"Singing Bowl","floor":11},{"not_picked":["Redo","Stack"],"picked":"Leap","floor":13},{"not_picked":["Rip and Tear","Hologram","Barrage"],"picked":"Singing Bowl","floor":14}],"player_experience":378182,"relics_obtained":[{"floor":4,"key":"Mummified Hand"},{"floor":9,"key":"Singing Bowl"}],"event_choices":[{"damage_healed":0,"gold_gain":150,"player_choice":"AGREE","damage_taken":0,"max_hp_gain":0,"max_hp_loss":0,"event_name":"Liars Game","floor":3,"gold_loss":0,"cards_obtained":["Doubt"]},{"damage_healed":0,"gold_gain":0,"player_choice":"Lose Max HP","damage_taken":0,"relics_obtained":["Golden Idol"],"max_hp_gain":0,"max_hp_loss":7,"event_name":"Golden Idol","floor":7,"gold_loss":0}],"is_beta":false,"boss_relics":[],"items_purged_floors":[12],"is_endless":false,"potions_floor_spawned":[10,11],"killed_by":"Slime Boss","ascension_level":17}