{"gold_per_floor":[109,284,304,264,278,278,307,325,325,355,355,355,29,59,59,163,163,175,12,12,12,22,22],"floor_reached":23,"playtime":1416,"items_purged":["Doubt"],"score":360,"play_id":"64111d50-ad8a-45f4-ad66-21d1387ed0e6","local_time":"20190617205812","is_ascension_mode":true,"campfire_choices":[{"data":"Corruption","floor":6,"key":"SMITH"},{"floor":11,"key":"REST"},{"data":"Dark Embrace","floor":15,"key":"SMITH"}],"neow_cost":"NONE","seed_source_timestamp":214450002176376,"circlet_count":0,"master_deck":["Strike_R","Defend_R","Defend_R","Defend_R","Defend_R","Bash","Shrug It Off","Corruption+1","Rage","Cleave","Inflame","Dark Embrace+1","Inflame","Sword Boomerang","Fiend Fire","Seeing Red+1","Clash+1","Entrench+1","Heavy Blade+1","Feel No Pain","Thunderclap+1"],"relics":["Burning Blood","NeowsBlessing","FossilizedHelix","Nunchaku","Pocketwatch","MawBank","Bag of Marbles","Happy Flower","Centennial Puzzle","Astrolabe"],"potions_floor_usage":[7,10,10,10,10,16,18,22,23],"damage_taken":[{"damage":0,"enemies":"Jaw Worm","floor":1,"turns":1},{"damage":0,"enemies":"2 Louse","floor":3,"turns":1},{"damage":0,"enemies":"Cultist","floor":5,"turns":1},{"damage":58,"enemies":"Gremlin Nob","floor":7,"turns":5},{"damage":2,"enemies":"2 Fungi Beasts","floor":8,"turns":4},{"damage":21,"enemies":"Lagavulin","floor":10,"turns":8},{"damage":13,"enemies":"Gremlin Nob","floor":14,"turns":5},{"damage":0,"enemies":"Slime Boss","floor":16,"turns":5},{"damage":78,"enemies":"Shell Parasite","floor":18,"turns":12},{"damage":13,"enemies":"2 Thieves","floor":22,"turns":4},{"damage":10,"enemies":"Gremlin Leader","floor":23,"turns":4}],"seed_played":"-2357069971992680464","potions_obtained":[{"floor":4,"key":"Ancient Potion"},{"floor":4,"key":"EntropicBrew"},{"floor":4,"key":"AttackPotion"},{"floor":8,"key":"Weak Potion"},{"floor":10,"key":"Dexterity Potion"},{"floor":22,"key":"SmokeBomb"}],"is_trial":false,"path_per_floor":["M","?","M","?","M","R","E","M","T","E","R","?","$","E","R","B",null,"M","$","?","?","M","E"],"character_chosen":"IRONCLAD","items_purchased":["Bag of Marbles","Happy Flower","Inflame","Feel No Pain","Energy Potion"],"campfire_rested":1,"item_purchase_floors":[13,13,13,19,19],"current_hp_per_floor":[78,78,80,80,80,80,28,32,32,32,56,49,49,42,42,48,72,15,15,15,15,8,0],"gold":22,"neow_bonus":"THREE_ENEMY_KILL","is_prod":false,"is_daily":false,"chose_seed":false,"campfire_upgraded":2,"win_rate":0,"timestamp":1560823092,"path_taken":["M","?","M","?","?","R","E","M","T","E","R","?","$","E","R","BOSS","M","$","?","?","M","E"],"build_version":"2019-01-23","purchased_purges":1,"victory":false,"max_hp_per_floor":[80,80,80,80,80,80,80,80,80,80,80,80,80,80,80,80,80,80,80,80,80,80,80],"card_choices":[{"not_picked":["Headbutt","Feel No Pain"],"picked":"Shrug It Off","floor":1},{"not_picked":["Twin Strike","Perfected Strike"],"picked":"Corruption","floor":3},{"not_picked":["Infernal Blade","Rupture"],"picked":"Rage","floor":5},{"not_picked":["Fire Breathing","Reckless Charge"],"picked":"Cleave","floor":7},{"not_picked":["Offering","Heavy Blade"],"picked":"Inflame","floor":8},{"not_picked":["Disarm","Perfected Strike"],"picked":"Dark Embrace","floor":10},{"not_picked":["Iron Wave","Twin Strike"],"picked":"Sword Boomerang","floor":14},{"not_picked":["Bludgeon","Impervious"],"picked":"Fiend Fire","floor":16},{"not_picked":["Warcry+1","Evolve+1"],"picked":"Heavy Blade+1","floor":18},{"not_picked":["Clash","Uppercut"],"picked":"Thunderclap+1","floor":22}],"player_experience":351239,"relics_obtained":[{"floor":7,"key":"FossilizedHelix"},{"floor":9,"key":"Nunchaku"},{"floor":10,"key":"Pocketwatch"},{"floor":14,"key":"Centennial Puzzle"}],"event_choices":[{"damage_healed":0,"gold_gain":175,"player_choice":"AGREE","damage_taken":0,"max_hp_gain":0,"max_hp_loss":0,"event_name":"Liars Game","floor":2,"gold_loss":0,"cards_obtained":["Doubt"]},{"damage_healed":0,"gold_gain":0,"player_choice":"Bought 3 Potions","damage_taken":0,"max_hp_gain":0,"max_hp_loss":0,"event_name":"The Woman in Blue","floor":4,"gold_loss":0},{"damage_healed":0,"gold_gain":0,"player_choice":"Success","damage_taken":7,"relics_obtained":["MawBank"],"max_hp_gain":0,"max_hp_loss":0,"event_name":"Scrap Ooze","floor":12,"gold_loss":0},{"cards_removed":["Strike_R"],"damage_healed":0,"gold_gain":0,"player_choice":"Elegance","damage_taken":0,"max_hp_gain":0,"max_hp_loss":0,"event_name":"Back to Basics","floor":20,"gold_loss":0},{"damage_healed":0,"gold_gain":0,"player_choice":"Ignored","damage_taken":0,"max_hp_gain":0,"max_hp_loss":0,"event_name":"Cursed Tome","floor":21,"gold_loss":0}],"is_beta":false,"boss_relics":[{"not_picked":["Cursed Key","Fusion Hammer"],"picked":"Astrolabe"}],"items_purged_floors":[19],"is_endless":false,"potions_floor_spawned":[8,10,22],"killed_by":"Gremlin Leader","ascension_level":8}