{"gold_per_floor":[111,121,396,45,59,85,85,110,162,162,182,215,227,255,267,356,418,449,477,489,501],"floor_reached":21,"playtime":2042,"items_purged":["Regret"],"score":392,"play_id":"ea4e6c47-e72a-4103-8a7e-f8b6899b0dc9","local_time":"20190701194957","is_ascension_mode":true,"campfire_choices":[{"data":"Heavy Blade","floor":7,"key":"SMITH"},{"data":"True Grit","floor":13,"key":"SMITH"},{"data":"Demon Form","floor":15,"key":"SMITH"}],"neow_cost":"NONE","seed_source_timestamp":279488608472979,"circlet_count":0,"master_deck":["AscendersBane","Strike_R","Strike_R","Strike_R","Strike_R+1","Strike_R","Defend_R","Defend_R","Defend_R","Defend_R+1","Bash","Heavy Blade+1","Headbutt","Demon Form+1","True Grit+1","Whirlwind","Battle Trance+1","Flame Barrier","Power Through","Pommel Strike","Armaments","Rage","Limit Break","Armaments+1"],"relics":["Burning Blood","NeowsBlessing","Red Skull","Frozen Egg 2","War Paint","Strawberry","MawBank","Tiny House"],"potions_floor_usage":[14,16,18,19,21],"damage_taken":[{"damage":0,"enemies":"Jaw Worm","floor":1,"turns":1},{"damage":0,"enemies":"Cultist","floor":2,"turns":1},{"damage":0,"enemies":"Small Slimes","floor":5,"turns":1},{"damage":28,"enemies":"3 Sentries","floor":6,"turns":5},{"damage":20,"enemies":"Lagavulin","floor":8,"turns":6},{"damage":19,"enemies":"Red Slaver","floor":11,"turns":4},{"damage":17,"enemies":"3 Sentries","floor":12,"turns":3},{"damage":16,"enemies":"Gremlin Gang","floor":14,"turns":4},{"damage":15,"enemies":"Slime Boss","floor":16,"turns":8},{"damage":19,"enemies":"2 Thieves","floor":18,"turns":4},{"damage":21,"enemies":"Spheric Guardian","floor":19,"turns":5},{"damage":61,"enemies":"Shelled Parasite and Fungi","floor":21,"turns":5}],"seed_played":"-8279537036861368745","potions_obtained":[{"floor":6,"key":"LiquidBronze"},{"floor":8,"key":"SkillPotion"},{"floor":11,"key":"BloodPotion"},{"floor":14,"key":"Explosive Potion"},{"floor":17,"key":"Explosive Potion"},{"floor":18,"key":"Energy Potion"}],"is_trial":false,"path_per_floor":["M","M","?","$","M","E","R","E","T","?","M","E","R","M","R","B",null,"M","M","?","M"],"character_chosen":"IRONCLAD","items_purchased":["Demon Form","Red Skull","True Grit"],"campfire_rested":0,"item_purchase_floors":[4,4,4],"current_hp_per_floor":[74,75,75,75,75,53,53,39,46,46,33,22,22,32,32,23,72,59,44,61,0],"gold":501,"neow_bonus":"THREE_ENEMY_KILL","is_prod":false,"is_daily":false,"chose_seed":false,"campfire_upgraded":3,"win_rate":0,"timestamp":1562028597,"path_taken":["M","M","?","$","?","E","R","E","T","?","M","E","R","M","R","BOSS","M","M","?","M"],"build_version":"2019-07-01","purchased_purges":1,"victory":false,"max_hp_per_floor":[75,75,75,75,75,75,75,75,82,82,82,82,82,82,82,82,87,87,87,87,87],"card_choices":[{"not_picked":["Wild Strike","Anger"],"picked":"Heavy Blade","floor":1},{"not_picked":["Clothesline","Carnage"],"picked":"Headbutt","floor":2},{"not_picked":["Flex","True Grit"],"picked":"Whirlwind","floor":5},{"not_picked":["Thunderclap","Whirlwind"],"picked":"Battle Trance","floor":6},{"not_picked":["True Grit","Second Wind"],"picked":"Flame Barrier","floor":8},{"not_picked":["Body Slam","Clash"],"picked":"Pommel Strike","floor":11},{"not_picked":["Clothesline","Sentinel"],"picked":"Armaments","floor":12},{"not_picked":["Iron Wave","Thunderclap"],"picked":"Rage","floor":14},{"not_picked":["Bludgeon","Barricade+1"],"picked":"Limit Break","floor":16},{"not_picked":["Twin Strike","Perfected Strike","Anger"],"picked":"SKIP","floor":18},{"not_picked":["Flex","Perfected Strike"],"picked":"Armaments+1","floor":19}],"player_experience":428711,"relics_obtained":[{"floor":6,"key":"Frozen Egg 2"},{"floor":8,"key":"War Paint"},{"floor":9,"key":"Strawberry"},{"floor":12,"key":"MawBank"}],"event_choices":[{"damage_healed":0,"gold_gain":275,"player_choice":"Desecrate","damage_taken":0,"max_hp_gain":0,"max_hp_loss":0,"event_name":"Golden Shrine","floor":3,"gold_loss":0,"cards_obtained":["Regret"]},{"damage_healed":0,"gold_gain":0,"player_choice":"1 cards matched","damage_taken":0,"max_hp_gain":0,"max_hp_loss":0,"event_name":"Match and Keep!","floor":10,"gold_loss":0,"cards_obtained":["Power Through"]},{"damage_healed":17,"gold_gain":0,"player_choice":"Heal","damage_taken":0,"max_hp_gain":0,"max_hp_loss":0,"event_name":"The Library","floor":20,"gold_loss":0}],"is_beta":false,"boss_relics":[{"not_picked":["Runic Cube","Ectoplasm"],"picked":"Tiny House"}],"items_purged_floors":[4],"is_endless":false,"potions_floor_spawned":[6,8,11,14,18],"killed_by":"Shelled Parasite and Fungi","ascension_level":15}