{"gold_per_floor":[112,17,29,29,43,43,63,63,139,153,163,163,176,30,30,125,125,143,154,44,44,94,94,108,108,108,125,145,195,195,230,230,230],"floor_reached":33,"playtime":1229,"items_purged":["Injury"],"score":284,"play_id":"07c5c69b-7969-4260-9aff-0b4c55c7caf6","local_time":"20190729001742","is_ascension_mode":false,"campfire_choices":[{"data":"Inflame","floor":6,"key":"SMITH"},{"data":"Bash","floor":8,"key":"SMITH"},{"data":"Bash","floor":12,"key":"SMITH"},{"data":"Flex","floor":15,"key":"SMITH"},{"data":"Limit Break","floor":23,"key":"SMITH"},{"data":"Feed","floor":25,"key":"SMITH"},{"data":"Whirlwind","floor":30,"key":"SMITH"},{"floor":32,"key":"REST"}],"neow_cost":"CURSE","seed_source_timestamp":3420242159686,"circlet_count":0,"master_deck":["Strike_R","Strike_R","Strike_R","Strike_R","Strike_R","Defend_R","Defend_R","Defend_R","Defend_R","Bash+1","Pommel Strike","Flex+1","Twin Strike","Headbutt","Bash+1","Dramatic Entrance","Impervious","Inflame+1","Metallicize","Sword Boomerang","Twin Strike","Battle Trance","Limit Break+1","Headbutt","Headbutt+1","Pummel","Feed+1","Flex+1","Whirlwind+1","Heavy Blade"],"special_seed":0,"relics":["Burning Blood","Mango","Self Forming Clay","Juzu Bracelet","Sozu","SsserpentHead","WingedGreaves","MutagenicStrength","Anchor"],"potions_floor_usage":[7,13,27,33],"damage_taken":[{"damage":5.0,"enemies":"Jaw Worm","floor":1.0,"turns":7.0},{"damage":1.0,"enemies":"Cultist","floor":3.0,"turns":3.0},{"damage":0,"enemies":"Small Slimes","floor":5,"turns":2},{"damage":0,"enemies":"Exordium Thugs","floor":7,"turns":4},{"damage":2,"enemies":"Blue Slaver","floor":10,"turns":4},{"damage":0,"enemies":"Looter","floor":11,"turns":1},{"damage":4,"enemies":"Large Slime","floor":13,"turns":4},{"damage":47,"enemies":"Slime Boss","floor":16,"turns":8},{"damage":2,"enemies":"Chosen","floor":18,"turns":3},{"damage":7,"enemies":"Shell Parasite","floor":19,"turns":3},{"damage":7,"enemies":"Snecko","floor":24,"turns":3},{"damage":15,"enemies":"Snake Plant","floor":27,"turns":4},{"damage":20,"enemies":"Shelled Parasite and Fungi","floor":28,"turns":3},{"damage":54,"enemies":"Slavers","floor":31,"turns":5},{"damage":91,"enemies":"Collector","floor":33,"turns":7}],"seed_played":"-3705601378628300181","potions_obtained":[{"floor":1.0,"key":"Poison Potion"},{"floor":5,"key":"Strength Potion"},{"floor":11,"key":"EssenceOfSteel"},{"floor":16,"key":"Weak Potion"}],"is_trial":false,"path_per_floor":["M","$","M","?","M","R","M","R","T","M","M","R","M","$","R","B",null,"M","M","$","?","$","R","M","R","T","M","M","?","R","E","R","B"],"character_chosen":"IRONCLAD","items_purchased":["Flex","Twin Strike","Juzu Bracelet","Pummel"],"campfire_rested":1,"item_purchase_floors":[2,2,14,20],"current_hp_per_floor":[94,94,94,94,94,94,94,94,94,94,94,94,94,94,94,53,94,94,93,93,93,93,93,92,92,92,87,77,77,77,33,64,0],"gold":230,"neow_bonus":"ONE_RARE_RELIC","is_prod":false,"is_daily":false,"chose_seed":false,"campfire_upgraded":7,"win_rate":0,"timestamp":1564381062,"path_taken":["M","$","M","?","M","R","M","R","T","M","M","R","?","?","R","BOSS","M","M","$","?","?","R","M","R","T","M","M","?","R","E","R","BOSS"],"build_version":"2019-07-17","purchased_purges":1,"victory":false,"max_hp_per_floor":[94,94,94,94,94,94,94,94,94,94,94,94,94,94,94,94,94,94,94,94,94,94,94,94,94,94,98,102,102,102,106,106,106],"card_choices":[{"not_picked":["Armaments","Rupture"],"picked":"Pommel Strike","floor":1.0},{"not_picked":["Perfected Strike","Bloodletting","Rage"],"picked":"SKIP","floor":3.0},{"not_picked":["Cleave","Anger"],"picked":"Inflame","floor":5},{"not_picked":["Exhume","Body Slam"],"picked":"Metallicize","floor":7},{"not_picked":["Armaments","Iron Wave"],"picked":"Sword Boomerang","floor":10},{"not_picked":["Cleave","Blood for Blood"],"picked":"Twin Strike","floor":11},{"not_picked":["Hemokinesis","Flex"],"picked":"Battle Trance","floor":13},{"not_picked":["Exhume","Feed"],"picked":"Limit Break","floor":16},{"not_picked":["Anger","Pommel Strike"],"picked":"Headbutt","floor":18},{"not_picked":["Uppercut","Carnage"],"picked":"Headbutt+1","floor":19},{"not_picked":["Blood for Blood","Carnage"],"picked":"Feed","floor":24},{"not_picked":["Pommel Strike","Clash"],"picked":"Flex+1","floor":27},{"not_picked":["Dropkick","Perfected Strike"],"picked":"Whirlwind","floor":28},{"not_picked":["Dark Embrace","Battle Trance"],"picked":"Heavy Blade","floor":31}],"player_experience":1584255,"relics_obtained":[{"floor":9,"key":"Self Forming Clay"},{"floor":26,"key":"WingedGreaves"},{"floor":31,"key":"Anchor"}],"event_choices":[{"damage_healed":0,"gold_gain":0,"player_choice":"4 cards matched","damage_taken":0,"max_hp_gain":0,"max_hp_loss":0,"event_name":"Match and Keep!","floor":4,"gold_loss":0,"cards_obtained":["Headbutt","Bash","Dramatic Entrance","Impervious"]},{"damage_healed":0,"gold_gain":0,"player_choice":"Trade","damage_taken":0,"relics_obtained":["SsserpentHead"],"max_hp_gain":0,"max_hp_loss":0,"event_name":"FaceTrader","floor":21,"gold_loss":0},{"damage_healed":0,"gold_gain":0,"player_choice":"Inject Mutagens","damage_taken":0,"relics_obtained":["MutagenicStrength"],"max_hp_gain":0,"max_hp_loss":0,"event_name":"Drug Dealer","floor":29,"gold_loss":0}],"is_beta":false,"boss_relics":[{"not_picked":["Cursed Key","Philosopher\u0027s Stone"],"picked":"Sozu"}],"items_purged_floors":[20],"is_endless":false,"potions_floor_spawned":[1,5,11,16,24,27,28],"killed_by":"Collector","ascension_level":0}