{"gold_per_floor":[118,118,43,43,58,99,99,114,164,164,199,199,213,236,236,334,334,358,358,372,372,372,372,372,372,372,387,10,30,30,30,30,123,123,144,477,60,80,90,90,101,101,101,101,117,117,117,130,130,130,130],"floor_reached":52,"playtime":5577,"items_purged":["Defend_B"],"score":1670,"play_id":"6c8a8d5f-5423-4ecf-bc93-e7a7ed9317fc","local_time":"20190804122628","is_ascension_mode":true,"campfire_choices":[{"data":"Zap","floor":7.0,"key":"SMITH"},{"data":"Dualcast","floor":10.0,"key":"SMITH"},{"data":"Conserve Battery","floor":12.0,"key":"SMITH"},{"floor":15.0,"key":"REST"},{"floor":23.0,"key":"REST"},{"floor":25.0,"key":"REST"},{"floor":30.0,"key":"REST"},{"floor":32.0,"key":"REST"},{"floor":40.0,"key":"REST"},{"floor":42.0,"key":"REST"},{"floor":44.0,"key":"REST"},{"floor":46.0,"key":"REST"},{"data":"Defragment","floor":49.0,"key":"SMITH"}],"neow_cost":"NONE","seed_source_timestamp":1088696957609599,"circlet_count":0,"master_deck":["AscendersBane","Strike_B+1","Defend_B","Zap+1","Dualcast+1","Cold Snap+1","Conserve Battery+1","Auto Shields","FTL","Leap","Cold Snap","Electrodynamics","Redo+1","Chaos+1","Reprogram+1","Leap","Capacitor","Coolheaded+1","Consume+1","Chaos+1","Seek+1","Cold Snap","Defragment+1","Redo+1","Hologram+1","Chill+1","White Noise+1"],"special_seed":0,"relics":["Cracked Core","NeowsBlessing","Bag of Preparation","Whetstone","Potion Belt","Astrolabe","MutagenicStrength","Orichalcum","Toxic Egg 2","Lizard Tail","Blood Vial","Regal Pillow","Pantograph"],"potions_floor_usage":[51,51,51,51,51],"damage_taken":[{"damage":0.0,"enemies":"Cultist","floor":1.0,"turns":1.0},{"damage":0.0,"enemies":"2 Louse","floor":5.0,"turns":1.0},{"damage":0.0,"enemies":"Lagavulin","floor":6.0,"turns":1.0},{"damage":1.0,"enemies":"Small Slimes","floor":8.0,"turns":2.0},{"damage":3.0,"enemies":"3 Sentries","floor":11.0,"turns":9.0},{"damage":0.0,"enemies":"2 Fungi Beasts","floor":13.0,"turns":3.0},{"damage":0.0,"enemies":"Looter","floor":14.0,"turns":2.0},{"damage":63.0,"enemies":"Slime Boss","floor":16.0,"turns":19.0},{"damage":19.0,"enemies":"2 Thieves","floor":18.0,"turns":3.0},{"damage":10.0,"enemies":"Shell Parasite","floor":20.0,"turns":6.0},{"damage":18.0,"enemies":"Centurion and Healer","floor":27.0,"turns":2.0},{"damage":8.0,"enemies":"Chosen and Byrds","floor":29.0,"turns":7.0},{"damage":59.0,"enemies":"Automaton","floor":33.0,"turns":13.0},{"damage":29.0,"enemies":"3 Darklings","floor":35.0,"turns":8.0},{"damage":8.0,"enemies":"Orb Walker","floor":38.0,"turns":4.0},{"damage":1.0,"enemies":"4 Shapes","floor":39.0,"turns":3.0},{"damage":50.0,"enemies":"3 Darklings","floor":41.0,"turns":5.0},{"damage":24.0,"enemies":"Sphere and 2 Shapes","floor":45.0,"turns":6.0},{"damage":2.0,"enemies":"4 Shapes","floor":48.0,"turns":4.0},{"damage":37,"enemies":"Donu and Deca","floor":50,"turns":11},{"damage":81,"enemies":"Awakened One","floor":51,"turns":18}],"seed_played":"-2443228635483500625","potions_obtained":[{"floor":1.0,"key":"EssenceOfSteel"},{"floor":8.0,"key":"Block Potion"},{"floor":20.0,"key":"Energy Potion"},{"floor":33.0,"key":"Block Potion"},{"floor":35.0,"key":"Energy Potion"},{"floor":39.0,"key":"FearPotion"},{"floor":45.0,"key":"EntropicBrew"}],"is_trial":false,"path_per_floor":["M","?","$","?","M","E","R","M","T","R","E","R","M","M","R","B",null,"M","?","M","?","?","R","?","R","T","M","$","M","R","$","R","B",null,"M","?","$","M","M","R","M","R","T","R","M","R","?","M","R","B","B",null],"character_chosen":"DEFECT","items_purchased":["Toxic Egg 2","Consume+1","Defragment","Blood Vial","Regal Pillow"],"campfire_rested":9,"item_purchase_floors":[28,28,37,37,37],"current_hp_per_floor":[64,57,57,57,57,57,57,56,56,56,53,53,53,53,64,1,48,29,29,19,19,19,38,51,64,64,46,46,38,57,57,64,5,49,20,20,20,14,15,49,1,35,35,64,40,64,64,62,62,27,31],"gold":130,"neow_bonus":"THREE_ENEMY_KILL","is_prod":false,"is_daily":false,"chose_seed":false,"campfire_upgraded":4,"win_rate":0,"timestamp":1564914388,"path_taken":["M","?","$","?","M","E","R","M","T","R","E","R","M","M","R","BOSS","M","?","M","?","?","R","?","R","T","M","?","M","R","$","R","BOSS","M","?","$","M","M","R","M","R","T","R","M","R","?","M","R","BOSS","BOSS"],"build_version":"2019-07-17","purchased_purges":1,"victory":true,"max_hp_per_floor":[71,71,71,64,64,64,64,64,64,64,64,64,64,64,64,64,64,64,64,64,64,64,64,64,64,64,64,64,64,64,64,64,64,64,64,64,64,64,64,64,64,64,64,64,64,64,64,64,64,64,64],"card_choices":[{"not_picked":["Blizzard","Steam"],"picked":"Cold Snap","floor":1.0},{"not_picked":["Ball Lightning","Turbo"],"picked":"Conserve Battery","floor":5.0},{"not_picked":["Compile Driver","Reboot","Rainbow"],"picked":"SKIP","floor":6.0},{"not_picked":["Compile Driver","Doom and Gloom"],"picked":"Auto Shields","floor":8.0},{"not_picked":["Amplify","Streamline"],"picked":"FTL","floor":11.0},{"not_picked":["Coolheaded","Stack"],"picked":"Leap","floor":13.0},{"not_picked":["Loop","Tempest"],"picked":"Cold Snap","floor":14.0},{"not_picked":["Biased Cognition","Machine Learning"],"picked":"Electrodynamics","floor":16.0},{"not_picked":["Steam Power","Coolheaded"],"picked":"Leap","floor":18.0},{"not_picked":["Heatsinks","Ball Lightning+1"],"picked":"Capacitor","floor":20.0},{"not_picked":["Turbo","Recycle"],"picked":"Coolheaded+1","floor":27.0},{"not_picked":["Streamline","Doom and Gloom"],"picked":"Chaos+1","floor":29.0},{"not_picked":["Machine Learning","Meteor Strike"],"picked":"Seek+1","floor":33.0},{"not_picked":["Streamline","Compile Driver"],"picked":"Cold Snap","floor":35.0},{"not_picked":["Ball Lightning","Steam+1"],"picked":"Redo+1","floor":38.0},{"not_picked":["Ball Lightning","Gash"],"picked":"Hologram+1","floor":39.0},{"not_picked":["Rip and Tear+1","Auto Shields+1"],"picked":"Chill+1","floor":41.0},{"not_picked":["Melter","Redo+1"],"picked":"White Noise+1","floor":45.0},{"not_picked":["Streamline","Turbo+1","Lockon"],"picked":"SKIP","floor":48.0}],"player_experience":418102,"relics_obtained":[{"floor":6.0,"key":"Bag of Preparation"},{"floor":9.0,"key":"Whetstone"},{"floor":11.0,"key":"Potion Belt"},{"floor":26.0,"key":"Orichalcum"},{"floor":43.0,"key":"Pantograph"}],"event_choices":[{"cards_removed":["Strike_B"],"damage_healed":0.0,"max_hp_gain":0.0,"max_hp_loss":0.0,"gold_gain":0.0,"event_name":"Golden Wing","player_choice":"Card Removal","floor":2.0,"gold_loss":0.0,"damage_taken":7.0},{"damage_healed":0.0,"max_hp_gain":0.0,"max_hp_loss":7.0,"gold_gain":0.0,"event_name":"Golden Idol","player_choice":"Lose Max HP","floor":4.0,"gold_loss":0.0,"damage_taken":0.0,"relics_obtained":["Golden Idol"]},{"cards_removed":["Defend_B"],"damage_healed":0.0,"max_hp_gain":0.0,"max_hp_loss":0.0,"gold_gain":0.0,"event_name":"Back to Basics","player_choice":"Elegance","floor":19.0,"gold_loss":0.0,"damage_taken":0.0},{"damage_healed":0.0,"max_hp_gain":0.0,"max_hp_loss":0.0,"gold_gain":0.0,"event_name":"Vampires","player_choice":"Ignored","floor":21.0,"gold_loss":0.0,"damage_taken":0.0},{"damage_healed":0.0,"max_hp_gain":0.0,"max_hp_loss":0.0,"gold_gain":0.0,"event_name":"Drug Dealer","player_choice":"Inject Mutagens","floor":22.0,"gold_loss":0.0,"damage_taken":0.0,"relics_obtained":["MutagenicStrength"]},{"damage_healed":13.0,"max_hp_gain":0.0,"max_hp_loss":0.0,"gold_gain":0.0,"event_name":"The Library","player_choice":"Heal","floor":24.0,"gold_loss":0.0,"damage_taken":0.0},{"damage_healed":0.0,"max_hp_gain":0.0,"max_hp_loss":0.0,"gold_gain":333.0,"event_name":"The Moai Head","player_choice":"Gave Idol","floor":36.0,"relics_lost":["Golden Idol"],"gold_loss":0.0,"damage_taken":0.0},{"damage_healed":0.0,"max_hp_gain":0.0,"max_hp_loss":0.0,"gold_gain":0.0,"event_name":"SecretPortal","player_choice":"Ignored","floor":47.0,"gold_loss":0.0,"damage_taken":0.0}],"is_beta":false,"boss_relics":[{"not_picked":["Ectoplasm","Coffee Dripper"],"picked":"Astrolabe"},{"not_picked":["Pandora\u0027s Box","Runic Pyramid"],"picked":"Lizard Tail"}],"items_purged_floors":[3],"is_endless":false,"potions_floor_spawned":[1,8,20,33,35,39,45],"ascension_level":20}