{"gold_per_floor":[111,111,33,51,68,68,81,81,381,415,431,445,457,475,475,571,571,583,598,598,17,17,17,34,69,93,93,128,141,152,163,163,163],"floor_reached":33,"playtime":3575,"items_purged":["Strike_R"],"score":318,"play_id":"41ec4903-7084-4b73-ae86-c5cfb1aabb22","local_time":"20190804161215","is_ascension_mode":false,"campfire_choices":[{"data":"Corruption","floor":6,"key":"SMITH"},{"data":"Shockwave","floor":8,"key":"SMITH"},{"floor":15,"key":"REST"},{"data":"Fire Breathing","floor":23,"key":"SMITH"},{"floor":32,"key":"REST"}],"neow_cost":"NONE","seed_source_timestamp":247455938291400,"circlet_count":0,"master_deck":["Strike_R","Strike_R","Strike_R","Strike_R","Defend_R","Defend_R","Defend_R","Defend_R","Bash","Armaments+1","Corruption+1","Shockwave+1","Armaments","Uppercut","Carnage","Infernal Blade","Carnage","Battle Trance","Burning Pact","Reaper","Armaments","Armaments","Fire Breathing+1","Bandage Up","Infernal Blade","Warcry","Burning Pact","Second Wind+1","Iron Wave+1"],"relics":["Black Blood","Regal Pillow","Old Coin","Ice Cream","Pocketwatch","Molten Egg 2","Lantern","Pantograph","Centennial Puzzle","Mummified Hand"],"potions_floor_usage":[16,16,16,16,16,28,30,33,33,33],"damage_taken":[{"damage":6,"enemies":"2 Louse","floor":1,"turns":3},{"damage":1,"enemies":"Cultist","floor":4,"turns":4},{"damage":3,"enemies":"Jaw Worm","floor":5,"turns":4},{"damage":4,"enemies":"3 Louse","floor":7,"turns":4},{"damage":42,"enemies":"Gremlin Nob","floor":10,"turns":6},{"damage":0,"enemies":"Blue Slaver","floor":11,"turns":3},{"damage":13,"enemies":"Lots of Slimes","floor":12,"turns":5},{"damage":4,"enemies":"3 Louse","floor":13,"turns":3},{"damage":13,"enemies":"Exordium Wildlife","floor":14,"turns":2},{"damage":54,"enemies":"Slime Boss","floor":16,"turns":16},{"damage":24,"enemies":"Spheric Guardian","floor":18,"turns":5},{"damage":16,"enemies":"Shell Parasite","floor":19,"turns":7},{"damage":21,"enemies":"Centurion and Healer","floor":24,"turns":9},{"damage":65,"enemies":"Gremlin Leader","floor":25,"turns":7},{"damage":16,"enemies":"Book of Stabbing","floor":28,"turns":4},{"damage":49,"enemies":"Sentry and Sphere","floor":29,"turns":8},{"damage":28,"enemies":"Chosen and Byrds","floor":30,"turns":5},{"damage":15,"enemies":"Cultist and Chosen","floor":31,"turns":6},{"damage":99,"enemies":"Champ","floor":33,"turns":14}],"seed_played":"-125567824164874196","potions_obtained":[{"floor":7,"key":"FearPotion"},{"floor":10,"key":"EntropicBrew"},{"floor":12,"key":"Block Potion"},{"floor":19,"key":"PowerPotion"},{"floor":24,"key":"Fire Potion"},{"floor":29,"key":"SpeedPotion"},{"floor":30,"key":"SteroidPotion"}],"is_trial":false,"path_per_floor":["M","?","$","M","M","R","M","R","T","E","M","M","M","M","R","B",null,"M","M","T","$","?","R","M","E","T","?","E","M","M","M","R","B"],"character_chosen":"IRONCLAD","items_purchased":["Corruption","Molten Egg 2","Fire Breathing","Lantern","Bandage Up"],"campfire_rested":2,"item_purchase_floors":[3,21,21,21,21],"current_hp_per_floor":[80,80,80,80,80,80,80,80,80,44,50,43,45,38,77,29,80,71,65,65,65,65,65,72,38,38,64,64,34,22,25,64,0],"gold":163,"neow_bonus":"RANDOM_COMMON_RELIC","is_prod":false,"is_daily":false,"chose_seed":false,"campfire_upgraded":3,"win_rate":0.0,"timestamp":1564927935,"path_taken":["M","?","$","M","M","R","M","R","T","E","?","M","M","M","R","BOSS","M","M","?","$","?","R","M","E","T","?","E","M","M","M","R","BOSS"],"build_version":"2019-07-17","purchased_purges":1,"victory":false,"max_hp_per_floor":[80,80,80,80,80,80,80,80,80,80,80,80,80,80,80,80,80,80,80,80,80,80,80,80,80,80,80,80,80,80,80,80,80],"card_choices":[{"not_picked":["Iron Wave","Thunderclap"],"picked":"Armaments","floor":1},{"not_picked":["Fire Breathing","Flex"],"picked":"Shockwave","floor":4},{"not_picked":["Infernal Blade","Anger"],"picked":"Armaments","floor":5},{"not_picked":["Sword Boomerang","Fire Breathing"],"picked":"Uppercut","floor":7},{"not_picked":["Berserk","Sword Boomerang"],"picked":"Carnage","floor":10},{"not_picked":["Anger","Dropkick"],"picked":"Infernal Blade","floor":11},{"not_picked":["Perfected Strike","Headbutt"],"picked":"Carnage","floor":12},{"not_picked":["Searing Blow","Ghostly Armor"],"picked":"Battle Trance","floor":13},{"not_picked":["Metallicize","Flex"],"picked":"Burning Pact","floor":14},{"not_picked":["Double Tap","Fiend Fire"],"picked":"Reaper","floor":16},{"not_picked":["Clothesline","Whirlwind"],"picked":"Armaments","floor":18},{"not_picked":["Clothesline","Anger"],"picked":"Armaments","floor":19},{"not_picked":["Anger+1","Body Slam+1"],"picked":"Infernal Blade","floor":24},{"not_picked":["Carnage+1","Sword Boomerang+1","Combust"],"picked":"SKIP","floor":25},{"not_picked":["Rupture","Twin Strike+1"],"picked":"Warcry","floor":28},{"not_picked":["Warcry+1","Impervious"],"picked":"Burning Pact","floor":29},{"not_picked":["Intimidate+1","Iron Wave+1"],"picked":"Second Wind+1","floor":30},{"not_picked":["Shockwave","Hemokinesis+1"],"picked":"Iron Wave+1","floor":31}],"player_experience":27666,"relics_obtained":[{"floor":9,"key":"Old Coin"},{"floor":10,"key":"Ice Cream"},{"floor":20,"key":"Pocketwatch"},{"floor":25,"key":"Pantograph"},{"floor":26,"key":"Centennial Puzzle"},{"floor":28,"key":"Mummified Hand"}],"event_choices":[{"damage_healed":0,"gold_gain":0,"player_choice":"Upgraded","damage_taken":0,"max_hp_gain":0,"max_hp_loss":0,"event_name":"Upgrade Shrine","floor":2,"gold_loss":0,"cards_upgraded":["Armaments"]},{"damage_healed":0,"gold_gain":0,"player_choice":"Ignored","damage_taken":0,"max_hp_gain":0,"max_hp_loss":0,"event_name":"Vampires","floor":22,"gold_loss":0},{"damage_healed":26,"gold_gain":0,"player_choice":"Heal","damage_taken":0,"max_hp_gain":0,"max_hp_loss":0,"event_name":"The Library","floor":27,"gold_loss":0}],"is_beta":false,"boss_relics":[{"not_picked":["Coffee Dripper","Cursed Key"],"picked":"Black Blood"}],"items_purged_floors":[21],"is_endless":false,"potions_floor_spawned":[7,10,12,13,19,24,29,30,31],"killed_by":"Champ","ascension_level":0}