{"gold_per_floor":[119,138,138,219,239,274,41,41,64,92,92,118,131,150,150,228,228,238,253,213,232,232],"floor_reached":22,"playtime":1308,"items_purged":["Strike_R"],"score":391,"play_id":"398c3723-0d91-437f-b6e6-f90d69dc3df6","local_time":"20190715204541","is_ascension_mode":true,"campfire_choices":[{"data":"Searing Blow","floor":8,"key":"SMITH"},{"floor":11,"key":"REST"},{"data":"Searing Blow+1","floor":15,"key":"SMITH"}],"neow_cost":"NONE","seed_source_timestamp":440861054888738,"circlet_count":0,"master_deck":["AscendersBane","Strike_R","Strike_R","Strike_R","Strike_R+1","Defend_R","Defend_R","Defend_R","Defend_R","Bash+1","Searing Blow+2","Iron Wave","Shrug It Off","Disarm","Offering","Corruption","Shrug It Off","Berserk","Clothesline","Feel No Pain","Double Tap","Regret","Parasite","Injury","Flame Barrier+1","Headbutt"],"relics":["Burning Blood","NeowsBlessing","Matryoshka","Pen Nib","Vajra","Regal Pillow","Dream Catcher","Lantern","Calling Bell","Potion Belt","Toxic Egg 2","Peace Pipe"],"potions_floor_usage":[10,10,16,19,21,21,22],"damage_taken":[{"damage":0,"enemies":"Cultist","floor":1,"turns":1},{"damage":0,"enemies":"Small Slimes","floor":2,"turns":1},{"damage":0,"enemies":"Jaw Worm","floor":5,"turns":1},{"damage":39,"enemies":"3 Sentries","floor":6,"turns":14},{"damage":14,"enemies":"Gremlin Nob","floor":10,"turns":3},{"damage":20,"enemies":"3 Sentries","floor":12,"turns":10},{"damage":9,"enemies":"Gremlin Gang","floor":13,"turns":4},{"damage":6,"enemies":"3 Louse","floor":14,"turns":6},{"damage":11,"enemies":"The Guardian","floor":16,"turns":9},{"damage":37,"enemies":"Shell Parasite","floor":18,"turns":6},{"damage":31,"enemies":"3 Byrds","floor":19,"turns":7},{"damage":21,"enemies":"Snecko","floor":21,"turns":6},{"damage":14,"enemies":"3 Cultists","floor":22,"turns":3}],"seed_played":"-4819922065071111930","potions_obtained":[{"floor":1,"key":"SteroidPotion"},{"floor":6,"key":"Regen Potion"},{"floor":12,"key":"GamblersBrew"},{"floor":16,"key":"Regen Potion"},{"floor":20,"key":"GamblersBrew"},{"floor":20,"key":"Dexterity Potion"},{"floor":20,"key":"SkillPotion"}],"is_trial":false,"path_per_floor":["M","M","?","T","M","E","$","R","T","E","R","E","M","M","R","B",null,"M","M","?","M","M"],"character_chosen":"IRONCLAD","items_purchased":["Offering"],"campfire_rested":1,"item_purchase_floors":[7],"current_hp_per_floor":[74,75,52,52,58,25,25,25,25,22,59,45,42,42,42,37,66,35,25,25,10,0],"gold":232,"neow_bonus":"THREE_ENEMY_KILL","is_prod":false,"is_daily":false,"chose_seed":false,"campfire_upgraded":2,"win_rate":0,"timestamp":1563241541,"path_taken":["M","?","?","?","M","E","$","R","T","E","R","E","M","M","R","BOSS","M","?","?","?","M"],"build_version":"2019-07-05","purchased_purges":1,"victory":false,"max_hp_per_floor":[75,75,75,75,75,75,75,75,75,75,75,75,75,75,75,75,75,75,75,75,75,75],"card_choices":[{"not_picked":["Perfected Strike","Headbutt"],"picked":"Searing Blow","floor":1},{"not_picked":["Heavy Blade","Blood for Blood"],"picked":"Iron Wave","floor":2},{"not_picked":["Sword Boomerang","Wild Strike"],"picked":"Shrug It Off","floor":5},{"not_picked":["Headbutt","Shrug It Off"],"picked":"Disarm","floor":6},{"not_picked":["Whirlwind","Body Slam"],"picked":"Corruption","floor":10},{"not_picked":["Sword Boomerang","Metallicize"],"picked":"Shrug It Off","floor":11},{"not_picked":["Flex","Rage"],"picked":"Berserk","floor":12},{"not_picked":["True Grit","Wild Strike"],"picked":"Clothesline","floor":13},{"not_picked":["True Grit","Disarm"],"picked":"Feel No Pain","floor":14},{"not_picked":["Brutality","Exhume"],"picked":"Double Tap","floor":16},{"not_picked":["Evolve","Anger"],"picked":"Flame Barrier+1","floor":18},{"not_picked":["Sever Soul","Combust"],"picked":"Headbutt","floor":19},{"not_picked":["Perfected Strike","Bloodletting+1","Rage+1"],"picked":"SKIP","floor":21}],"player_experience":494379,"relics_obtained":[{"floor":4,"key":"Matryoshka"},{"floor":6,"key":"Pen Nib"},{"floor":9,"key":"Vajra"},{"floor":9,"key":"Regal Pillow"},{"floor":10,"key":"Dream Catcher"},{"floor":12,"key":"Lantern"},{"floor":17,"key":"Potion Belt"},{"floor":17,"key":"Toxic Egg 2"},{"floor":17,"key":"Peace Pipe"}],"event_choices":[{"damage_healed":0,"gold_gain":0,"player_choice":"Entered Light","damage_taken":23,"max_hp_gain":0,"max_hp_loss":0,"event_name":"Shining Light","floor":3,"gold_loss":0,"cards_upgraded":["Bash","Strike_R"]},{"damage_healed":0,"gold_gain":0,"player_choice":"Bought 3 Potions","damage_taken":0,"max_hp_gain":0,"max_hp_loss":0,"event_name":"The Woman in Blue","floor":20,"gold_loss":0}],"is_beta":false,"boss_relics":[{"not_picked":["Black Blood","Eternal Feather"],"picked":"Calling Bell"}],"items_purged_floors":[7],"is_endless":false,"potions_floor_spawned":[1,6,12,16],"killed_by":"3 Cultists","ascension_level":18}