{"gold_per_floor":[213,213,36,50,63,96,96,127,127,302,302,302,302,337,337,337],"floor_reached":16,"playtime":594,"items_purged":[],"score":162,"play_id":"956c9e75-746f-4ec8-aaa0-2347a879280c","local_time":"20190615185023","is_ascension_mode":true,"campfire_choices":[{"data":"Searing Blow","floor":7,"key":"SMITH"},{"data":"Dark Shackles","floor":12,"key":"SMITH"},{"data":"Bash","floor":15,"key":"SMITH"}],"neow_cost":"NONE","seed_source_timestamp":34800989317856,"circlet_count":0,"master_deck":["Strike_R","Strike_R","Strike_R","Strike_R","Strike_R","Defend_R","Defend_R","Defend_R","Defend_R","Bash+1","Spot Weakness","Dark Shackles+1","Feel No Pain","Searing Blow+1","Burning Pact","Heavy Blade","Cleave","Doubt","Pommel Strike"],"relics":["Burning Blood","PreservedInsect","Mummified Hand","Smiling Mask","Meat on the Bone","Golden Idol","Paper Frog"],"potions_floor_usage":[6,14,14,16,16],"damage_taken":[{"damage":3,"enemies":"2 Louse","floor":1,"turns":2},{"damage":6,"enemies":"Cultist","floor":4,"turns":4},{"damage":0,"enemies":"Small Slimes","floor":5,"turns":4},{"damage":23,"enemies":"Lagavulin","floor":6,"turns":7},{"damage":26,"enemies":"3 Sentries","floor":8,"turns":7},{"damage":13,"enemies":"Gremlin Nob","floor":14,"turns":4},{"damage":37,"enemies":"The Guardian","floor":16,"turns":9}],"seed_played":"-6234550992339519366","potions_obtained":[{"floor":2,"key":"EssenceOfSteel"},{"floor":2,"key":"Swift Potion"},{"floor":2,"key":"Dexterity Potion"},{"floor":5,"key":"Energy Potion"},{"floor":8,"key":"Block Potion"},{"floor":14,"key":"Explosive Potion"}],"is_trial":false,"path_per_floor":["M","?","$","M","M","E","R","E","T","?","?","R","?","E","R","B"],"character_chosen":"IRONCLAD","items_purchased":["Dark Shackles","Feel No Pain"],"campfire_rested":0,"item_purchase_floors":[3,3],"current_hp_per_floor":[75,75,75,75,80,63,63,43,43,43,31,31,31,36,36,0],"gold":337,"neow_bonus":"HUNDRED_GOLD","is_prod":false,"is_daily":false,"chose_seed":false,"campfire_upgraded":3,"win_rate":0,"timestamp":1560642623,"path_taken":["M","?","$","?","M","E","R","E","T","?","?","R","?","E","R","BOSS"],"build_version":"2019-01-23","purchased_purges":0,"victory":false,"max_hp_per_floor":[80,80,80,80,80,80,80,80,80,80,80,80,74,74,74,74],"card_choices":[{"not_picked":["Iron Wave","Hemokinesis"],"picked":"Spot Weakness","floor":1},{"not_picked":["Heavy Blade","Armaments"],"picked":"Searing Blow","floor":4},{"not_picked":["Twin Strike","Pommel Strike"],"picked":"Burning Pact","floor":5},{"not_picked":["Blood for Blood","Clash"],"picked":"Heavy Blade","floor":6},{"not_picked":["Thunderclap","Warcry"],"picked":"Cleave","floor":8},{"not_picked":["Brutality","Carnage"],"picked":"Pommel Strike","floor":14}],"player_experience":336182,"relics_obtained":[{"floor":6,"key":"PreservedInsect"},{"floor":8,"key":"Mummified Hand"},{"floor":9,"key":"Smiling Mask"},{"floor":14,"key":"Paper Frog"}],"event_choices":[{"damage_healed":0,"gold_gain":0,"player_choice":"Got Potions","damage_taken":0,"max_hp_gain":0,"max_hp_loss":0,"event_name":"Lab","floor":2,"gold_loss":0},{"damage_healed":0,"gold_gain":175,"player_choice":"AGREE","damage_taken":0,"max_hp_gain":0,"max_hp_loss":0,"event_name":"Liars Game","floor":10,"gold_loss":0,"cards_obtained":["Doubt"]},{"damage_healed":0,"gold_gain":0,"player_choice":"Success","damage_taken":12,"relics_obtained":["Meat on the Bone"],"max_hp_gain":0,"max_hp_loss":0,"event_name":"Scrap Ooze","floor":11,"gold_loss":0},{"damage_healed":0,"gold_gain":0,"player_choice":"Lose Max HP","damage_taken":0,"relics_obtained":["Golden Idol"],"max_hp_gain":0,"max_hp_loss":6,"event_name":"Golden Idol","floor":13,"gold_loss":0}],"is_beta":false,"boss_relics":[],"items_purged_floors":[],"is_endless":false,"potions_floor_spawned":[5,8,14],"killed_by":"The Guardian","ascension_level":8}