{"gold_per_floor":[115,40,54,8,27,54,70,98,98,98,110,110,124,151,151,151],"floor_reached":16,"playtime":604,"items_purged":["Strike_R"],"score":214,"play_id":"2491ad22-8f2e-41c2-8acb-1c19763fb124","local_time":"20190629175728","is_ascension_mode":true,"campfire_choices":[{"data":"Hemokinesis","floor":10,"key":"SMITH"},{"data":"Shrug It Off","floor":12,"key":"SMITH"},{"floor":15,"key":"REST"}],"neow_cost":"NONE","seed_source_timestamp":101374868625804,"circlet_count":0,"master_deck":["AscendersBane","Strike_R","Strike_R","Strike_R","Strike_R","Defend_R","Defend_R","Defend_R","Defend_R","Bash","Shrug It Off+1","Pommel Strike","Shrug It Off","Hemokinesis+1","Power Through","Clothesline","Burning Pact","Headbutt","Fiend Fire"],"relics":["Burning Blood","NeowsBlessing","Pear","Sundial","Letter Opener","Mercury Hourglass"],"potions_floor_usage":[6,8,8],"damage_taken":[{"damage":0,"enemies":"Cultist","floor":1,"turns":1},{"damage":0,"enemies":"Jaw Worm","floor":3,"turns":1},{"damage":0,"enemies":"Small Slimes","floor":5,"turns":1},{"damage":18,"enemies":"Gremlin Nob","floor":6,"turns":4},{"damage":3,"enemies":"2 Fungi Beasts","floor":7,"turns":4},{"damage":25,"enemies":"3 Sentries","floor":8,"turns":6},{"damage":6,"enemies":"Exordium Wildlife","floor":11,"turns":4},{"damage":9,"enemies":"Looter","floor":13,"turns":3},{"damage":37,"enemies":"Lagavulin","floor":14,"turns":6},{"damage":48,"enemies":"Slime Boss","floor":16,"turns":7}],"seed_played":"6934784181694692545","potions_obtained":[{"floor":1,"key":"Block Potion"},{"floor":3,"key":"Explosive Potion"},{"floor":7,"key":"Strength Potion"},{"floor":14,"key":"SneckoOil"}],"is_trial":false,"path_per_floor":["M","$","M","$","M","E","M","E","T","R","M","R","M","E","R","B"],"character_chosen":"IRONCLAD","items_purchased":["Shrug It Off"],"campfire_rested":1,"item_purchase_floors":[4],"current_hp_per_floor":[74,74,75,75,75,73,76,57,57,57,57,57,54,23,48,0],"gold":151,"neow_bonus":"THREE_ENEMY_KILL","is_prod":false,"is_daily":false,"chose_seed":false,"campfire_upgraded":2,"win_rate":0,"timestamp":1561849048,"path_taken":["M","?","M","$","M","E","M","E","T","R","M","R","M","E","R","BOSS"],"build_version":"2019-01-23","purchased_purges":1,"victory":false,"max_hp_per_floor":[75,75,75,75,75,85,85,85,85,85,85,85,85,85,85,85],"card_choices":[{"not_picked":["Pummel","Body Slam"],"picked":"Shrug It Off","floor":1},{"not_picked":["Burning Pact","Sever Soul"],"picked":"Pommel Strike","floor":3},{"not_picked":["Intimidate","Infernal Blade"],"picked":"Hemokinesis","floor":5},{"not_picked":["Dropkick","Evolve"],"picked":"Power Through","floor":6},{"not_picked":["Sword Boomerang","Anger"],"picked":"Clothesline","floor":7},{"not_picked":["Havoc","Evolve","Reckless Charge"],"picked":"SKIP","floor":8},{"not_picked":["Body Slam","Warcry"],"picked":"Burning Pact","floor":11},{"not_picked":["Shrug It Off","Burning Pact"],"picked":"Headbutt","floor":13},{"not_picked":["Wild Strike","Warcry"],"picked":"Fiend Fire","floor":14}],"player_experience":424438,"relics_obtained":[{"floor":6,"key":"Pear"},{"floor":8,"key":"Sundial"},{"floor":9,"key":"Letter Opener"},{"floor":14,"key":"Mercury Hourglass"}],"event_choices":[],"is_beta":false,"boss_relics":[],"items_purged_floors":[2],"is_endless":false,"potions_floor_spawned":[1,3,7,14],"killed_by":"Slime Boss","ascension_level":15}