{"gold_per_floor":[112,112,132,144,43,72,72,102,102,118,130,130,205,217,217,314,314,332,431,445,460,489,489,499,499,524,524,537,537,537,571,571,571],"floor_reached":33,"playtime":1405,"items_purged":["Strike_B"],"score":346,"play_id":"33ccee66-cb1a-4c5f-95e3-567cf2ae69c0","local_time":"20181015233112","is_ascension_mode":true,"campfire_choices":[{"data":"Dualcast","floor":7,"key":"SMITH"},{"floor":12,"key":"REST"},{"floor":15,"key":"REST"},{"data":"Conserve Battery","floor":23,"key":"SMITH"},{"floor":27,"key":"REST"},{"data":"Steam","floor":30,"key":"SMITH"},{"data":"Steam","floor":32,"key":"SMITH"}],"neow_cost":"NONE","seed_source_timestamp":124242898032126,"circlet_count":0,"master_deck":["Defend_B","Defend_B","Defend_B","Defend_B","Zap","Dualcast+1","Conserve Battery+1","Consume","Ball Lightning+1","Beam Cell+1","Core Surge+1","FTL+1","Leap","Gash+1","All For One+1","Reprogram+1","Barrage+1","Go for the Eyes+1","Melter+1","Gash+1","Streamline+1","Steam+1","Steam+1"],"relics":["Cracked Core","NeowsBlessing","Molten Egg 2","Shuriken","Pantograph","Symbiotic Virus","Astrolabe","Red Mask","Regal Pillow","Mummified Hand","PreservedInsect"],"potions_floor_usage":[16,25,31,31],"damage_taken":[{"damage":0,"enemies":"Cultist","floor":1,"turns":1},{"damage":0,"enemies":"Small Slimes","floor":3,"turns":1},{"damage":0,"enemies":"2 Louse","floor":4,"turns":1},{"damage":21,"enemies":"3 Sentries","floor":6,"turns":6},{"damage":23,"enemies":"Lagavulin","floor":8,"turns":5},{"damage":1,"enemies":"Looter","floor":10,"turns":2},{"damage":6,"enemies":"2 Fungi Beasts","floor":11,"turns":2},{"damage":14,"enemies":"Exordium Thugs","floor":14,"turns":3},{"damage":44,"enemies":"Hexaghost","floor":16,"turns":6},{"damage":3,"enemies":"3 Byrds","floor":18,"turns":4},{"damage":0,"enemies":"Chosen","floor":20,"turns":3},{"damage":6,"enemies":"3 Cultists","floor":21,"turns":4},{"damage":30,"enemies":"Masked Bandits","floor":22,"turns":4},{"damage":21,"enemies":"Snake Plant","floor":24,"turns":3},{"damage":0,"enemies":"Colosseum Slavers","floor":25,"turns":2},{"damage":5,"enemies":"Sentry and Sphere","floor":28,"turns":3},{"damage":29,"enemies":"Slavers","floor":31,"turns":4},{"damage":48,"enemies":"Automaton","floor":33,"turns":6}],"seed_played":"-3613335146071476946","potions_obtained":[{"floor":4,"key":"Regen Potion"},{"floor":6,"key":"Weak Potion"},{"floor":11,"key":"Weak Potion"},{"floor":16,"key":"FearPotion"},{"floor":21,"key":"AttackPotion"},{"floor":28,"key":"SteroidPotion"},{"floor":31,"key":"SteroidPotion"}],"is_trial":false,"path_per_floor":["M","?","M","M","$","E","R","E","T","M","M","R","?","M","R","B",null,"M","?","M","M","?","R","M","?","T","R","M","T","R","E","R"],"character_chosen":"DEFECT","items_purchased":["Beam Cell+1"],"campfire_rested":3,"item_purchase_floors":[5],"current_hp_per_floor":[75,63,63,63,63,42,42,19,19,18,12,34,23,9,31,27,63,60,60,60,54,24,24,3,3,3,40,35,35,35,6,6,0],"gold":571,"neow_bonus":"THREE_ENEMY_KILL","is_prod":false,"is_daily":false,"chose_seed":false,"campfire_upgraded":4,"win_rate":0,"timestamp":1539667872,"path_taken":["M","?","?","M","$","E","R","E","T","M","M","R","?","M","R","BOSS","M","?","?","M","?","R","M","?","T","R","M","?","R","E","R","BOSS"],"build_version":"2018-10-11","purchased_purges":1,"victory":false,"max_hp_per_floor":[75,75,75,75,75,75,75,75,75,75,75,75,75,75,75,75,75,75,75,75,75,75,75,75,75,75,75,75,75,75,75,75,75],"card_choices":[{"not_picked":["Sweeping Beam","Stack"],"picked":"Conserve Battery","floor":1},{"not_picked":["Defragment","Compile Driver+1"],"picked":"Consume","floor":3},{"not_picked":["Cold Snap+1","Steam Power"],"picked":"Ball Lightning+1","floor":4},{"not_picked":["Conserve Battery","Hologram"],"picked":"Core Surge+1","floor":6},{"not_picked":["White Noise","Static Discharge","Glacier"],"picked":"SKIP","floor":8},{"not_picked":["Hello World","Consume"],"picked":"FTL+1","floor":10},{"not_picked":["Force Field","Rip and Tear+1"],"picked":"Leap","floor":11},{"not_picked":["Hologram","Redo"],"picked":"Gash+1","floor":14},{"not_picked":["Steam","Hello World+1"],"picked":"Go for the Eyes+1","floor":18},{"not_picked":["Go for the Eyes+1","Ball Lightning+1"],"picked":"Melter+1","floor":20},{"not_picked":["Go for the Eyes+1","Steam"],"picked":"Gash+1","floor":21},{"not_picked":["Tempest","Heatsinks"],"picked":"Streamline+1","floor":22},{"not_picked":["Rip and Tear+1","Tempest","Buffer"],"picked":"SKIP","floor":24},{"not_picked":["Barrage+1","Melter+1"],"picked":"Steam","floor":28},{"not_picked":["Meteor Strike+1","Chaos"],"picked":"Steam","floor":31}],"player_experience":99223,"relics_obtained":[{"floor":6,"key":"Shuriken"},{"floor":8,"key":"Pantograph"},{"floor":9,"key":"Symbiotic Virus"},{"floor":22,"key":"Red Mask"},{"floor":26,"key":"Regal Pillow"},{"floor":29,"key":"Mummified Hand"},{"floor":31,"key":"PreservedInsect"}],"event_choices":[{"event_name":"Scrap Ooze","player_choice":"success","floor":2,"damage_taken":12},{"event_name":"World of Goop","player_choice":"Gather Gold","floor":13,"damage_taken":0},{"event_name":"Nest","player_choice":"Stole From Cult","floor":19,"damage_taken":0},{"event_name":"Masked Bandits","player_choice":"Fought Bandits","floor":22,"damage_taken":0},{"event_name":"Colosseum","player_choice":"Fight","floor":25,"damage_taken":0},{"event_name":"Colosseum","player_choice":"Fled From Nobs","floor":25,"damage_taken":0}],"is_beta":true,"boss_relics":[{"not_picked":["Philosopher\u0027s Stone","Black Star"],"picked":"Astrolabe"}],"items_purged_floors":[5],"is_endless":false,"potions_floor_spawned":[4,6,11,16,21,28,31],"killed_by":"Automaton","ascension_level":5}