{"gold_per_floor":[111,261,2,2,16,16,44,44,97,116,135,135,162,193,193,193],"floor_reached":16,"playtime":502,"items_purged":["Doubt"],"score":205,"play_id":"ea18b783-f5ae-4264-bf97-e59f08a5fe2a","local_time":"20190712012549","is_ascension_mode":true,"campfire_choices":[{"data":"True Grit","floor":6,"key":"SMITH"},{"data":"Combust","floor":8,"key":"SMITH"},{"floor":12,"key":"REST"},{"data":"Shockwave","floor":15,"key":"SMITH"}],"neow_cost":"NONE","seed_source_timestamp":112868904940900,"circlet_count":0,"master_deck":["AscendersBane","Strike_R","Strike_R","Strike_R","Strike_R","Strike_R","Defend_R","Defend_R","Defend_R","Defend_R","Bash","True Grit","Spot Weakness","Cleave","Combust+1","True Grit+1","Shockwave+1","Shrug It Off","Barricade","Whirlwind","Demon Form"],"relics":["Burning Blood","Red Skull","Potion Belt","Odd Mushroom","Anchor"],"potions_floor_usage":[16,16],"damage_taken":[{"damage":4,"enemies":"2 Louse","floor":1,"turns":3},{"damage":1,"enemies":"Cultist","floor":5,"turns":3},{"damage":67,"enemies":"Gremlin Nob","floor":7,"turns":5},{"damage":6,"enemies":"Small Slimes","floor":10,"turns":2},{"damage":12,"enemies":"Looter","floor":11,"turns":3},{"damage":11,"enemies":"The Mushroom Lair","floor":13,"turns":3},{"damage":13,"enemies":"3 Sentries","floor":14,"turns":4},{"damage":34,"enemies":"Hexaghost","floor":16,"turns":9}],"seed_played":"-7325452702013439868","potions_obtained":[{"floor":7,"key":"Strength Potion"},{"floor":11,"key":"SteroidPotion"}],"is_trial":false,"path_per_floor":["M","?","$","?","M","R","E","R","T","M","M","R","?","E","R","B"],"character_chosen":"IRONCLAD","items_purchased":["Spot Weakness","Cleave","Combust"],"campfire_rested":1,"item_purchase_floors":[3,3,3],"current_hp_per_floor":[70,70,70,85,85,85,24,24,24,24,18,43,38,31,31,0],"gold":193,"neow_bonus":"ONE_RANDOM_RARE_CARD","is_prod":false,"is_daily":false,"chose_seed":false,"campfire_upgraded":3,"win_rate":0,"timestamp":1562912749,"path_taken":["M","?","$","?","M","R","E","R","T","?","M","R","?","E","R","BOSS"],"build_version":"2019-07-05","purchased_purges":1,"victory":false,"max_hp_per_floor":[75,75,75,85,85,85,85,85,85,85,85,85,85,85,85,85],"card_choices":[{"not_picked":["Clothesline","Evolve"],"picked":"True Grit","floor":1},{"not_picked":["Flex","Thunderclap"],"picked":"True Grit","floor":5},{"not_picked":["True Grit","Shrug It Off"],"picked":"Shockwave","floor":7},{"not_picked":["Carnage","Body Slam"],"picked":"Shrug It Off","floor":10},{"not_picked":["Metallicize","Havoc"],"picked":"Barricade","floor":11},{"not_picked":["Anger","Headbutt"],"picked":"Whirlwind","floor":13},{"not_picked":["Flex","Shrug It Off"],"picked":"Demon Form","floor":14}],"player_experience":475458,"relics_obtained":[{"floor":7,"key":"Red Skull"},{"floor":9,"key":"Potion Belt"},{"floor":13,"key":"Odd Mushroom"},{"floor":14,"key":"Anchor"}],"event_choices":[{"damage_healed":0,"gold_gain":150,"player_choice":"AGREE","damage_taken":0,"max_hp_gain":0,"max_hp_loss":0,"event_name":"Liars Game","floor":2,"gold_loss":0,"cards_obtained":["Doubt"]},{"cards_removed":["Berserk"],"damage_healed":5,"gold_gain":0,"player_choice":"Offered Rare","damage_taken":0,"max_hp_gain":10,"max_hp_loss":0,"event_name":"Bonfire Elementals","floor":4,"gold_loss":0},{"damage_healed":0,"gold_gain":0,"player_choice":"Fought Mushrooms","damage_taken":0,"max_hp_gain":0,"max_hp_loss":0,"event_name":"Mushrooms","floor":13,"gold_loss":0}],"is_beta":false,"boss_relics":[],"items_purged_floors":[3],"is_endless":false,"potions_floor_spawned":[7,11],"killed_by":"Hexaghost","ascension_level":18}