{"gold_per_floor":[367,367,367,386,219,219,254,254,254,254,273,297,311,332,332,421,421,439,175,195,245,245,281,281,294,594,340,340,340,373,394,394,394],"floor_reached":33,"playtime":1102,"items_purged":[],"score":570,"play_id":"81472273-bcab-4d53-9771-fb17143718e0","local_time":"20190803145149","is_ascension_mode":true,"campfire_choices":[{"data":"Sunder","floor":6,"key":"SMITH"},{"floor":8,"key":"REST"},{"floor":10,"key":"REST"},{"floor":15,"key":"REST"},{"floor":24,"key":"REST"},{"floor":29,"key":"REST"},{"floor":32,"key":"REST"}],"neow_cost":"CURSE","seed_source_timestamp":1016094859914600,"circlet_count":0,"master_deck":["AscendersBane","Strike_B","Strike_B","Strike_B","Strike_B","Defend_B+1","Defend_B","Defend_B","Defend_B","Zap+1","Dualcast","Beam Cell","Sunder+1","Auto Shields","Ball Lightning","Go for the Eyes","Machine Learning","Genetic Algorithm+1","Coolheaded"],"relics":["Cracked Core","Golden Idol","Blood Vial","The Courier","Gremlin Horn","Busted Crown","Thread and Needle","Pear","Old Coin","Happy Flower","Regal Pillow","War Paint","Dodecahedron"],"potions_floor_usage":[13,16,18,20,23,30],"damage_taken":[{"damage":18,"enemies":"Small Slimes","floor":1,"turns":3},{"damage":2,"enemies":"Jaw Worm","floor":4,"turns":3},{"damage":35,"enemies":"Lagavulin","floor":7,"turns":4},{"damage":0,"enemies":"2 Louse","floor":11,"turns":2},{"damage":6,"enemies":"Large Slime","floor":12,"turns":5},{"damage":9,"enemies":"Exordium Wildlife","floor":13,"turns":5},{"damage":9,"enemies":"3 Louse","floor":14,"turns":2},{"damage":45,"enemies":"The Guardian","floor":16,"turns":10},{"damage":7,"enemies":"Chosen","floor":18,"turns":4},{"damage":2,"enemies":"Shell Parasite","floor":20,"turns":3},{"damage":34,"enemies":"Gremlin Leader","floor":23,"turns":6},{"damage":21,"enemies":"Snake Plant","floor":25,"turns":5},{"damage":43,"enemies":"Book of Stabbing","floor":30,"turns":6},{"damage":4,"enemies":"Chosen and Byrds","floor":31,"turns":7},{"damage":90,"enemies":"Champ","floor":33,"turns":13}],"seed_played":"-4464652135153783203","potions_obtained":[{"floor":12,"key":"Weak Potion"},{"floor":13,"key":"FearPotion"},{"floor":14,"key":"Ancient Potion"},{"floor":16,"key":"Weak Potion"},{"floor":20,"key":"AttackPotion"},{"floor":25,"key":"Block Potion"}],"is_trial":false,"path_per_floor":["M","?","?","M","$","R","E","R","T","R","M","M","M","M","R","B",null,"M","$","M","?","?","E","R","M","T","$","T","R","E","M","R","B"],"character_chosen":"DEFECT","items_purchased":["Blood Vial","Thread and Needle","Happy Flower","Regal Pillow"],"campfire_rested":6,"item_purchase_floors":[5,19,27,27],"current_hp_per_floor":[46,46,46,44,44,44,11,30,30,49,51,47,40,33,52,9,50,45,45,45,45,45,23,45,26,26,26,26,63,22,20,57,0],"gold":394,"neow_bonus":"TWO_FIFTY_GOLD","is_prod":false,"is_daily":false,"chose_seed":false,"campfire_upgraded":1,"win_rate":0,"timestamp":1564836709,"path_taken":["M","?","?","M","?","R","E","R","T","R","M","M","M","M","R","BOSS","M","$","M","?","?","E","R","M","T","$","?","R","E","M","R","BOSS"],"build_version":"2019-07-17","purchased_purges":0,"victory":false,"max_hp_per_floor":[71,64,64,64,64,64,64,64,64,64,64,64,64,64,64,64,64,64,64,64,64,64,74,74,74,74,74,74,74,74,74,74,74],"card_choices":[{"not_picked":["Streamline","Cold Snap"],"picked":"Beam Cell","floor":1},{"not_picked":["Cold Snap","Coolheaded"],"picked":"Sunder","floor":4},{"not_picked":["Genetic Algorithm","Stack"],"picked":"Auto Shields","floor":7},{"not_picked":["Darkness","Hologram","Rebound"],"picked":"SKIP","floor":11},{"not_picked":["Rip and Tear","Scrape","Aggregate"],"picked":"SKIP","floor":12},{"not_picked":["Beam Cell","Compile Driver"],"picked":"Ball Lightning","floor":13},{"not_picked":["Storm","Darkness"],"picked":"Go for the Eyes","floor":14},{"not_picked":["Buffer","Hyperbeam"],"picked":"Machine Learning","floor":16},{"not_picked":[],"picked":"Genetic Algorithm+1","floor":18},{"not_picked":["Steam"],"picked":"SKIP","floor":20},{"not_picked":["Aggregate"],"picked":"SKIP","floor":23},{"not_picked":["Compile Driver"],"picked":"SKIP","floor":25},{"not_picked":[],"picked":"Coolheaded","floor":30},{"not_picked":["Rebound"],"picked":"SKIP","floor":31}],"player_experience":397717,"relics_obtained":[{"floor":7,"key":"The Courier"},{"floor":9,"key":"Gremlin Horn"},{"floor":23,"key":"Pear"},{"floor":26,"key":"Old Coin"},{"floor":28,"key":"War Paint"},{"floor":30,"key":"Dodecahedron"}],"event_choices":[{"damage_healed":0,"gold_gain":0,"player_choice":"Lose Max HP","damage_taken":0,"relics_obtained":["Golden Idol"],"max_hp_gain":0,"max_hp_loss":7,"event_name":"Golden Idol","floor":2,"gold_loss":0},{"cards_removed":["Pain"],"damage_healed":0,"gold_gain":0,"player_choice":"Forget","damage_taken":0,"max_hp_gain":0,"max_hp_loss":0,"event_name":"Living Wall","floor":3,"gold_loss":0},{"damage_healed":0,"gold_gain":50,"player_choice":"Stole From Cult","damage_taken":0,"max_hp_gain":0,"max_hp_loss":0,"event_name":"Nest","floor":21,"gold_loss":0},{"damage_healed":0,"gold_gain":0,"player_choice":"Ignored","damage_taken":0,"max_hp_gain":0,"max_hp_loss":0,"event_name":"The Mausoleum","floor":22,"gold_loss":0}],"is_beta":false,"boss_relics":[{"not_picked":["Fusion Hammer","Runic Dome"],"picked":"Busted Crown"}],"items_purged_floors":[],"is_endless":false,"potions_floor_spawned":[12,13,14,16,20,25],"killed_by":"Champ","ascension_level":20}