{"gold_per_floor":[113,3,3,24,24,24,24,62,62,62],"floor_reached":10,"playtime":395,"items_purged":["Strike_R"],"score":93,"play_id":"3d110478-b646-4cb6-a3eb-638ede120eca","local_time":"20190621140434","is_ascension_mode":true,"campfire_choices":[{"data":"Flame Barrier","floor":6,"key":"SMITH"}],"neow_cost":"PERCENT_DAMAGE","seed_source_timestamp":153668292153890,"circlet_count":0,"master_deck":["Strike_R","Strike_R","Strike_R","Strike_R","Defend_R","Defend_R","Defend_R","Defend_R","Bash","Flame Barrier+1","Ghostly Armor","Clothesline","Fiend Fire"],"relics":["Burning Blood","Peace Pipe","Golden Idol","Bronze Scales","Smiling Mask","Oddly Smooth Stone"],"potions_floor_usage":[10],"damage_taken":[{"damage":13,"enemies":"Small Slimes","floor":1,"turns":5},{"damage":5,"enemies":"2 Louse","floor":4,"turns":6},{"damage":19,"enemies":"Lagavulin","floor":8,"turns":9},{"damage":38,"enemies":"3 Sentries","floor":10,"turns":7}],"seed_played":"7400439853126037586","potions_obtained":[{"floor":1,"key":"SpeedPotion"},{"floor":8,"key":"EntropicBrew"}],"is_trial":false,"path_per_floor":["M","$","?","M","?","R","$","E","T","E"],"character_chosen":"IRONCLAD","items_purchased":["Ghostly Armor"],"campfire_rested":0,"item_purchase_floors":[2],"current_hp_per_floor":[44,44,44,45,42,42,42,29,29,0],"gold":62,"neow_bonus":"ONE_RARE_RELIC","is_prod":false,"is_daily":false,"chose_seed":false,"campfire_upgraded":1,"win_rate":0,"timestamp":1561143874,"path_taken":["M","$","?","M","?","R","?","E","T","E"],"build_version":"2019-01-23","purchased_purges":1,"victory":false,"max_hp_per_floor":[80,80,74,74,74,74,74,74,74,74],"card_choices":[{"not_picked":["Perfected Strike","True Grit"],"picked":"Flame Barrier","floor":1},{"not_picked":["Headbutt","Sever Soul"],"picked":"Clothesline","floor":4},{"not_picked":["Iron Wave","Havoc"],"picked":"Fiend Fire","floor":8}],"player_experience":358203,"relics_obtained":[{"floor":8,"key":"Smiling Mask"},{"floor":9,"key":"Oddly Smooth Stone"}],"event_choices":[{"damage_healed":0,"gold_gain":0,"player_choice":"Lose Max HP","damage_taken":0,"relics_obtained":["Golden Idol"],"max_hp_gain":0,"max_hp_loss":6,"event_name":"Golden Idol","floor":3,"gold_loss":0},{"damage_healed":0,"gold_gain":0,"player_choice":"Success","damage_taken":3,"relics_obtained":["Bronze Scales"],"max_hp_gain":0,"max_hp_loss":0,"event_name":"Scrap Ooze","floor":5,"gold_loss":0}],"is_beta":false,"boss_relics":[],"items_purged_floors":[2],"is_endless":false,"potions_floor_spawned":[1,8],"killed_by":"3 Sentries","ascension_level":9}