{"gold_per_floor":[117,192,209,222,222,222,241,241,267,267,297,297,297,33,33,110,110,121,121,121,37,37,37,64,78,155,155],"floor_reached":27,"playtime":685,"items_purged":[],"score":420,"play_id":"571d57b4-d8c9-4645-9be7-5d301a46030c","local_time":"20190730220506","is_ascension_mode":true,"campfire_choices":[{"floor":6.0,"key":"REST"},{"data":"Zap","floor":10.0,"key":"SMITH"},{"floor":13,"key":"REST"},{"floor":15,"key":"REST"},{"floor":23,"key":"REST"}],"neow_cost":"PERCENT_DAMAGE","seed_source_timestamp":696864647453100,"circlet_count":0,"master_deck":["AscendersBane","Strike_B+1","Strike_B+1","Strike_B+1","Strike_B+1","Defend_B+1","Defend_B+1","Defend_B+1","Defend_B+1","Zap+1","Dualcast+1","Consume+1","Gash","All For One","Zap","Echo Form","Gash+1","Defragment","Decay","Sweeping Beam+1"],"special_seed":0,"relics":["Cracked Core","Lantern","Bag of Preparation","Molten Egg 2","Busted Crown","War Paint","The Courier"],"potions_floor_usage":[16,16,18],"damage_taken":[{"damage":12.0,"enemies":"Jaw Worm","floor":1.0,"turns":4.0},{"damage":7.0,"enemies":"2 Louse","floor":3.0,"turns":4.0},{"damage":7.0,"enemies":"Cultist","floor":4.0,"turns":4.0},{"damage":27.0,"enemies":"Large Slime","floor":7.0,"turns":7.0},{"damage":30,"enemies":"Lagavulin","floor":11,"turns":7},{"damage":56,"enemies":"Hexaghost","floor":16,"turns":8},{"damage":22,"enemies":"Shell Parasite","floor":18,"turns":5},{"damage":45,"enemies":"Book of Stabbing","floor":24,"turns":5},{"damage":11,"enemies":"Spheric Guardian","floor":25,"turns":3},{"damage":27,"enemies":"Colosseum Slavers","floor":27,"turns":1}],"seed_played":"-8555852418638066731","potions_obtained":[{"floor":1.0,"key":"Ancient Potion"},{"floor":4.0,"key":"FocusPotion"},{"floor":11,"key":"Block Potion"},{"floor":16,"key":"Block Potion"}],"is_trial":false,"path_per_floor":["M","?","M","M","?","R","M","?","T","R","E","?","R","$","R","B",null,"M","$","?","$","?","R","E","M","T","?"],"character_chosen":"DEFECT","items_purchased":["Molten Egg 2","Defragment"],"campfire_rested":4,"item_purchase_floors":[14,21],"current_hp_per_floor":[48,37,30,23,23,48,21,49,49,49,19,19,44,44,69,13,67,45,45,45,45,45,70,25,14,14,0],"gold":155,"neow_bonus":"TWENTY_PERCENT_HP_BONUS","is_prod":false,"is_daily":false,"chose_seed":false,"campfire_upgraded":1,"win_rate":0,"timestamp":1564517106,"path_taken":["M","?","M","M","?","R","?","?","T","R","E","?","R","$","R","BOSS","M","$","?","$","?","R","E","M","T","?"],"build_version":"2019-07-17","purchased_purges":0,"victory":false,"max_hp_per_floor":[85,85,85,85,85,85,85,85,85,85,85,85,85,85,85,85,85,85,85,85,85,85,85,85,85,85,85],"card_choices":[{"not_picked":["Go for the Eyes","Lockon"],"picked":"Consume","floor":1.0},{"not_picked":["Redo","Heatsinks"],"picked":"Gash","floor":3.0},{"not_picked":["Turbo","Barrage","Rip and Tear"],"picked":"SKIP","floor":4.0},{"not_picked":["Lockon","Streamline","Rebound"],"picked":"SKIP","floor":7.0},{"not_picked":["Skim","Reboot","Rainbow"],"picked":"SKIP","floor":11},{"not_picked":["Reboot","Machine Learning"],"picked":"Echo Form","floor":16},{"not_picked":[],"picked":"Gash+1","floor":18},{"not_picked":[],"picked":"Sweeping Beam+1","floor":24},{"not_picked":["Sweeping Beam+1"],"picked":"SKIP","floor":25}],"player_experience":382632,"relics_obtained":[{"floor":9.0,"key":"Lantern"},{"floor":11,"key":"Bag of Preparation"},{"floor":24,"key":"War Paint"},{"floor":26,"key":"The Courier"}],"event_choices":[{"damage_healed":0.0,"max_hp_gain":0.0,"max_hp_loss":0.0,"gold_gain":75.0,"event_name":"World of Goop","player_choice":"Gather Gold","floor":2.0,"gold_loss":0.0,"damage_taken":11.0},{"damage_healed":0.0,"max_hp_gain":0.0,"max_hp_loss":0.0,"gold_gain":0.0,"event_name":"Match and Keep!","player_choice":"2 cards matched","floor":5.0,"gold_loss":0.0,"damage_taken":0.0,"cards_obtained":["All For One","Zap"]},{"damage_healed":28.0,"max_hp_gain":0.0,"max_hp_loss":0.0,"gold_gain":0.0,"event_name":"Big Fish","player_choice":"Banana","floor":8.0,"gold_loss":0.0,"damage_taken":0.0},{"damage_healed":0,"gold_gain":0,"player_choice":"Ignored","damage_taken":0,"max_hp_gain":0,"max_hp_loss":0,"event_name":"Shining Light","floor":12,"gold_loss":0},{"damage_healed":0,"gold_gain":0,"player_choice":"Simplicity","damage_taken":0,"max_hp_gain":0,"max_hp_loss":0,"event_name":"Back to Basics","floor":20,"gold_loss":0,"cards_upgraded":["Strike_B","Strike_B","Strike_B","Strike_B","Defend_B","Defend_B","Defend_B","Defend_B"]},{"damage_healed":0,"gold_gain":0,"player_choice":"Smashed Altar","damage_taken":0,"max_hp_gain":0,"max_hp_loss":0,"event_name":"Forgotten Altar","floor":22,"gold_loss":0,"cards_obtained":["Decay"]},{"damage_healed":0,"gold_gain":0,"player_choice":"Fight","damage_taken":0,"max_hp_gain":0,"max_hp_loss":0,"event_name":"Colosseum","floor":27,"gold_loss":0}],"is_beta":false,"boss_relics":[{"not_picked":["Velvet Choker","Pandora\u0027s Box"],"picked":"Busted Crown"}],"items_purged_floors":[],"is_endless":false,"potions_floor_spawned":[1,4,7,11,16],"killed_by":"Colosseum Slavers","ascension_level":17}