{"gold_per_floor":[111,128,128,140,156,184,184,208,208,208,234,264,318,318,318,447,447,461,481,54,75,75],"floor_reached":22,"playtime":2775,"items_purged":["Injury"],"score":186,"play_id":"10df3689-45b0-4a59-81bc-48ba379602a5","local_time":"20190707220953","is_ascension_mode":false,"campfire_choices":[{"floor":10,"key":"REST"},{"data":"Shrug It Off","floor":15,"key":"SMITH"}],"neow_cost":"NONE","seed_source_timestamp":1389055616615924,"circlet_count":0,"master_deck":["Strike_R","Strike_R","Strike_R","Strike_R","Strike_R","Defend_R","Defend_R","Defend_R","Bash","Heavy Blade+1","Whirlwind","Armaments","Shrug It Off+1","Shrug It Off","Headbutt+1","Combust+1","Reaper","Power Through","Magnetism+1","Disarm+1"],"relics":["White Beast Statue","Frozen Egg 2","Ancient Tea Set","Golden Idol","Whetstone","Omamori","Runic Pyramid","Blood Vial"],"potions_floor_usage":[6,6,6,16,16,21],"damage_taken":[{"damage":15,"enemies":"Jaw Worm","floor":1,"turns":4},{"damage":1,"enemies":"Cultist","floor":2,"turns":3},{"damage":0,"enemies":"Small Slimes","floor":4,"turns":3},{"damage":8,"enemies":"3 Louse","floor":5,"turns":4},{"damage":16,"enemies":"Lagavulin","floor":6,"turns":10},{"damage":8,"enemies":"2 Fungi Beasts","floor":8,"turns":3},{"damage":51,"enemies":"Hexaghost","floor":16,"turns":11},{"damage":6,"enemies":"3 Byrds","floor":18,"turns":5},{"damage":63,"enemies":"Spheric Guardian","floor":19,"turns":10},{"damage":40,"enemies":"Snake Plant","floor":21,"turns":6},{"damage":6,"enemies":"Centurion and Healer","floor":22,"turns":3}],"seed_played":"-2405213013114002662","potions_obtained":[{"floor":1,"key":"Explosive Potion"},{"floor":2,"key":"AttackPotion"},{"floor":4,"key":"AttackPotion"},{"floor":5,"key":"Ancient Potion"},{"floor":6,"key":"Block Potion"},{"floor":8,"key":"Ancient Potion"},{"floor":16,"key":"SteroidPotion"},{"floor":18,"key":"SteroidPotion"},{"floor":19,"key":"BloodPotion"},{"floor":21,"key":"SkillPotion"}],"is_trial":false,"path_per_floor":["M","M","?","M","M","E","?","M","T","R","T","?","?","?","R","B",null,"M","M","$","M","M"],"character_chosen":"IRONCLAD","items_purchased":["Blood Vial","Magnetism+1"],"campfire_rested":1,"item_purchase_floors":[20,20],"current_hp_per_floor":[65,64,64,64,56,40,40,32,32,56,56,56,56,56,56,5,80,80,17,17,3,0],"gold":75,"neow_bonus":"BOSS_RELIC","is_prod":false,"is_daily":false,"chose_seed":false,"campfire_upgraded":1,"win_rate":0.0,"timestamp":1562551793,"path_taken":["M","M","?","M","?","E","?","M","T","R","?","?","?","?","R","BOSS","M","M","$","?","M"],"build_version":"2019-07-05","purchased_purges":1,"victory":false,"max_hp_per_floor":[80,80,80,80,80,80,80,80,80,80,80,80,80,80,80,80,80,80,80,80,80,80],"card_choices":[{"not_picked":["Blood for Blood","Dual Wield"],"picked":"Heavy Blade","floor":1},{"not_picked":["Thunderclap","Hemokinesis"],"picked":"Whirlwind","floor":2},{"not_picked":["Flex","Corruption+1"],"picked":"Armaments","floor":4},{"not_picked":["Dual Wield","Reckless Charge"],"picked":"Shrug It Off","floor":5},{"not_picked":["Armaments","Anger"],"picked":"Shrug It Off","floor":6},{"not_picked":["Disarm","Searing Blow"],"picked":"Headbutt","floor":8},{"not_picked":["Double Tap","Bludgeon"],"picked":"Reaper","floor":16},{"not_picked":["Body Slam","Armaments"],"picked":"Power Through","floor":18},{"not_picked":["Whirlwind","Sever Soul","Thunderclap"],"picked":"SKIP","floor":19},{"not_picked":["Body Slam","Thunderclap"],"picked":"Disarm+1","floor":21}],"player_experience":28913,"relics_obtained":[{"floor":6,"key":"Ancient Tea Set"},{"floor":9,"key":"Whetstone"},{"floor":11,"key":"Omamori"}],"event_choices":[{"damage_healed":0,"gold_gain":0,"player_choice":"Gave Potion","damage_taken":0,"relics_obtained":["Frozen Egg 2"],"max_hp_gain":0,"max_hp_loss":0,"event_name":"WeMeetAgain","floor":3,"gold_loss":0},{"damage_healed":0,"gold_gain":0,"player_choice":"Take Wound","damage_taken":0,"relics_obtained":["Golden Idol"],"max_hp_gain":0,"max_hp_loss":0,"event_name":"Golden Idol","floor":7,"gold_loss":0,"cards_obtained":["Injury"]},{"damage_healed":0,"gold_gain":30,"player_choice":"Searched \u00272\u0027 times","damage_taken":0,"max_hp_gain":0,"max_hp_loss":0,"event_name":"Dead Adventurer","floor":12,"gold_loss":0},{"damage_healed":0,"gold_gain":54,"player_choice":"Gained Gold","damage_taken":0,"max_hp_gain":0,"max_hp_loss":0,"event_name":"Golden Wing","floor":13,"gold_loss":0},{"damage_healed":0,"gold_gain":0,"cards_transformed":["Defend_R"],"player_choice":"Transformed","damage_taken":0,"max_hp_gain":0,"max_hp_loss":0,"event_name":"Transmorgrifier","floor":14,"gold_loss":0,"cards_obtained":["Combust"]}],"is_beta":false,"boss_relics":[{"not_picked":["Tiny House","Mark of Pain"],"picked":"Runic Pyramid"}],"items_purged_floors":[20],"is_endless":false,"potions_floor_spawned":[1,2,4,5,6,8,16,18,19,21],"killed_by":"Centurion and Healer","ascension_level":0}