{"gold_per_floor":[117,136,136,149,159,159,173,173,173,123,157,168,168,93,93,196,196,211,111,111,124,124,124,124,124,202,232,243,274,291,291,291,387,387,403,423,437,450,465,465,500,500,500,10,29,29,45,56,56,56,56,56,56,82,82],"floor_reached":55,"playtime":4371,"items_purged":["Defend_B","Defend_B","Meteor Strike"],"score":716,"play_id":"db1adfa3-3a42-493b-97ba-2da3b69f8d78","local_time":"20190108005421","is_ascension_mode":false,"campfire_choices":[{"data":"Dualcast","floor":6,"key":"SMITH"},{"data":"Buffer","floor":8,"key":"SMITH"},{"data":"Redo","floor":13,"key":"SMITH"},{"data":"Cold Snap","floor":15,"key":"SMITH"},{"data":"RitualDagger","floor":23,"key":"SMITH"},{"data":"Scrape","floor":25,"key":"SMITH"},{"data":"Defragment","floor":32,"key":"SMITH"},{"data":"Static Discharge","floor":40,"key":"SMITH"},{"data":"Amplify","floor":42,"key":"SMITH"},{"data":"Capacitor","floor":46,"key":"SMITH"},{"floor":49,"key":"RECALL"},{"data":"Force Field","floor":52,"key":"SMITH"}],"neow_cost":"NONE","seed_source_timestamp":1497687392689119,"circlet_count":0,"master_deck":["Zap+1","Dualcast+1","Cold Snap+1","Redo+1","Coolheaded","Machine Learning","Buffer+1","Auto Shields","Leap","Amplify+1","Self Repair","RitualDagger+1","Scrape+1","Go for the Eyes","Storm","Defragment+1","Echo Form","Static Discharge+1","Sunder","Reprogram","Force Field+1","Turbo+1","Hologram+1","BootSequence","Force Field","Coolheaded+1","Core Surge","Capacitor+1","Chill+1","Redo+1","Cold Snap+1","Static Discharge+1"],"relics":["Cracked Core","Letter Opener","Boot","Sozu","Emotion Chip","Mummified Hand","Meat on the Bone","Pandora\u0027s Box","Ancient Tea Set","Orichalcum","Calipers","Cables"],"potions_floor_usage":[27,27,27],"damage_taken":[{"damage":0,"enemies":"2 Louse","floor":1,"turns":2},{"damage":4,"enemies":"Jaw Worm","floor":2,"turns":3},{"damage":0,"enemies":"Small Slimes","floor":4,"turns":2},{"damage":0,"enemies":"3 Louse","floor":5,"turns":2},{"damage":0,"enemies":"Looter","floor":7,"turns":3},{"damage":0,"enemies":"Lagavulin","floor":11,"turns":7},{"damage":30,"enemies":"Gremlin Gang","floor":12,"turns":4},{"damage":6,"enemies":"Hexaghost","floor":16,"turns":12},{"damage":13,"enemies":"Spheric Guardian","floor":18,"turns":4},{"damage":3,"enemies":"Shell Parasite","floor":21,"turns":11},{"damage":11,"enemies":"Slavers","floor":27,"turns":6},{"damage":11,"enemies":"Shelled Parasite and Fungi","floor":28,"turns":7},{"damage":7,"enemies":"Book of Stabbing","floor":29,"turns":7},{"damage":7,"enemies":"Cultist and Chosen","floor":30,"turns":7},{"damage":13,"enemies":"Collector","floor":33,"turns":15},{"damage":6,"enemies":"Orb Walker","floor":35,"turns":3},{"damage":18,"enemies":"3 Darklings","floor":36,"turns":4},{"damage":0,"enemies":"Maw","floor":37,"turns":5},{"damage":24,"enemies":"Spire Growth","floor":38,"turns":5},{"damage":11,"enemies":"3 Darklings","floor":39,"turns":7},{"damage":6,"enemies":"Nemesis","floor":41,"turns":7},{"damage":0,"enemies":"Sphere and 2 Shapes","floor":45,"turns":5},{"damage":0,"enemies":"Transient","floor":47,"turns":5},{"damage":2,"enemies":"Spire Growth","floor":48,"turns":6},{"damage":33,"enemies":"Awakened One","floor":50,"turns":11},{"damage":6,"enemies":"Shield and Spear","floor":54,"turns":9},{"damage":82,"enemies":"The Heart","floor":55,"turns":5}],"seed_played":"-667632784328230608","potions_obtained":[{"floor":4,"key":"Block Potion"},{"floor":11,"key":"FocusPotion"},{"floor":12,"key":"EssenceOfSteel"},{"floor":16,"key":"FocusPotion"}],"is_trial":false,"path_per_floor":["M","M","?","M","M","R","M","R","T","?","E","M","R","$","R","B",null,"M","$","?","M","?","R","?","R","T","E","M","E","M","T","R","B",null,"M","M","M","M","M","R","E","R","T","$","M","R","M","M","R","B",null,"R","$","E","B"],"character_chosen":"DEFECT","items_purchased":["Calipers","Capacitor"],"campfire_rested":0,"item_purchase_floors":[44,44],"current_hp_per_floor":[75,71,76,76,76,76,76,76,76,76,76,46,46,46,46,40,80,67,67,61,72,72,72,72,72,72,61,57,64,71,71,71,65,80,80,69,76,59,62,62,63,63,63,63,70,70,77,80,80,54,80,80,80,80,0],"gold":82,"neow_bonus":"UPGRADE_CARD","is_prod":false,"is_daily":false,"chose_seed":false,"campfire_upgraded":11,"win_rate":0,"timestamp":1546934061,"path_taken":["M","M","?","M","M","R","M","R","T","?","E","M","R","$","R","BOSS","M","$","?","M","?","R","?","R","T","E","M","E","M","?","R","BOSS","M","?","M","M","M","R","E","R","T","$","M","R","?","?","R","BOSS","R","$","E","BOSS"],"build_version":"2019-01-03v4","purchased_purges":3,"victory":false,"max_hp_per_floor":[75,75,80,80,80,80,80,80,80,80,80,80,80,80,80,80,80,80,80,80,80,80,80,80,80,80,80,80,80,80,80,80,80,80,80,80,80,80,80,80,80,80,80,80,80,80,80,80,80,80,80,80,80,80,80],"card_choices":[{"not_picked":["Gash","Sweeping Beam"],"picked":"Cold Snap","floor":1},{"not_picked":["Turbo","Beam Cell"],"picked":"Redo","floor":2},{"not_picked":["Compile Driver","Turbo"],"picked":"Coolheaded","floor":4},{"not_picked":["Steam","Hologram"],"picked":"Machine Learning","floor":5},{"not_picked":["Aggregate","Rebound"],"picked":"Buffer","floor":7},{"not_picked":["Go for the Eyes","Rebound"],"picked":"Auto Shields","floor":11},{"not_picked":["Sweeping Beam","Beam Cell"],"picked":"Leap","floor":12},{"not_picked":["Biased Cognition","Reboot"],"picked":"Amplify","floor":16},{"not_picked":["Streamline+1","Barrage"],"picked":"Self Repair","floor":18},{"not_picked":["Steam Power","Compile Driver"],"picked":"Scrape","floor":21},{"not_picked":["Stack","Skim"],"picked":"Go for the Eyes","floor":27},{"not_picked":["Aggregate+1","Static Discharge","Reinforced Body"],"picked":"SKIP","floor":28},{"not_picked":["Steam","Rebound+1"],"picked":"Storm","floor":29},{"not_picked":["Skim","Barrage"],"picked":"Defragment","floor":30},{"not_picked":["Seek","Machine Learning"],"picked":"Echo Form","floor":33},{"not_picked":["Hologram","Self Repair"],"picked":"Turbo+1","floor":35},{"not_picked":["Beam Cell+1","Sweeping Beam+1"],"picked":"Hologram+1","floor":36},{"not_picked":["Streamline","Cold Snap"],"picked":"BootSequence","floor":37},{"not_picked":["BootSequence","Rebound"],"picked":"Force Field","floor":38},{"not_picked":["Redo+1","Doom and Gloom"],"picked":"Coolheaded+1","floor":39},{"not_picked":["Rebound","Turbo"],"picked":"Core Surge","floor":41},{"not_picked":["Coolheaded","Stack"],"picked":"Chill+1","floor":45},{"not_picked":["Coolheaded+1","Consume"],"picked":"Redo+1","floor":47},{"not_picked":["Streamline+1","Steam"],"picked":"Cold Snap+1","floor":48},{"not_picked":["Reinforced Body","Rebound+1"],"picked":"Static Discharge+1","floor":54}],"player_experience":230981,"relics_obtained":[{"floor":9,"key":"Letter Opener"},{"floor":11,"key":"Boot"},{"floor":27,"key":"Emotion Chip"},{"floor":29,"key":"Mummified Hand"},{"floor":31,"key":"Meat on the Bone"},{"floor":41,"key":"Ancient Tea Set"},{"floor":43,"key":"Orichalcum"},{"floor":54,"key":"Cables"}],"event_choices":[{"damage_healed":0,"gold_gain":0,"player_choice":"Donut","damage_taken":0,"max_hp_gain":5,"max_hp_loss":0,"event_name":"Big Fish","floor":3,"gold_loss":0},{"cards_removed":["Strike_B"],"damage_healed":0,"gold_gain":0,"player_choice":"Card Removal","damage_taken":0,"max_hp_gain":0,"max_hp_loss":0,"event_name":"The Cleric","floor":10,"gold_loss":50},{"damage_healed":0,"gold_gain":0,"player_choice":"Joined the Cult","damage_taken":6,"max_hp_gain":0,"max_hp_loss":0,"event_name":"Nest","floor":20,"gold_loss":0,"cards_obtained":["RitualDagger"]},{"damage_healed":0,"gold_gain":0,"player_choice":"Ignored","damage_taken":0,"max_hp_gain":0,"max_hp_loss":0,"event_name":"Vampires","floor":22,"gold_loss":0},{"damage_healed":0,"gold_gain":0,"player_choice":"Ignored","damage_taken":0,"max_hp_gain":0,"max_hp_loss":0,"event_name":"The Mausoleum","floor":24,"gold_loss":0}],"is_beta":true,"boss_relics":[{"not_picked":["Eternal Feather","Ectoplasm"],"picked":"Sozu"},{"not_picked":["Velvet Choker","Fusion Hammer"],"picked":"Pandora\u0027s Box"}],"items_purged_floors":[14,19,44],"is_endless":false,"potions_floor_spawned":[4,11,12,16,18,29,33,38,41,45],"killed_by":"The Heart","ascension_level":0}