{"gold_per_floor":[113,133,58,58,58,58,85,85,85,118,43,62,5,15,15,91,91,109,80,80],"floor_reached":20,"playtime":792,"items_purged":["Strike_R"],"score":383,"play_id":"b300183e-1c91-439b-a516-c1fea09658bd","local_time":"20190702214335","is_ascension_mode":true,"campfire_choices":[{"data":"Havoc","floor":6,"key":"SMITH"},{"data":"Seeing Red","floor":8,"key":"SMITH"},{"data":"Inflame","floor":15,"key":"SMITH"}],"neow_cost":"NONE","seed_source_timestamp":373959227649854,"circlet_count":0,"master_deck":["AscendersBane","Bash","Sword Boomerang","Havoc+1","Headbutt","Seeing Red+1","True Grit","Inflame+1","Pommel Strike","Rage","Limit Break","Feel No Pain","Havoc","Fiend Fire","Impervious","Sentinel","Corruption","Body Slam+1","Inflame"],"relics":["Burning Blood","NeowsBlessing","Kunai","War Paint","Bottled Lightning","Pandora\u0027s Box"],"potions_floor_usage":[16,18],"damage_taken":[{"damage":0,"enemies":"Jaw Worm","floor":1,"turns":1},{"damage":0,"enemies":"Small Slimes","floor":2,"turns":1},{"damage":0,"enemies":"Gremlin Nob","floor":7,"turns":1},{"damage":39,"enemies":"Lagavulin","floor":10,"turns":8},{"damage":0,"enemies":"2 Louse","floor":12,"turns":2},{"damage":0,"enemies":"Large Slime","floor":14,"turns":4},{"damage":62,"enemies":"Hexaghost","floor":16,"turns":11},{"damage":6,"enemies":"3 Byrds","floor":18,"turns":3},{"damage":44,"enemies":"2 Thieves","floor":19,"turns":5},{"damage":37,"enemies":"Masked Bandits","floor":20,"turns":2}],"seed_played":"7976782233330715315","potions_obtained":[{"floor":1,"key":"LiquidBronze"},{"floor":12,"key":"BloodPotion"},{"floor":19,"key":"Energy Potion"}],"is_trial":false,"path_per_floor":["M","M","$","?","?","R","E","R","T","E","?","M","$","M","R","B",null,"M","M","?"],"character_chosen":"IRONCLAD","items_purchased":["Pommel Strike"],"campfire_rested":0,"item_purchase_floors":[13],"current_hp_per_floor":[74,75,75,75,80,80,80,80,80,47,47,53,53,59,59,23,66,66,28,0],"gold":80,"neow_bonus":"THREE_ENEMY_KILL","is_prod":false,"is_daily":false,"chose_seed":false,"campfire_upgraded":3,"win_rate":0,"timestamp":1562121815,"path_taken":["M","M","$","?","?","R","E","R","T","E","?","M","$","M","R","BOSS","M","M","?"],"build_version":"2019-07-01","purchased_purges":1,"victory":false,"max_hp_per_floor":[75,75,75,75,80,80,80,80,80,80,80,80,80,80,80,80,80,80,80,80],"card_choices":[{"not_picked":["Evolve","Sentinel"],"picked":"Sword Boomerang","floor":1},{"not_picked":["Thunderclap","Anger"],"picked":"Havoc","floor":2},{"not_picked":["Dual Wield","Perfected Strike"],"picked":"Seeing Red","floor":7},{"not_picked":["Perfected Strike","Flex"],"picked":"True Grit","floor":10},{"not_picked":["True Grit","Barricade"],"picked":"Inflame","floor":12},{"not_picked":["Warcry","Clothesline"],"picked":"Rage","floor":14},{"not_picked":["Fiend Fire","Exhume"],"picked":"Limit Break","floor":16},{"not_picked":["Warcry","Anger"],"picked":"Body Slam+1","floor":18},{"not_picked":["Double Tap","Body Slam"],"picked":"Inflame","floor":19}],"player_experience":444003,"relics_obtained":[{"floor":7,"key":"Kunai"},{"floor":9,"key":"War Paint"},{"floor":10,"key":"Bottled Lightning"}],"event_choices":[{"damage_healed":0,"gold_gain":0,"cards_transformed":["Strike_R"],"player_choice":"Change","damage_taken":0,"max_hp_gain":0,"max_hp_loss":0,"event_name":"Living Wall","floor":4,"gold_loss":0,"cards_obtained":["Headbutt"]},{"damage_healed":0,"gold_gain":0,"player_choice":"Donut","damage_taken":0,"max_hp_gain":5,"max_hp_loss":0,"event_name":"Big Fish","floor":5,"gold_loss":0},{"cards_removed":["Strike_R"],"damage_healed":0,"gold_gain":0,"player_choice":"Card Removal","damage_taken":0,"max_hp_gain":0,"max_hp_loss":0,"event_name":"The Cleric","floor":11,"gold_loss":75},{"damage_healed":0,"gold_gain":0,"player_choice":"Fought Bandits","damage_taken":0,"max_hp_gain":0,"max_hp_loss":0,"event_name":"Masked Bandits","floor":20,"gold_loss":0}],"is_beta":false,"boss_relics":[{"not_picked":["Black Blood","Empty Cage"],"picked":"Pandora\u0027s Box"}],"items_purged_floors":[3],"is_endless":false,"potions_floor_spawned":[1,12,14,19],"killed_by":"Masked Bandits","ascension_level":17}