{"gold_per_floor":[113,124,143,143,143,174,174,205,256,256,266,266,40,65,65,141,141,155,155,171,23,41,66,66,84,111,140,140,160,160,160],"floor_reached":31,"playtime":1903,"items_purged":["Strike_R","Injury"],"score":525,"play_id":"5ca76f6f-d9d0-4667-9e47-f7f3dc91bdc2","local_time":"20190626214245","is_ascension_mode":true,"campfire_choices":[{"data":"Spot Weakness","floor":7,"key":"SMITH"},{"data":"Spot Weakness","floor":10,"key":"SMITH"},{"data":"Bash","floor":12,"key":"SMITH"},{"data":"True Grit","floor":15,"key":"SMITH"},{"data":"Feed","floor":28,"key":"SMITH"}],"neow_cost":"CURSE","seed_source_timestamp":30770298044106,"circlet_count":0,"master_deck":["AscendersBane","Strike_R","Strike_R","Strike_R","Defend_R","Defend_R","Defend_R","Defend_R","Bash+1","Immolate+1","True Grit+1","Battle Trance","Spot Weakness+1","Impervious","Spot Weakness+1","Iron Wave","Clothesline","Barricade+1","Bloodletting","Headbutt","Feed+1","Demon Form+1","Pain","Shockwave+1","Corruption+1"],"relics":["Burning Blood","Frozen Egg 2","Potion Belt","Vajra","Oddly Smooth Stone","Centennial Puzzle","Cursed Key","Charon\u0027s Ashes","Omamori","Ice Cream","Nilry\u0027s Codex"],"potions_floor_usage":[18,22,23,25,27,27,27],"damage_taken":[{"damage":4,"enemies":"2 Louse","floor":1,"turns":2},{"damage":7,"enemies":"Small Slimes","floor":2,"turns":3},{"damage":17,"enemies":"Jaw Worm","floor":3,"turns":5},{"damage":15,"enemies":"3 Sentries","floor":6,"turns":3},{"damage":14,"enemies":"Gremlin Nob","floor":8,"turns":3},{"damage":15,"enemies":"Exordium Wildlife","floor":11,"turns":2},{"damage":0,"enemies":"3 Sentries","floor":14,"turns":4},{"damage":20,"enemies":"Hexaghost","floor":16,"turns":11},{"damage":4,"enemies":"2 Thieves","floor":18,"turns":4},{"damage":15,"enemies":"Chosen","floor":20,"turns":4},{"damage":0,"enemies":"Sentry and Sphere","floor":22,"turns":3},{"damage":19,"enemies":"Slavers","floor":23,"turns":3},{"damage":11,"enemies":"Centurion and Healer","floor":25,"turns":3},{"damage":17,"enemies":"Gremlin Leader","floor":27,"turns":5},{"damage":18,"enemies":"Snecko","floor":29,"turns":5},{"damage":28,"enemies":"Slavers","floor":31,"turns":1}],"seed_played":"2665866087305232910","potions_obtained":[{"floor":11,"key":"Block Potion"},{"floor":14,"key":"Ancient Potion"},{"floor":16,"key":"Dexterity Potion"},{"floor":20,"key":"SpeedPotion"},{"floor":22,"key":"Explosive Potion"},{"floor":23,"key":"SkillPotion"},{"floor":25,"key":"Block Potion"}],"is_trial":false,"path_per_floor":["M","M","M","?","?","E","R","E","T","R","M","R","$","E","R","B",null,"M","?","M","$","M","E","?","M","T","E","R","M","?","E"],"character_chosen":"IRONCLAD","items_purchased":["Oddly Smooth Stone","Energy Potion"],"campfire_rested":0,"item_purchase_floors":[13,21],"current_hp_per_floor":[74,73,62,62,55,46,46,38,38,38,29,29,29,35,35,21,65,67,67,58,58,64,51,51,49,49,41,41,33,17,0],"gold":160,"neow_bonus":"THREE_RARE_CARDS","is_prod":false,"is_daily":false,"chose_seed":false,"campfire_upgraded":5,"win_rate":0,"timestamp":1561603365,"path_taken":["M","M","M","?","?","E","R","E","T","R","M","R","$","E","R","BOSS","M","?","M","$","M","E","?","M","T","E","R","M","?","E"],"build_version":"2019-01-23","purchased_purges":2,"victory":false,"max_hp_per_floor":[80,80,80,80,80,80,80,80,80,80,80,80,80,80,80,80,80,80,80,80,80,80,80,80,83,83,86,86,90,90,90],"card_choices":[{"not_picked":["Offering","Dark Embrace"],"picked":"Immolate","floor":0},{"not_picked":["Thunderclap","Clothesline"],"picked":"True Grit","floor":1},{"not_picked":["Wild Strike","Whirlwind"],"picked":"Battle Trance","floor":2},{"not_picked":["Warcry","Heavy Blade"],"picked":"Spot Weakness","floor":3},{"not_picked":["Clothesline","Bloodletting"],"picked":"Impervious","floor":6},{"not_picked":["Armaments","Evolve+1"],"picked":"Spot Weakness","floor":8},{"not_picked":["Searing Blow","Havoc"],"picked":"Iron Wave","floor":11},{"not_picked":["Thunderclap","Rupture+1"],"picked":"Clothesline","floor":14},{"not_picked":["Immolate","Reaper"],"picked":"Barricade+1","floor":16},{"not_picked":["Cleave","Sword Boomerang"],"picked":"Bloodletting","floor":18},{"not_picked":["Clothesline","Sword Boomerang"],"picked":"Feed","floor":20},{"not_picked":["Twin Strike","Clash","Anger"],"picked":"SKIP","floor":22},{"not_picked":["Iron Wave","Brutality+1"],"picked":"Demon Form+1","floor":23},{"not_picked":["Wild Strike+1","Perfected Strike","Flex"],"picked":"SKIP","floor":25},{"not_picked":["Body Slam","Seeing Red"],"picked":"Shockwave+1","floor":27},{"not_picked":["Twin Strike","Sword Boomerang"],"picked":"Corruption+1","floor":29}],"player_experience":410696,"relics_obtained":[{"floor":6,"key":"Frozen Egg 2"},{"floor":8,"key":"Potion Belt"},{"floor":9,"key":"Vajra"},{"floor":14,"key":"Centennial Puzzle"},{"floor":23,"key":"Charon\u0027s Ashes"},{"floor":26,"key":"Omamori"},{"floor":27,"key":"Ice Cream"},{"floor":30,"key":"Nilry\u0027s Codex"}],"event_choices":[{"damage_healed":0,"gold_gain":0,"player_choice":"Grow","damage_taken":0,"max_hp_gain":0,"max_hp_loss":0,"event_name":"Living Wall","floor":4,"gold_loss":0,"cards_upgraded":["Immolate"]},{"cards_removed":["Strike_R"],"damage_healed":0,"gold_gain":0,"player_choice":"Card Removal","damage_taken":7,"max_hp_gain":0,"max_hp_loss":0,"event_name":"Golden Wing","floor":5,"gold_loss":0},{"damage_healed":0,"gold_gain":0,"player_choice":"Read","damage_taken":0,"max_hp_gain":0,"max_hp_loss":0,"event_name":"The Library","floor":19,"gold_loss":0,"cards_obtained":["Headbutt"]},{"damage_healed":0,"gold_gain":0,"player_choice":"Ignored","damage_taken":0,"max_hp_gain":0,"max_hp_loss":0,"event_name":"Ghosts","floor":24,"gold_loss":0},{"damage_healed":0,"gold_gain":0,"player_choice":"Obtained Book","damage_taken":16,"max_hp_gain":0,"max_hp_loss":0,"event_name":"Cursed Tome","floor":30,"gold_loss":0}],"is_beta":false,"boss_relics":[{"not_picked":["Black Blood","Ectoplasm"],"picked":"Cursed Key"}],"items_purged_floors":[13,21],"is_endless":false,"potions_floor_spawned":[11,14,16,20,22,23,25],"killed_by":"Slavers","ascension_level":13}