{"gold_per_floor":[111,186,201,217,235,262,262,282,282,282,297,327,327,15,15,15],"floor_reached":16,"playtime":1428,"items_purged":["Injury"],"score":102,"play_id":"816ed6bb-bcfc-4470-97dd-f40dec805f6e","local_time":"20190708192230","is_ascension_mode":false,"campfire_choices":[{"data":"All Out Attack","floor":7,"key":"SMITH"},{"data":"Blade Dance","floor":10,"key":"SMITH"},{"data":"Adrenaline","floor":15,"key":"SMITH"}],"neow_cost":"NONE","seed_source_timestamp":1466761383479345,"circlet_count":0,"master_deck":["Strike_G","Strike_G","Strike_G","Strike_G","Strike_G","Defend_G","Defend_G","Defend_G","Defend_G","Defend_G","Survivor","Neutralize","Dagger Spray","All Out Attack+1","Backflip","Blade Dance+1","Underhanded Strike","Dash","Caltrops","Adrenaline+1","Flash of Steel"],"relics":["Ring of the Snake","NeowsBlessing","Boot","Ginger","Golden Idol"],"potions_floor_usage":[16,16],"damage_taken":[{"damage":0,"enemies":"Cultist","floor":1,"turns":1},{"damage":0,"enemies":"2 Louse","floor":3,"turns":1},{"damage":0,"enemies":"Jaw Worm","floor":4,"turns":1},{"damage":2,"enemies":"Looter","floor":5,"turns":3},{"damage":7,"enemies":"3 Sentries","floor":6,"turns":6},{"damage":0,"enemies":"Exordium Wildlife","floor":8,"turns":1},{"damage":4,"enemies":"Blue Slaver","floor":11,"turns":3},{"damage":51,"enemies":"The Guardian","floor":16,"turns":10}],"seed_played":"4000604424480973597","potions_obtained":[{"floor":1,"key":"Strength Potion"},{"floor":4,"key":"EssenceOfSteel"},{"floor":8,"key":"Energy Potion"}],"is_trial":false,"path_per_floor":["M","?","M","M","M","E","R","M","T","R","M","?","?","$","R","B"],"character_chosen":"THE_SILENT","items_purchased":["Adrenaline","Flash of Steel"],"campfire_rested":0,"item_purchase_floors":[14,14],"current_hp_per_floor":[70,63,63,63,61,54,54,54,54,54,50,50,50,50,50,0],"gold":15,"neow_bonus":"THREE_ENEMY_KILL","is_prod":false,"is_daily":false,"chose_seed":false,"campfire_upgraded":3,"win_rate":0.0,"timestamp":1562628150,"path_taken":["M","?","?","M","M","E","R","M","T","R","M","?","?","$","R","BOSS"],"build_version":"2019-07-05","purchased_purges":1,"victory":false,"max_hp_per_floor":[70,70,70,70,70,70,70,70,70,70,70,70,70,70,70,70],"card_choices":[{"not_picked":["Finisher","Quick Slash"],"picked":"Dagger Spray","floor":1},{"not_picked":["Flying Knee","Distraction"],"picked":"All Out Attack","floor":3},{"not_picked":["Slice","Deadly Poison"],"picked":"Backflip","floor":4},{"not_picked":["Masterful Stab","Dagger Throw"],"picked":"Blade Dance","floor":5},{"not_picked":["Expertise","Slice"],"picked":"Underhanded Strike","floor":6},{"not_picked":["Dagger Spray","All Out Attack"],"picked":"Dash","floor":8},{"not_picked":["Deadly Poison","Deflect"],"picked":"Caltrops","floor":11}],"player_experience":35473,"relics_obtained":[{"floor":6,"key":"Boot"},{"floor":9,"key":"Ginger"}],"event_choices":[{"damage_healed":0,"gold_gain":75,"player_choice":"Touch","damage_taken":7,"max_hp_gain":0,"max_hp_loss":0,"event_name":"FaceTrader","floor":2,"gold_loss":0},{"damage_healed":0,"gold_gain":30,"player_choice":"Searched \u00271\u0027 times","damage_taken":0,"max_hp_gain":0,"max_hp_loss":0,"event_name":"Dead Adventurer","floor":12,"gold_loss":0},{"damage_healed":0,"gold_gain":0,"player_choice":"Take Wound","damage_taken":0,"relics_obtained":["Golden Idol"],"max_hp_gain":0,"max_hp_loss":0,"event_name":"Golden Idol","floor":13,"gold_loss":0,"cards_obtained":["Injury"]}],"is_beta":false,"boss_relics":[],"items_purged_floors":[14],"is_endless":false,"potions_floor_spawned":[1,4,8,11],"killed_by":"The Guardian","ascension_level":0}