{"gold_per_floor":[112,132,57,68,78,90,90,40,91,91,146,146,146,46,46,145,145,160,180,180,180,180,180,180,180,226,238,28,57,57,9,9,107,107,124,137,155,255,130,130,140,140,166,176,190,190,203,219,219,219],"floor_reached":51,"playtime":1787,"items_purged":["Defend_B","Strike_B","Defend_B"],"score":682,"play_id":"9db05de2-0eb7-4f2c-944e-dad10bbcfedb","local_time":"20190730015919","is_ascension_mode":false,"campfire_choices":[{"data":"Zap","floor":7,"key":"SMITH"},{"data":"Tempest","floor":10,"key":"SMITH"},{"data":"Darkness","floor":12,"key":"SMITH"},{"data":"Tempest","floor":15,"key":"SMITH"},{"data":"Darkness","floor":23,"key":"SMITH"},{"data":"Dualcast","floor":25,"key":"SMITH"},{"floor":30,"key":"REST"},{"floor":32,"key":"REST"},{"data":"Thunder Strike","floor":40,"key":"SMITH"},{"data":"Darkness","floor":46,"key":"SMITH"},{"floor":49,"key":"REST"}],"neow_cost":"NONE","seed_source_timestamp":4328137077564,"circlet_count":0,"master_deck":["Defend_B","Zap+1","Dualcast+1","Glacier","Tempest+1","Rebound","All For One","Tempest+1","Darkness+1","Thunder Strike+1","Darkness+1","Core Surge","Lockon","Ball Lightning+1","Ball Lightning","Hologram+1","Compile Driver+1","Darkness+1","Ball Lightning","Ball Lightning+1"],"relics":["Cracked Core","Vajra","Happy Flower","Pantograph","Velvet Choker","Bronze Scales","Chemical X","DataDisk","Sozu","Incense Burner","Anchor"],"potions_floor_usage":[11,16,19,29,33,33,38,38],"damage_taken":[{"damage":0,"enemies":"Small Slimes","floor":1,"turns":2},{"damage":0,"enemies":"2 Louse","floor":2,"turns":2},{"damage":0,"enemies":"Jaw Worm","floor":4,"turns":4},{"damage":7,"enemies":"Large Slime","floor":5,"turns":5},{"damage":0,"enemies":"2 Fungi Beasts","floor":6,"turns":3},{"damage":16,"enemies":"Lagavulin Event","floor":11,"turns":5},{"damage":33,"enemies":"Hexaghost","floor":16,"turns":9},{"damage":10,"enemies":"Spheric Guardian","floor":18,"turns":3},{"damage":6,"enemies":"2 Thieves","floor":19,"turns":3},{"damage":15,"enemies":"Centurion and Healer","floor":27,"turns":4},{"damage":30,"enemies":"Slavers","floor":29,"turns":3},{"damage":20,"enemies":"Automaton","floor":33,"turns":5},{"damage":0,"enemies":"Orb Walker","floor":35,"turns":2},{"damage":0,"enemies":"3 Shapes","floor":36,"turns":2},{"damage":14,"enemies":"Jaw Worm Horde","floor":37,"turns":2},{"damage":0,"enemies":"Mind Bloom Boss Battle","floor":38,"turns":2},{"damage":18,"enemies":"3 Darklings","floor":41,"turns":3},{"damage":0,"enemies":"Transient","floor":44,"turns":5},{"damage":0,"enemies":"Jaw Worm Horde","floor":45,"turns":3},{"damage":6,"enemies":"Writhing Mass","floor":47,"turns":3},{"damage":8,"enemies":"4 Shapes","floor":48,"turns":3},{"damage":73,"enemies":"Awakened One","floor":50,"turns":7}],"seed_played":"-5251487857388164083","potions_obtained":[{"floor":2,"key":"FearPotion"},{"floor":4,"key":"Weak Potion"},{"floor":5,"key":"Weak Potion"},{"floor":11,"key":"Explosive Potion"},{"floor":16,"key":"Weak Potion"},{"floor":29,"key":"Dexterity Potion"},{"floor":33,"key":"LiquidBronze"}],"is_trial":false,"path_per_floor":["M","M","$","M","M","M","R","?","T","R","?","R","?","$","R","B",null,"M","M","?","?","?","R","?","R","T","M","$","E","R","$","R","B",null,"M","M","M","?","$","R","M","?","T","M","M","R","M","M","R","B",null],"character_chosen":"DEFECT","items_purchased":["Chemical X","Dexterity Potion"],"campfire_rested":3,"item_purchase_floors":[28,31],"current_hp_per_floor":[75,75,75,75,68,68,68,68,68,68,52,52,57,57,57,47,80,70,64,64,49,49,49,49,49,49,34,34,4,29,29,54,59,85,85,85,71,85,85,85,67,67,67,67,67,67,61,53,78,12],"gold":219,"neow_bonus":"RANDOM_COMMON_RELIC","is_prod":false,"is_daily":false,"chose_seed":false,"campfire_upgraded":8,"win_rate":0,"timestamp":1564473559,"path_taken":["M","M","$","M","M","M","R","?","T","R","?","R","?","$","R","BOSS","M","M","?","?","?","R","?","R","T","M","$","E","R","?","R","BOSS","M","?","M","?","?","R","M","?","T","M","?","R","M","M","R","BOSS"],"build_version":"2019-07-17","purchased_purges":3,"victory":true,"max_hp_per_floor":[75,75,75,75,75,75,75,75,75,75,75,75,80,80,80,80,80,80,80,80,85,85,85,85,85,85,85,85,85,85,85,85,85,85,85,85,85,85,85,85,85,85,85,85,85,85,85,85,85,85],"card_choices":[{"not_picked":["Compile Driver","Barrage"],"picked":"Glacier","floor":1},{"not_picked":["Rebound","Gash"],"picked":"Tempest","floor":2},{"not_picked":["Cold Snap","Hologram"],"picked":"Rebound","floor":4},{"not_picked":["Sweeping Beam","Leap"],"picked":"All For One","floor":5},{"not_picked":["Stack","Streamline"],"picked":"Tempest","floor":6},{"not_picked":["Streamline","Beam Cell"],"picked":"Darkness","floor":11},{"not_picked":["Amplify","Multi-Cast"],"picked":"Thunder Strike","floor":16},{"not_picked":["Rebound","Go for the Eyes"],"picked":"Darkness","floor":18},{"not_picked":["Stack","Hologram","Compile Driver"],"picked":"SKIP","floor":19},{"not_picked":["Coolheaded","Streamline","Melter"],"picked":"SKIP","floor":27},{"not_picked":["Heatsinks","Rebound"],"picked":"Ball Lightning+1","floor":29},{"not_picked":["Conserve Battery+1","Stack+1","Go for the Eyes+1"],"picked":"SKIP","floor":35},{"not_picked":["Fusion+1","Streamline+1"],"picked":"Ball Lightning","floor":36},{"not_picked":["Steam","Leap","Gash"],"picked":"SKIP","floor":37},{"not_picked":["Amplify","Barrage"],"picked":"Hologram+1","floor":38},{"not_picked":["Streamline","Gash+1"],"picked":"Compile Driver+1","floor":41},{"not_picked":["Blizzard+1","Genetic Algorithm+1","Conserve Battery"],"picked":"SKIP","floor":44},{"not_picked":["Go for the Eyes+1","Beam Cell"],"picked":"Darkness","floor":45},{"not_picked":["Turbo+1","Barrage+1"],"picked":"Ball Lightning","floor":47},{"not_picked":["Leap+1","Steam+1"],"picked":"Ball Lightning+1","floor":48}],"player_experience":1593467,"relics_obtained":[{"floor":9,"key":"Happy Flower"},{"floor":26,"key":"Bronze Scales"},{"floor":29,"key":"DataDisk"},{"floor":38,"key":"Incense Burner"},{"floor":43,"key":"Anchor"}],"event_choices":[{"cards_removed":["Strike_B"],"damage_healed":0,"gold_gain":0,"player_choice":"Card Removal","damage_taken":0,"max_hp_gain":0,"max_hp_loss":0,"event_name":"The Cleric","floor":8,"gold_loss":50},{"damage_healed":0,"gold_gain":0,"player_choice":"Searched \u00273\u0027 times","damage_taken":0,"relics_obtained":["Pantograph"],"max_hp_gain":0,"max_hp_loss":0,"event_name":"Dead Adventurer","floor":11,"gold_loss":0},{"damage_healed":0,"gold_gain":0,"player_choice":"Donut","damage_taken":0,"max_hp_gain":5,"max_hp_loss":0,"event_name":"Big Fish","floor":13,"gold_loss":0},{"damage_healed":0,"gold_gain":0,"player_choice":"Ignored","damage_taken":0,"max_hp_gain":0,"max_hp_loss":0,"event_name":"Vampires","floor":20,"gold_loss":0},{"damage_healed":0,"gold_gain":0,"player_choice":"Shed Blood","damage_taken":20,"max_hp_gain":5,"max_hp_loss":0,"event_name":"Forgotten Altar","floor":21,"gold_loss":0},{"damage_healed":0,"gold_gain":0,"cards_transformed":["Strike_B","Defend_B"],"player_choice":"Became Test Subject","damage_taken":0,"max_hp_gain":0,"max_hp_loss":0,"event_name":"Drug Dealer","floor":22,"gold_loss":0,"cards_obtained":["Core Surge","Lockon"]},{"cards_removed":["Strike_B"],"damage_healed":0,"gold_gain":0,"player_choice":"Elegance","damage_taken":0,"max_hp_gain":0,"max_hp_loss":0,"event_name":"Back to Basics","floor":24,"gold_loss":0},{"damage_healed":0,"gold_gain":0,"player_choice":"Fight","damage_taken":0,"max_hp_gain":0,"max_hp_loss":0,"event_name":"MindBloom","floor":38,"gold_loss":0},{"damage_healed":0,"gold_gain":0,"player_choice":"Got Potions","damage_taken":0,"max_hp_gain":0,"max_hp_loss":0,"event_name":"Lab","floor":42,"gold_loss":0}],"is_beta":false,"boss_relics":[{"not_picked":["Inserter","Ectoplasm"],"picked":"Velvet Choker"},{"not_picked":["Cursed Key","Runic Pyramid"],"picked":"Sozu"}],"items_purged_floors":[3,14,39],"is_endless":false,"potions_floor_spawned":[2,4,5,11,16,29,33,36,38,41,48],"ascension_level":0}