{"gold_per_floor":[14,14,26,37,57,73,73,93,93,93,120,133,162,162,162,260,260,249,249,249,269,289,289,214,226,226,226,141,141,152,181,181,278,278,292,292,292,192,208,208,227,227,281,281,22,34,34,47,47,47,47,47,47,82,82],"floor_reached":55,"playtime":3015,"items_purged":["Strike_B","Defend_B"],"score":724,"play_id":"fd1db254-b9b6-457a-8969-3a2e7c274f37","local_time":"20190613135826","is_ascension_mode":false,"campfire_choices":[{"data":"Zap","floor":7.0,"key":"SMITH"},{"data":"Reinforced Body","floor":10.0,"key":"SMITH"},{"data":"Consume","floor":15.0,"key":"SMITH"},{"data":"Conserve Battery","floor":23.0,"key":"SMITH"},{"data":"Streamline","floor":27.0,"key":"SMITH"},{"data":"Echo Form","floor":29.0,"key":"SMITH"},{"data":"Ball Lightning","floor":32.0,"key":"SMITH"},{"data":"Sunder","floor":40.0,"key":"SMITH"},{"data":"Electrodynamics","floor":42.0,"key":"SMITH"},{"data":"Auto Shields","floor":47,"key":"SMITH"},{"floor":49,"key":"RECALL"},{"data":"Force Field","floor":52,"key":"SMITH"}],"neow_cost":"NO_GOLD","seed_source_timestamp":102023099062000,"circlet_count":0,"master_deck":["Defend_B","Zap+1","Dualcast","Consume+1","Streamline+1","Go for the Eyes","Reinforced Body+1","Conserve Battery+1","Auto Shields+1","FTL","Ball Lightning+1","Echo Form+1","Creative AI","Darkness+1","Reinforced Body+1","Electrodynamics+1","Sunder+1","Chaos+1","Conserve Battery+1","Scrape+1","Stack+1","Doom and Gloom","Force Field+1","Doom and Gloom+1"],"special_seed":0,"relics":["Cracked Core","Bag of Marbles","Emotion Chip","DataDisk","Snecko Eye","Letter Opener","Prayer Wheel","Empty Cage","Potion Belt","Boot","Symbiotic Virus","Shuriken"],"potions_floor_usage":[54,54,55],"damage_taken":[{"damage":0.0,"enemies":"2 Louse","floor":1.0,"turns":2.0},{"damage":1.0,"enemies":"Jaw Worm","floor":3.0,"turns":3.0},{"damage":1.0,"enemies":"Cultist","floor":4.0,"turns":3.0},{"damage":0.0,"enemies":"Large Slime","floor":5.0,"turns":5.0},{"damage":2.0,"enemies":"Blue Slaver","floor":6.0,"turns":4.0},{"damage":13.0,"enemies":"Lots of Slimes","floor":8.0,"turns":3.0},{"damage":12.0,"enemies":"3 Sentries","floor":11.0,"turns":7.0},{"damage":0.0,"enemies":"Gremlin Gang","floor":12.0,"turns":3.0},{"damage":0.0,"enemies":"Gremlin Nob","floor":13.0,"turns":4.0},{"damage":0.0,"enemies":"Slime Boss","floor":16.0,"turns":7.0},{"damage":5.0,"enemies":"2 Thieves","floor":18.0,"turns":4.0},{"damage":2.0,"enemies":"Shell Parasite","floor":21.0,"turns":4.0},{"damage":22.0,"enemies":"Shelled Parasite and Fungi","floor":22.0,"turns":4.0},{"damage":3.0,"enemies":"Snecko","floor":25.0,"turns":3.0},{"damage":5.0,"enemies":"Chosen and Byrds","floor":30.0,"turns":3.0},{"damage":5.0,"enemies":"Slavers","floor":31.0,"turns":5.0},{"damage":13.0,"enemies":"Collector","floor":33.0,"turns":9.0},{"damage":0.0,"enemies":"3 Shapes","floor":35.0,"turns":2.0},{"damage":0.0,"enemies":"Orb Walker","floor":39.0,"turns":3.0},{"damage":7.0,"enemies":"Spire Growth","floor":41.0,"turns":4.0},{"damage":0.0,"enemies":"4 Shapes","floor":46.0,"turns":1.0},{"damage":0,"enemies":"Jaw Worm Horde","floor":48,"turns":3},{"damage":10,"enemies":"Donu and Deca","floor":50,"turns":7},{"damage":14,"enemies":"Shield and Spear","floor":54,"turns":4},{"damage":64,"enemies":"The Heart","floor":55,"turns":5}],"seed_played":"-6364945682056695830","potions_obtained":[{"floor":3.0,"key":"Swift Potion"},{"floor":5.0,"key":"Swift Potion"},{"floor":6.0,"key":"AttackPotion"},{"floor":8.0,"key":"Block Potion"},{"floor":22.0,"key":"Block Potion"},{"floor":33.0,"key":"SkillPotion"},{"floor":54,"key":"Energy Potion"}],"is_trial":false,"path_per_floor":["M","?","M","M","M","M","R","M","T","R","E","M","E","?","R","B",null,"M","?","?","M","M","R","$","M","T","R","?","R","M","E","R","B",null,"M","?","?","$","M","R","M","R","T","?","$","M","R","M","R","B",null,"R","$","E","B"],"character_chosen":"DEFECT","items_purchased":["Symbiotic Virus"],"campfire_rested":0,"item_purchase_floors":[45],"current_hp_per_floor":[75,75,74,73,73,71,71,58,58,58,46,46,46,46,46,46,75,70,70,70,68,46,46,46,43,43,43,43,43,38,33,33,20,75,75,71,71,71,71,71,64,64,64,64,64,64,64,64,64,54,71,71,71,57,0],"gold":82,"neow_bonus":"REMOVE_TWO","is_prod":false,"is_daily":false,"chose_seed":false,"campfire_upgraded":11,"win_rate":0,"timestamp":1560455906,"path_taken":["M","?","M","M","M","M","R","M","T","R","E","M","E","?","R","BOSS","M","?","?","?","M","R","$","M","T","R","?","R","M","E","R","BOSS","M","?","?","$","?","R","M","R","T","?","$","M","R","M","R","BOSS","R","$","E","BOSS"],"build_version":"2019-06-12","purchased_purges":2,"victory":false,"max_hp_per_floor":[75,75,75,75,75,75,75,75,75,75,75,75,75,75,75,75,75,75,75,75,75,75,75,75,75,75,75,75,75,75,75,75,75,75,75,71,71,71,71,71,71,71,71,71,71,71,71,71,71,71,71,71,71,71,71],"card_choices":[{"not_picked":["Hologram","Steam"],"picked":"Consume","floor":1.0},{"not_picked":["Melter","Gash"],"picked":"Streamline","floor":3.0},{"not_picked":["Compile Driver","Force Field"],"picked":"Go for the Eyes","floor":4.0},{"not_picked":["Self Repair","BootSequence"],"picked":"Reinforced Body","floor":5.0},{"not_picked":["Aggregate","Lockon"],"picked":"Conserve Battery","floor":6.0},{"not_picked":["Static Discharge","Aggregate"],"picked":"Auto Shields","floor":8.0},{"not_picked":["Conserve Battery","Blizzard"],"picked":"FTL","floor":11.0},{"not_picked":["Blizzard","Compile Driver"],"picked":"Ball Lightning","floor":12.0},{"not_picked":["Biased Cognition","Sunder"],"picked":"Echo Form","floor":13.0},{"not_picked":["Echo Form","Hyperbeam"],"picked":"Creative AI","floor":16.0},{"not_picked":["Double Energy+1","Auto Shields+1"],"picked":"Ball Lightning+1","floor":18.0},{"not_picked":["Beam Cell","Blizzard","Gash"],"picked":"SKIP","floor":21.0},{"not_picked":["Chill","Hologram"],"picked":"Darkness+1","floor":22.0},{"not_picked":["Skim","Double Energy","Steam"],"picked":"SKIP","floor":25.0},{"not_picked":["Fusion","Stack+1"],"picked":"Reinforced Body+1","floor":30.0},{"not_picked":["Sweeping Beam","Hologram+1","Steam"],"picked":"SKIP","floor":31.0},{"not_picked":["Seek","All For One"],"picked":"Electrodynamics","floor":33.0},{"not_picked":["Ball Lightning","Go for the Eyes+1"],"picked":"Sunder","floor":35.0},{"not_picked":["Cold Snap+1","Rebound"],"picked":"Chaos+1","floor":35.0},{"not_picked":["Turbo+1","Compile Driver"],"picked":"Conserve Battery+1","floor":39.0},{"not_picked":["Coolheaded","Echo Form","Ball Lightning"],"picked":"SKIP","floor":39.0},{"not_picked":["Rebound+1","Leap"],"picked":"Scrape+1","floor":41.0},{"not_picked":["Ball Lightning+1","Beam Cell","Stack"],"picked":"SKIP","floor":41.0},{"not_picked":["Redo","Tempest"],"picked":"Stack+1","floor":46},{"not_picked":["Multi-Cast","Auto Shields+1","Steam Power+1"],"picked":"SKIP","floor":46},{"not_picked":["Fusion+1","Reinforced Body"],"picked":"Doom and Gloom","floor":48},{"not_picked":["Cold Snap","Rebound"],"picked":"Force Field","floor":48},{"not_picked":["Reboot","Rebound"],"picked":"Doom and Gloom+1","floor":54}],"player_experience":260389,"relics_obtained":[{"floor":9.0,"key":"Bag of Marbles"},{"floor":11.0,"key":"Emotion Chip"},{"floor":13.0,"key":"DataDisk"},{"floor":31.0,"key":"Prayer Wheel"},{"floor":43.0,"key":"Boot"},{"floor":54,"key":"Shuriken"}],"event_choices":[{"cards_removed":["Defend_B"],"damage_healed":0.0,"max_hp_gain":0.0,"max_hp_loss":0.0,"gold_gain":0.0,"event_name":"Living Wall","player_choice":"Forget","floor":2.0,"gold_loss":0.0,"damage_taken":0.0},{"damage_healed":0.0,"max_hp_gain":0.0,"max_hp_loss":0.0,"gold_gain":0.0,"event_name":"Liars Game","player_choice":"Ignored","floor":14.0,"gold_loss":0.0,"damage_taken":0.0},{"damage_healed":0.0,"max_hp_gain":0.0,"max_hp_loss":0.0,"gold_gain":0.0,"event_name":"Ghosts","player_choice":"Ignored","floor":19.0,"gold_loss":0.0,"damage_taken":0.0},{"damage_healed":0.0,"max_hp_gain":0.0,"max_hp_loss":0.0,"gold_gain":0.0,"event_name":"Vampires","player_choice":"Ignored","floor":20.0,"gold_loss":0.0,"damage_taken":0.0},{"damage_healed":0.0,"max_hp_gain":0.0,"max_hp_loss":0.0,"gold_gain":0.0,"event_name":"Addict","player_choice":"Obtained Relic","floor":28.0,"gold_loss":85.0,"damage_taken":0.0,"relics_obtained":["Letter Opener"]},{"damage_healed":0.0,"max_hp_gain":0.0,"max_hp_loss":4.0,"gold_gain":0.0,"event_name":"Winding Halls","player_choice":"Max HP","floor":36.0,"gold_loss":0.0,"damage_taken":0.0},{"damage_healed":0.0,"max_hp_gain":0.0,"max_hp_loss":0.0,"gold_gain":0.0,"event_name":"WeMeetAgain","player_choice":"Gave Potion","floor":37.0,"gold_loss":0.0,"damage_taken":0.0,"relics_obtained":["Potion Belt"]},{"cards_removed":["Ball Lightning"],"damage_healed":0.0,"max_hp_gain":0.0,"max_hp_loss":0.0,"gold_gain":0.0,"event_name":"Falling","player_choice":"Removed Attack","floor":44.0,"gold_loss":0.0,"damage_taken":0.0}],"is_beta":true,"boss_relics":[{"not_picked":["Black Star","Ectoplasm"],"picked":"Snecko Eye"},{"not_picked":["Coffee Dripper","Philosopher\u0027s Stone"],"picked":"Empty Cage"}],"items_purged_floors":[24,38],"is_endless":false,"potions_floor_spawned":[3,5,6,8,13,22,31,33,54],"killed_by":"The Heart","ascension_level":0}