{"gold_per_floor":[114,114,127,152,26,26,66,91,137,137,158,158,178,211,211,211],"floor_reached":16,"playtime":480,"items_purged":["Strike_R"],"score":218,"play_id":"ee6a6a86-1635-4ca4-8a84-e529c1348230","local_time":"20190720133352","is_ascension_mode":true,"campfire_choices":[{"data":"Bludgeon","floor":6.0,"key":"SMITH"},{"floor":10.0,"key":"REST"},{"data":"Hemokinesis","floor":15.0,"key":"SMITH"}],"neow_cost":"NONE","seed_source_timestamp":847772855958257,"circlet_count":0,"master_deck":["AscendersBane","Strike_R","Strike_R","Strike_R","Strike_R","Defend_R","Defend_R","Defend_R","Defend_R","Bash","Heavy Blade","Bludgeon+1","True Grit","Impervious","Intimidate","Heavy Blade","Inflame","Hemokinesis+1"],"special_seed":0,"relics":["Burning Blood","NeowsBlessing","Golden Idol","Self Forming Clay","Centennial Puzzle","Lantern","Pantograph"],"potions_floor_usage":[],"damage_taken":[{"damage":0.0,"enemies":"Jaw Worm","floor":1.0,"turns":1.0},{"damage":0.0,"enemies":"2 Louse","floor":3.0,"turns":1.0},{"damage":0.0,"enemies":"Cultist","floor":4.0,"turns":1.0},{"damage":25.0,"enemies":"3 Sentries","floor":7.0,"turns":5.0},{"damage":31.0,"enemies":"Exordium Thugs","floor":8.0,"turns":4.0},{"damage":6.0,"enemies":"2 Fungi Beasts","floor":11.0,"turns":3.0},{"damage":9.0,"enemies":"Blue Slaver","floor":13.0,"turns":2.0},{"damage":29.0,"enemies":"Lagavulin","floor":14.0,"turns":4.0},{"damage":56,"enemies":"Hexaghost","floor":16,"turns":9}],"seed_played":"-5515796642670405243","potions_obtained":[{"floor":3.0,"key":"BloodPotion"},{"floor":11.0,"key":"Dexterity Potion"},{"floor":13.0,"key":"PowerPotion"}],"is_trial":false,"path_per_floor":["M","?","M","M","$","R","E","M","T","R","M","?","M","E","R","B"],"character_chosen":"IRONCLAD","items_purchased":["True Grit"],"campfire_rested":1,"item_purchase_floors":[5],"current_hp_per_floor":[74,48,54,60,60,60,41,16,16,38,38,38,35,30,30,0],"gold":211,"neow_bonus":"THREE_ENEMY_KILL","is_prod":false,"is_daily":false,"chose_seed":false,"campfire_upgraded":2,"win_rate":0,"timestamp":1563647632,"path_taken":["M","?","M","M","$","R","E","M","T","R","M","?","M","E","R","BOSS"],"build_version":"2019-07-17","purchased_purges":1,"victory":false,"max_hp_per_floor":[75,75,75,75,75,75,75,75,75,75,75,75,75,75,75,75],"card_choices":[{"not_picked":["Flex","Iron Wave"],"picked":"Heavy Blade","floor":1.0},{"not_picked":["Perfected Strike","Flex","Body Slam"],"picked":"SKIP","floor":3.0},{"not_picked":["Clothesline","Heavy Blade"],"picked":"Bludgeon","floor":4.0},{"not_picked":["Clash","Uppercut"],"picked":"Impervious","floor":7.0},{"not_picked":["Armaments","Wild Strike"],"picked":"Intimidate","floor":8.0},{"not_picked":["Perfected Strike","Body Slam"],"picked":"Heavy Blade","floor":11.0},{"not_picked":["Cleave","Twin Strike"],"picked":"Inflame","floor":13.0},{"not_picked":["Thunderclap","Clothesline"],"picked":"Hemokinesis","floor":14.0}],"player_experience":508978,"relics_obtained":[{"floor":7.0,"key":"Self Forming Clay"},{"floor":9.0,"key":"Centennial Puzzle"},{"floor":12.0,"key":"Lantern"},{"floor":14.0,"key":"Pantograph"}],"event_choices":[{"damage_healed":0.0,"max_hp_gain":0.0,"max_hp_loss":0.0,"gold_gain":0.0,"event_name":"Golden Idol","player_choice":"Take Damage","floor":2.0,"gold_loss":0.0,"damage_taken":26.0,"relics_obtained":["Golden Idol"]},{"damage_healed":0.0,"max_hp_gain":0.0,"max_hp_loss":0.0,"gold_gain":0.0,"event_name":"Wheel of Change","player_choice":"Relic","floor":12.0,"gold_loss":0.0,"damage_taken":0.0}],"is_beta":false,"boss_relics":[],"items_purged_floors":[5],"is_endless":false,"potions_floor_spawned":[3,11,13],"killed_by":"Hexaghost","ascension_level":19}