{"gold_per_floor":[119,43,43,62,74,107,107,182,182,194,194,194,194,211,211,287,287,301,301,315,43,57,57,87,12,12,23,23,0,0,20,20,91,91,103,121,21,21],"floor_reached":38,"playtime":2189,"items_purged":["Fire Breathing","Flex"],"score":749,"play_id":"81dd5812-4d5f-4e47-b7be-329489174cd1","local_time":"20190717184344","is_ascension_mode":true,"campfire_choices":[{"data":"Rampage","floor":7.0,"key":"SMITH"},{"floor":11.0,"key":"REST"},{"data":"True Grit","floor":13.0,"key":"SMITH"},{"floor":15.0,"key":"REST"},{"floor":23.0,"key":"REST"},{"floor":32.0,"key":"REST"}],"neow_cost":"CURSE","seed_source_timestamp":0,"circlet_count":0,"master_deck":["AscendersBane","Bash","True Grit+1","Rampage+1","Flame Barrier","Headbutt","Inflame","Feel No Pain","Corruption","Fiend Fire","Havoc","Power Through","Seeing Red","Uppercut","Havoc","Bludgeon","Shockwave","Cleave","Juggernaut+1","Shrug It Off","Second Wind","Power Through","True Grit","Intimidate","Exhume","Metallicize","Iron Wave"],"special_seed":0,"relics":["Burning Blood","Unceasing Top","Ornamental Fan","Paper Frog","Pandora\u0027s Box","Pear","Pocketwatch","Black Star"],"potions_floor_usage":[36],"damage_taken":[{"damage":7.0,"enemies":"Cultist","floor":1.0,"turns":4.0},{"damage":7.0,"enemies":"Jaw Worm","floor":4.0,"turns":3.0},{"damage":13.0,"enemies":"Small Slimes","floor":5.0,"turns":4.0},{"damage":53.0,"enemies":"Gremlin Nob","floor":6.0,"turns":5.0},{"damage":5.0,"enemies":"2 Fungi Beasts","floor":10.0,"turns":3.0},{"damage":12.0,"enemies":"Looter","floor":14.0,"turns":3.0},{"damage":15.0,"enemies":"Slime Boss","floor":16.0,"turns":9.0},{"damage":22.0,"enemies":"Spheric Guardian","floor":18.0,"turns":4.0},{"damage":15.0,"enemies":"Chosen","floor":20.0,"turns":6.0},{"damage":26.0,"enemies":"Snecko","floor":22.0,"turns":6.0},{"damage":42.0,"enemies":"Slavers","floor":24.0,"turns":7.0},{"damage":19.0,"enemies":"Snake Plant","floor":27.0,"turns":4.0},{"damage":0.0,"enemies":"Cultist and Chosen","floor":31.0,"turns":3.0},{"damage":32.0,"enemies":"Automaton","floor":33.0,"turns":8.0},{"damage":58,"enemies":"3 Darklings","floor":35,"turns":6},{"damage":11,"enemies":"Orb Walker","floor":36,"turns":3},{"damage":20,"enemies":"Sphere and 2 Shapes","floor":38,"turns":3}],"seed_played":"-5367659995776680489","potions_obtained":[{"floor":1.0,"key":"Regen Potion"},{"floor":5.0,"key":"Energy Potion"},{"floor":20.0,"key":"SteroidPotion"},{"floor":27.0,"key":"Explosive Potion"},{"floor":33.0,"key":"FearPotion"},{"floor":36,"key":"PowerPotion"}],"is_trial":false,"path_per_floor":["M","$","?","M","M","E","R","?","T","M","R","?","R","M","R","B",null,"M","?","M","$","M","R","E","?","T","M","$","?","?","M","R","B",null,"M","M","$","M"],"character_chosen":"IRONCLAD","items_purchased":["Rampage","Juggernaut","Shrug It Off"],"campfire_rested":4,"item_purchase_floors":[2,21,21],"current_hp_per_floor":[67,67,72,71,64,17,17,6,6,16,40,33,33,27,51,42,71,55,55,46,46,26,50,24,24,24,11,11,11,11,17,44,18,72,20,15,15,0],"gold":21,"neow_bonus":"ONE_RARE_RELIC","is_prod":false,"is_daily":false,"chose_seed":false,"campfire_upgraded":2,"win_rate":0,"timestamp":1563407024,"path_taken":["M","$","?","M","M","E","R","?","T","M","R","?","R","M","R","BOSS","M","?","M","$","M","R","E","?","T","M","$","?","?","?","R","BOSS","M","M","$","M"],"build_version":"2019-07-05","purchased_purges":2,"victory":false,"max_hp_per_floor":[75,75,80,80,80,80,80,80,80,80,80,80,80,80,80,80,80,80,80,80,80,80,80,90,90,90,90,90,90,90,90,90,90,90,90,90,90,90],"card_choices":[{"not_picked":["Clothesline","Warcry"],"picked":"True Grit","floor":1.0},{"not_picked":["Twin Strike","Anger"],"picked":"Flame Barrier","floor":4.0},{"not_picked":["Burning Pact","Body Slam"],"picked":"Headbutt","floor":5.0},{"not_picked":["Clothesline","True Grit"],"picked":"Inflame","floor":6.0},{"not_picked":["Barricade","Pommel Strike"],"picked":"Feel No Pain","floor":10.0},{"not_picked":["Iron Wave","Warcry"],"picked":"Corruption","floor":14.0},{"not_picked":["Limit Break","Exhume"],"picked":"Fiend Fire","floor":16.0},{"not_picked":["Reckless Charge","Perfected Strike","Havoc"],"picked":"SKIP","floor":18.0},{"not_picked":["Hemokinesis","Heavy Blade+1"],"picked":"Cleave","floor":20.0},{"not_picked":["Thunderclap","Sword Boomerang"],"picked":"Second Wind","floor":22.0},{"not_picked":["Sentinel","Combust"],"picked":"Power Through","floor":24.0},{"not_picked":["Clash","Flex"],"picked":"True Grit","floor":27.0},{"not_picked":["Clothesline+1","Sword Boomerang"],"picked":"Intimidate","floor":31.0},{"not_picked":["Demon Form","Juggernaut"],"picked":"Exhume","floor":33.0},{"not_picked":["Perfected Strike","Fire Breathing"],"picked":"Metallicize","floor":35},{"not_picked":["Sever Soul","Clash+1"],"picked":"Iron Wave","floor":36}],"player_experience":497721,"relics_obtained":[{"floor":6.0,"key":"Ornamental Fan"},{"floor":9.0,"key":"Paper Frog"},{"floor":24.0,"key":"Pear"},{"floor":26.0,"key":"Pocketwatch"}],"event_choices":[{"damage_healed":0.0,"max_hp_gain":5.0,"max_hp_loss":0.0,"gold_gain":0.0,"event_name":"Big Fish","player_choice":"Donut","floor":3.0,"gold_loss":0.0,"damage_taken":0.0},{"damage_healed":0.0,"max_hp_gain":0.0,"max_hp_loss":0.0,"gold_gain":75.0,"event_name":"World of Goop","player_choice":"Gather Gold","floor":8.0,"gold_loss":0.0,"damage_taken":11.0},{"cards_removed":["Writhe"],"damage_healed":0.0,"max_hp_gain":0.0,"max_hp_loss":0.0,"gold_gain":0.0,"event_name":"Golden Wing","player_choice":"Card Removal","floor":12.0,"gold_loss":0.0,"damage_taken":7.0},{"damage_healed":0.0,"max_hp_gain":0.0,"max_hp_loss":0.0,"gold_gain":0.0,"event_name":"The Library","player_choice":"Read","floor":19.0,"gold_loss":0.0,"damage_taken":0.0,"cards_obtained":["Shockwave"]},{"cards_removed":["Blood for Blood"],"damage_healed":0.0,"max_hp_gain":0.0,"max_hp_loss":0.0,"gold_gain":0.0,"event_name":"Beggar","player_choice":"Gave Gold","floor":25.0,"gold_loss":75.0,"damage_taken":0.0},{"damage_healed":0.0,"max_hp_gain":0.0,"max_hp_loss":0.0,"gold_gain":0.0,"event_name":"Masked Bandits","player_choice":"Paid Fearfully","floor":29.0,"gold_loss":23.0,"damage_taken":0.0},{"damage_healed":0.0,"max_hp_gain":0.0,"max_hp_loss":0.0,"gold_gain":0.0,"event_name":"Accursed Blacksmith","player_choice":"Forge","floor":30.0,"gold_loss":0.0,"damage_taken":0.0,"cards_upgraded":["Juggernaut"]}],"is_beta":false,"boss_relics":[{"not_picked":["Eternal Feather","Lizard Tail"],"picked":"Pandora\u0027s Box"},{"not_picked":["Black Blood","Runic Dome"],"picked":"Black Star"}],"items_purged_floors":[21,37],"is_endless":false,"potions_floor_spawned":[1,5,20,27,33,36],"killed_by":"Sphere and 2 Shapes","ascension_level":18}