{"gold_per_floor":[112,132,151,151,41,41,116,94,94,94,109,137,210,223,223,320,320,333,62,62,79,79,79,129,129,174,185,201,201,228,51,51,148,198,213,224,14,14,14,14,14,14,14,14,44,60,360,373,373,373],"floor_reached":50,"playtime":5082,"items_purged":["Strike_R","Strike_R","Defend_R"],"score":536,"play_id":"e775bb8e-b6cf-4a8c-a515-ded6c46a16c0","local_time":"20190803001507","is_ascension_mode":false,"campfire_choices":[{"floor":6,"key":"REST"},{"floor":10,"key":"REST"},{"floor":15,"key":"REST"},{"floor":23,"key":"REST"},{"data":"Uppercut","floor":25,"key":"SMITH"},{"floor":32,"key":"REST"},{"floor":40,"key":"REST"},{"floor":42,"key":"REST"},{"floor":49,"key":"REST"}],"neow_cost":"","seed_source_timestamp":102132456031800,"circlet_count":0,"master_deck":["Defend_R","Defend_R","Defend_R+1","Bash","Cleave","Iron Wave+1","Thunderclap","Thunderclap","Headbutt","Clothesline","Dropkick+1","Uppercut+1","Brutality","Warcry+1","Shrug It Off","Body Slam","Flex","Metallicize+1","Sword Boomerang","True Grit","Flame Barrier","Demon Form","Anger","Rampage+1","Carnage","Inflame","Twin Strike","Rage+1","Armaments+1","Blood for Blood+1"],"relics":["Burning Blood","Bottled Flame","Pen Nib","Runic Pyramid","Anchor","Enchiridion","Lantern","PreservedInsect","Tiny House","Pantograph","Potion Belt","Red Skull"],"potions_floor_usage":[12,16,16,33,45,45,48,48,50,50],"damage_taken":[{"damage":9,"enemies":"Jaw Worm","floor":1,"turns":5},{"damage":1,"enemies":"2 Louse","floor":2,"turns":3},{"damage":3,"enemies":"Small Slimes","floor":3,"turns":4},{"damage":3,"enemies":"Looter","floor":11,"turns":3},{"damage":16,"enemies":"Gremlin Nob","floor":12,"turns":4},{"damage":9,"enemies":"Exordium Wildlife","floor":14,"turns":4},{"damage":53,"enemies":"The Guardian","floor":16,"turns":13},{"damage":19,"enemies":"2 Thieves","floor":18,"turns":4},{"damage":11,"enemies":"Shell Parasite","floor":21,"turns":8},{"damage":12,"enemies":"Snake Plant","floor":27,"turns":5},{"damage":5,"enemies":"Centurion and Healer","floor":28,"turns":5},{"damage":7,"enemies":"Book of Stabbing","floor":30,"turns":7},{"damage":72,"enemies":"Champ","floor":33,"turns":20},{"damage":14,"enemies":"Orb Walker","floor":35,"turns":5},{"damage":44,"enemies":"3 Darklings","floor":36,"turns":6},{"damage":47,"enemies":"Reptomancer","floor":45,"turns":5},{"damage":24,"enemies":"Jaw Worm Horde","floor":46,"turns":4},{"damage":28,"enemies":"Transient","floor":48,"turns":5},{"damage":90,"enemies":"Awakened One","floor":50,"turns":9}],"seed_played":"-8370598197303195952","potions_obtained":[{"floor":2,"key":"PowerPotion"},{"floor":3,"key":"Weak Potion"},{"floor":11,"key":"Fire Potion"},{"floor":21,"key":"FearPotion"},{"floor":33,"key":"BloodPotion"},{"floor":34,"key":"EntropicBrew"},{"floor":35,"key":"SpeedPotion"},{"floor":45,"key":"Regen Potion"},{"floor":48,"key":"SpeedPotion"}],"is_trial":false,"path_per_floor":["M","M","M","?","$","R","?","$","T","R","M","E","?","M","R","B",null,"M","$","?","M","?","R","?","R","T","M","M","?","E","$","R","B",null,"M","M","$","$","?","R","$","R","T","?","E","M","?","M","R","B"],"character_chosen":"IRONCLAD","items_purchased":["Thunderclap","Finesse","Headbutt","Shrug It Off","Anchor","Flame Barrier","Inflame","Twin Strike"],"campfire_rested":8,"item_purchase_floors":[5,5,8,19,19,31,37,37],"current_hp_per_floor":[77,80,80,64,64,80,69,69,69,80,80,70,70,67,80,33,80,67,67,67,62,46,70,70,70,70,64,65,65,64,64,80,14,85,77,39,39,39,39,64,64,85,85,85,65,47,47,40,65,0],"gold":373,"neow_bonus":"","is_prod":false,"is_daily":false,"chose_seed":false,"campfire_upgraded":1,"win_rate":0.0,"timestamp":1564784107,"path_taken":["M","M","M","?","$","R","?","?","T","R","M","E","?","M","R","BOSS","M","$","?","M","?","R","?","R","T","M","?","?","E","$","R","BOSS","M","M","?","$","?","R","$","R","T","?","E","?","?","?","R","BOSS"],"build_version":"2019-07-17","purchased_purges":3,"victory":false,"max_hp_per_floor":[80,80,80,80,80,80,80,80,80,80,80,80,80,80,80,80,80,80,80,80,80,80,80,80,80,80,80,80,80,80,80,80,80,85,85,85,85,85,85,85,85,85,85,85,85,85,85,85,85,85],"card_choices":[{"not_picked":["Armaments","Sword Boomerang"],"picked":"Cleave","floor":1},{"not_picked":["Sever Soul","Seeing Red"],"picked":"Iron Wave","floor":2},{"not_picked":["Headbutt","Bloodletting"],"picked":"Thunderclap","floor":3},{"not_picked":["Sever Soul","Disarm"],"picked":"Clothesline","floor":11},{"not_picked":["Feel No Pain","Thunderclap"],"picked":"Dropkick","floor":12},{"not_picked":["Body Slam","Flame Barrier"],"picked":"Uppercut","floor":14},{"not_picked":["Berserk","Fiend Fire"],"picked":"Brutality","floor":16},{"not_picked":["Flex","Reckless Charge"],"picked":"Warcry+1","floor":18},{"not_picked":["Thunderclap","Sword Boomerang"],"picked":"Metallicize+1","floor":21},{"not_picked":["Body Slam+1","Cleave"],"picked":"Sword Boomerang","floor":27},{"not_picked":["Feel No Pain","Warcry","Perfected Strike"],"picked":"SKIP","floor":28},{"not_picked":["Warcry","Bloodletting"],"picked":"True Grit","floor":30},{"not_picked":["Berserk","Offering"],"picked":"Demon Form","floor":33},{"not_picked":["Clash+1","Sword Boomerang"],"picked":"Anger","floor":34},{"not_picked":["Inflame","Entrench"],"picked":"Rampage+1","floor":35},{"not_picked":["Burning Pact","Sever Soul+1"],"picked":"Carnage","floor":36},{"not_picked":["Fire Breathing","Perfected Strike+1"],"picked":"Rage+1","floor":45},{"not_picked":["Twin Strike","Anger"],"picked":"Armaments+1","floor":46},{"not_picked":["Sword Boomerang+1","Clash+1"],"picked":"Blood for Blood+1","floor":48}],"player_experience":0,"relics_obtained":[{"floor":9,"key":"Bottled Flame"},{"floor":12,"key":"Pen Nib"},{"floor":22,"key":"Enchiridion"},{"floor":26,"key":"Lantern"},{"floor":30,"key":"PreservedInsect"},{"floor":43,"key":"Pantograph"},{"floor":45,"key":"Red Skull"}],"event_choices":[{"damage_healed":0,"gold_gain":0,"player_choice":"Entered Light","damage_taken":16,"max_hp_gain":0,"max_hp_loss":0,"event_name":"Shining Light","floor":4,"gold_loss":0,"cards_upgraded":["Defend_R","Iron Wave"]},{"damage_healed":0,"gold_gain":75,"player_choice":"Gather Gold","damage_taken":11,"max_hp_gain":0,"max_hp_loss":0,"event_name":"World of Goop","floor":7,"gold_loss":0},{"damage_healed":0,"gold_gain":73,"player_choice":"Gained Gold","damage_taken":0,"max_hp_gain":0,"max_hp_loss":0,"event_name":"Golden Wing","floor":13,"gold_loss":0},{"damage_healed":0,"gold_gain":0,"cards_transformed":["Strike_R","Strike_R"],"player_choice":"Became Test Subject","damage_taken":0,"max_hp_gain":0,"max_hp_loss":0,"event_name":"Drug Dealer","floor":20,"gold_loss":0,"cards_obtained":["Body Slam","Flex"]},{"damage_healed":0,"gold_gain":0,"player_choice":"Obtained Book","damage_taken":16,"max_hp_gain":0,"max_hp_loss":0,"event_name":"Cursed Tome","floor":22,"gold_loss":0},{"damage_healed":0,"gold_gain":100,"player_choice":"Bet on Murderer","damage_taken":0,"max_hp_gain":0,"max_hp_loss":0,"event_name":"The Joust","floor":24,"gold_loss":50},{"cards_removed":["Strike_R"],"damage_healed":0,"gold_gain":0,"player_choice":"Purged","damage_taken":0,"max_hp_gain":0,"max_hp_loss":0,"event_name":"Purifier","floor":29,"gold_loss":0},{"cards_removed":["Finesse"],"damage_healed":0,"gold_gain":0,"player_choice":"Removed Skill","damage_taken":0,"max_hp_gain":0,"max_hp_loss":0,"event_name":"Falling","floor":39,"gold_loss":0},{"damage_healed":0,"gold_gain":0,"player_choice":"Gave Potion","damage_taken":0,"relics_obtained":["Potion Belt"],"max_hp_gain":0,"max_hp_loss":0,"event_name":"WeMeetAgain","floor":44,"gold_loss":0},{"damage_healed":0,"gold_gain":300,"player_choice":"Gold","damage_taken":0,"max_hp_gain":0,"max_hp_loss":0,"event_name":"Wheel of Change","floor":47,"gold_loss":0}],"is_beta":false,"boss_relics":[{"not_picked":["Philosopher\u0027s Stone","Sozu"],"picked":"Runic Pyramid"},{"not_picked":["Calling Bell","Snecko Eye"],"picked":"Tiny House"}],"items_purged_floors":[19,31,37],"is_endless":false,"potions_floor_spawned":[2,3,11,21,33,35,45,48],"killed_by":"Awakened One","ascension_level":0}