{"gold_per_floor":[113,113,113,36,36,70,70,70,119,119,146,146,165,165,165,242,242,259,279,291,126,146,146,146,146,146,157,169,169],"floor_reached":29,"playtime":963,"items_purged":["Strike_R"],"score":450,"play_id":"76c8b862-741f-46a1-82f6-bc13a501e1f7","local_time":"20190727005525","is_ascension_mode":true,"campfire_choices":[{"data":"Whirlwind","floor":8,"key":"SMITH"},{"floor":10,"key":"REST"},{"data":"Infernal Blade","floor":12,"key":"SMITH"},{"data":"Demon Form","floor":15,"key":"SMITH"},{"floor":23,"key":"REST"},{"data":"Disarm","floor":25,"key":"SMITH"}],"neow_cost":"NONE","seed_source_timestamp":364381109522198,"circlet_count":0,"master_deck":["AscendersBane","Strike_R","Defend_R","Defend_R","Defend_R","Defend_R","Bash+1","Corruption","Infernal Blade+1","Whirlwind+1","Demon Form+1","Heavy Blade+1","Heavy Blade+1","Barricade","Feel No Pain","True Grit","Sentinel","Disarm+1","Clothesline+1","Combust","Iron Wave+1"],"relics":["Burning Blood","Lantern","Molten Egg 2","Orichalcum","Bag of Marbles","Meat on the Bone","Empty Cage","Charon\u0027s Ashes"],"potions_floor_usage":[6,16,16,19,22,29],"damage_taken":[{"damage":2,"enemies":"Cultist","floor":1,"turns":4},{"damage":22,"enemies":"Lagavulin","floor":6,"turns":5},{"damage":20,"enemies":"Gremlin Nob","floor":11,"turns":4},{"damage":2,"enemies":"2 Louse","floor":13,"turns":2},{"damage":41,"enemies":"The Guardian","floor":16,"turns":7},{"damage":16,"enemies":"Shell Parasite","floor":18,"turns":3},{"damage":6,"enemies":"3 Byrds","floor":19,"turns":3},{"damage":24,"enemies":"Centurion and Healer","floor":20,"turns":7},{"damage":40,"enemies":"Chosen and Byrds","floor":22,"turns":6},{"damage":29,"enemies":"Shelled Parasite and Fungi","floor":27,"turns":7},{"damage":17,"enemies":"3 Cultists","floor":28,"turns":4},{"damage":37,"enemies":"Gremlin Leader","floor":29,"turns":2}],"seed_played":"1176139900397186744","potions_obtained":[{"floor":1,"key":"AttackPotion"},{"floor":11,"key":"GamblersBrew"},{"floor":13,"key":"Weak Potion"},{"floor":18,"key":"Explosive Potion"},{"floor":19,"key":"PowerPotion"},{"floor":27,"key":"Block Potion"}],"is_trial":false,"path_per_floor":["M","?","?","$","?","E","?","R","T","R","E","R","M","T","R","B",null,"M","M","M","$","M","R","?","R","T","M","M","E"],"character_chosen":"IRONCLAD","items_purchased":["Whirlwind","Disarm"],"campfire_rested":2,"item_purchase_floors":[4,21],"current_hp_per_floor":[72,27,27,27,52,36,36,36,36,58,44,44,48,48,48,25,63,53,53,47,47,25,47,47,47,47,36,37,0],"gold":169,"neow_bonus":"UPGRADE_CARD","is_prod":false,"is_daily":false,"chose_seed":false,"campfire_upgraded":4,"win_rate":0,"timestamp":1564206925,"path_taken":["M","?","?","$","?","E","?","R","T","R","E","R","?","?","R","BOSS","M","M","M","$","M","R","?","R","T","?","M","E"],"build_version":"2019-07-17","purchased_purges":1,"victory":false,"max_hp_per_floor":[75,75,75,75,75,75,75,75,75,75,75,75,75,75,75,75,75,75,75,75,75,75,75,75,75,75,75,75,75],"card_choices":[{"not_picked":["Pommel Strike","Reckless Charge"],"picked":"Corruption","floor":1},{"not_picked":["Burning Pact","Headbutt"],"picked":"Demon Form","floor":6},{"not_picked":["Warcry","Hemokinesis+1"],"picked":"Heavy Blade+1","floor":11},{"not_picked":["Clash+1","Wild Strike+1"],"picked":"Heavy Blade+1","floor":13},{"not_picked":["Fiend Fire+1","Exhume"],"picked":"Barricade","floor":16},{"not_picked":["Inflame+1","Dual Wield"],"picked":"Feel No Pain","floor":18},{"not_picked":["Ghostly Armor","Thunderclap+1"],"picked":"True Grit","floor":19},{"not_picked":["Armaments","Warcry"],"picked":"Sentinel","floor":20},{"not_picked":["Twin Strike+1","Armaments"],"picked":"Clothesline+1","floor":22},{"not_picked":["Rampage+1","Clash+1"],"picked":"Combust","floor":27},{"not_picked":["Clash+1","Infernal Blade"],"picked":"Iron Wave+1","floor":28}],"player_experience":543206,"relics_obtained":[{"floor":6,"key":"Molten Egg 2"},{"floor":9,"key":"Orichalcum"},{"floor":11,"key":"Bag of Marbles"},{"floor":14,"key":"Meat on the Bone"},{"floor":26,"key":"Charon\u0027s Ashes"}],"event_choices":[{"damage_healed":0,"gold_gain":0,"player_choice":"Success","damage_taken":45,"relics_obtained":["Lantern"],"max_hp_gain":0,"max_hp_loss":0,"event_name":"Scrap Ooze","floor":2,"gold_loss":0},{"damage_healed":0,"gold_gain":0,"cards_transformed":["Strike_R"],"player_choice":"Change","damage_taken":0,"max_hp_gain":0,"max_hp_loss":0,"event_name":"Living Wall","floor":3,"gold_loss":0,"cards_obtained":["Infernal Blade"]},{"damage_healed":25,"gold_gain":0,"player_choice":"Banana","damage_taken":0,"max_hp_gain":0,"max_hp_loss":0,"event_name":"Big Fish","floor":5,"gold_loss":0},{"damage_healed":0,"gold_gain":0,"player_choice":"Ignored","damage_taken":0,"max_hp_gain":0,"max_hp_loss":0,"event_name":"Liars Game","floor":7,"gold_loss":0},{"damage_healed":0,"gold_gain":0,"player_choice":"0 cards matched","damage_taken":0,"max_hp_gain":0,"max_hp_loss":0,"event_name":"Match and Keep!","floor":24,"gold_loss":0,"cards_obtained":[]}],"is_beta":false,"boss_relics":[{"not_picked":["Tiny House","Ectoplasm"],"picked":"Empty Cage"}],"items_purged_floors":[21],"is_endless":false,"potions_floor_spawned":[1,11,13,18,19,27],"killed_by":"Gremlin Leader","ascension_level":19}