{"gold_per_floor":[17,32,45,61,79,79,110,110,110,143,143,143],"floor_reached":12,"playtime":501,"items_purged":[],"score":171,"play_id":"fcadff84-20b7-4277-a11a-f5100b964661","local_time":"20190714210739","is_ascension_mode":true,"campfire_choices":[{"data":"Iron Wave","floor":6,"key":"SMITH"},{"data":"Juggernaut","floor":8,"key":"SMITH"}],"neow_cost":"NO_GOLD","seed_source_timestamp":356583453177087,"circlet_count":0,"master_deck":["AscendersBane","Strike_R","Strike_R","Strike_R","Strike_R","Strike_R","Defend_R","Defend_R","Defend_R","Defend_R","Bash","Juggernaut+1","True Grit","Havoc","Iron Wave+1","Sword Boomerang","Pommel Strike","Shrug It Off","Wild Strike"],"relics":["Burning Blood","Art of War","Peace Pipe","Gambling Chip","Sundial"],"potions_floor_usage":[10,10,10,10,12],"damage_taken":[{"damage":14,"enemies":"Jaw Worm","floor":1,"turns":4},{"damage":1,"enemies":"Cultist","floor":2,"turns":4},{"damage":1,"enemies":"2 Louse","floor":3,"turns":3},{"damage":10,"enemies":"Blue Slaver","floor":4,"turns":5},{"damage":22,"enemies":"Red Slaver","floor":5,"turns":4},{"damage":32,"enemies":"Gremlin Nob","floor":7,"turns":4},{"damage":21,"enemies":"3 Sentries","floor":10,"turns":7},{"damage":11,"enemies":"3 Louse","floor":12,"turns":2}],"seed_played":"1823646470994119881","potions_obtained":[{"floor":2,"key":"Dexterity Potion"},{"floor":3,"key":"EntropicBrew"},{"floor":10,"key":"AttackPotion"}],"is_trial":false,"path_per_floor":["M","M","M","M","M","R","E","R","T","E","?","M"],"character_chosen":"IRONCLAD","items_purchased":[],"campfire_rested":0,"item_purchase_floors":[],"current_hp_per_floor":[60,65,70,66,50,50,24,24,24,9,9,0],"gold":143,"neow_bonus":"THREE_RARE_CARDS","is_prod":false,"is_daily":false,"chose_seed":false,"campfire_upgraded":2,"win_rate":0,"timestamp":1563156459,"path_taken":["M","M","M","M","M","R","E","R","T","E","?","M"],"build_version":"2019-07-05","purchased_purges":0,"victory":false,"max_hp_per_floor":[75,75,75,75,75,75,75,75,75,75,75,75],"card_choices":[{"not_picked":["Reaper","Limit Break"],"picked":"Juggernaut","floor":0},{"not_picked":["Cleave","Searing Blow"],"picked":"True Grit","floor":1},{"not_picked":["Heavy Blade","Twin Strike"],"picked":"Havoc","floor":2},{"not_picked":["Clash","Warcry"],"picked":"Iron Wave","floor":3},{"not_picked":["Twin Strike","Clash"],"picked":"Sword Boomerang","floor":4},{"not_picked":["Headbutt","Cleave"],"picked":"Pommel Strike","floor":5},{"not_picked":["Searing Blow","Hemokinesis"],"picked":"Shrug It Off","floor":7},{"not_picked":["Sword Boomerang","Heavy Blade"],"picked":"Wild Strike","floor":10}],"player_experience":492412,"relics_obtained":[{"floor":7,"key":"Art of War"},{"floor":9,"key":"Peace Pipe"},{"floor":10,"key":"Gambling Chip"},{"floor":11,"key":"Sundial"}],"event_choices":[{"damage_healed":0,"gold_gain":0,"player_choice":"Relic","damage_taken":0,"max_hp_gain":0,"max_hp_loss":0,"event_name":"Wheel of Change","floor":11,"gold_loss":0}],"is_beta":false,"boss_relics":[],"items_purged_floors":[],"is_endless":false,"potions_floor_spawned":[2,3,10],"killed_by":"3 Louse","ascension_level":18}