{"gold_per_floor":[116,126,144,160,160,160,191,204,280,295,305,315,315,349,349,450,450,469,482,482,497,516,516,541,541,541,541,541,558,576,610,610,713,713,727,83,101,0,18,43,43],"floor_reached":41,"playtime":3879,"items_purged":["Strike_R"],"score":529,"play_id":"d6e10f10-09b1-4e94-a2a9-26f929e4e848","local_time":"20190721194007","is_ascension_mode":false,"campfire_choices":[{"data":"Hemokinesis","floor":6.0,"key":"SMITH"},{"data":"True Grit","floor":13.0,"key":"SMITH"},{"data":"Combust","floor":15.0,"key":"SMITH"},{"data":"Ghostly","floor":23,"key":"SMITH"},{"data":"Ghostly","floor":25,"key":"SMITH"},{"data":"Ghostly","floor":27,"key":"SMITH"},{"data":"Ghostly","floor":32,"key":"SMITH"}],"neow_cost":"TEN_PERCENT_HP_LOSS","seed_source_timestamp":0,"circlet_count":0,"master_deck":["Strike_R","Strike_R","Defend_R","Defend_R","Defend_R","Defend_R","Bash","Battle Trance","Rage","Dropkick","Cleave","Heavy Blade","Hemokinesis+1","Impatience","Bash","Rupture","Combust+1","Reaper","True Grit+1","Disarm","Impervious","Shrug It Off+1","Ghostly+1","Ghostly+1","Ghostly+1","Ghostly+1","Ghostly","Whirlwind","Blood for Blood","Shrug It Off+1","Spot Weakness","Sword Boomerang+1","Limit Break","Pummel+1","Bandage Up","Secret Weapon","Shrug It Off","Pummel","Ghostly Armor+1"],"special_seed":0,"relics":["Burning Blood","Pantograph","FossilizedHelix","Velvet Choker","Happy Flower","Peace Pipe","Potion Belt","Runic Cube","Membership Card","PreservedInsect","Art of War","Red Mask","Boot"],"potions_floor_usage":[16,30,33,33,33,39,41],"damage_taken":[{"damage":6.0,"enemies":"Cultist","floor":1.0,"turns":3.0},{"damage":2.0,"enemies":"Jaw Worm","floor":2.0,"turns":4.0},{"damage":0.0,"enemies":"Small Slimes","floor":3.0,"turns":2.0},{"damage":11.0,"enemies":"Exordium Thugs","floor":4.0,"turns":4.0},{"damage":20.0,"enemies":"Gremlin Nob","floor":7.0,"turns":3.0},{"damage":9.0,"enemies":"Looter","floor":8.0,"turns":2.0},{"damage":15.0,"enemies":"Exordium Wildlife","floor":10.0,"turns":4.0},{"damage":6.0,"enemies":"2 Fungi Beasts","floor":11.0,"turns":4.0},{"damage":12.0,"enemies":"Blue Slaver","floor":12.0,"turns":4.0},{"damage":16.0,"enemies":"3 Sentries","floor":14.0,"turns":4.0},{"damage":59,"enemies":"The Guardian","floor":16,"turns":8},{"damage":15,"enemies":"Shell Parasite","floor":18,"turns":5},{"damage":20,"enemies":"Spheric Guardian","floor":19,"turns":4},{"damage":11,"enemies":"Shelled Parasite and Fungi","floor":21,"turns":7},{"damage":6,"enemies":"Snecko","floor":22,"turns":7},{"damage":6,"enemies":"Gremlin Leader","floor":24,"turns":8},{"damage":6,"enemies":"Snake Plant","floor":29,"turns":7},{"damage":7,"enemies":"Sentry and Sphere","floor":30,"turns":8},{"damage":14,"enemies":"Book of Stabbing","floor":31,"turns":6},{"damage":40,"enemies":"Champ","floor":33,"turns":10},{"damage":12,"enemies":"Orb Walker","floor":35,"turns":4},{"damage":12,"enemies":"3 Darklings","floor":37,"turns":8},{"damage":26,"enemies":"Sphere and 2 Shapes","floor":39,"turns":5},{"damage":28,"enemies":"Nemesis","floor":40,"turns":7},{"damage":24,"enemies":"Maw","floor":41,"turns":8}],"seed_played":"2592443470333729238","potions_obtained":[{"floor":1.0,"key":"BloodPotion"},{"floor":8.0,"key":"Explosive Potion"},{"floor":12.0,"key":"Block Potion"},{"floor":14.0,"key":"PowerPotion"},{"floor":18,"key":"Poison Potion"},{"floor":29,"key":"Poison Potion"},{"floor":30,"key":"Fruit Juice"},{"floor":33,"key":"Poison Potion"},{"floor":35,"key":"Ancient Potion"},{"floor":40,"key":"SkillPotion"}],"is_trial":false,"path_per_floor":["M","M","M","M","?","R","E","M","T","M","M","M","R","E","R","B",null,"M","M","?","M","M","R","E","R","T","R","?","M","M","E","R","B",null,"M","$","M","?","M","E","M"],"character_chosen":"IRONCLAD","items_purchased":["Membership Card","PreservedInsect","Bandage Up","Secret Weapon","Art of War","Ancient Potion","SteroidPotion","Shrug It Off","Pummel"],"campfire_rested":0,"item_purchase_floors":[36,36,36,36,36,36,36,36,36],"current_hp_per_floor":[72,72,72,67,67,67,53,50,50,41,41,41,41,61,61,25,72,64,50,36,31,35,35,36,36,36,36,36,36,35,27,27,7,41,35,35,41,41,25,7,0],"gold":43,"neow_bonus":"TRANSFORM_TWO_CARDS","is_prod":false,"is_daily":false,"chose_seed":false,"campfire_upgraded":7,"win_rate":0,"timestamp":1563756007,"path_taken":["M","M","M","M","?","R","E","M","T","?","M","M","R","E","R","BOSS","M","?","?","M","M","R","E","R","T","R","?","?","M","E","R","BOSS","M","$","M","?","M","E","M"],"build_version":"2019-07-17","purchased_purges":1,"victory":false,"max_hp_per_floor":[72,72,72,72,72,72,72,72,72,72,72,72,72,72,72,72,72,72,72,36,36,36,36,36,36,36,36,36,36,36,36,36,41,41,41,41,41,41,41,41,41],"card_choices":[{"not_picked":["Burning Pact","Perfected Strike"],"picked":"Dropkick","floor":1.0},{"not_picked":["Sentinel","Armaments"],"picked":"Cleave","floor":2.0},{"not_picked":["Wild Strike","Blood for Blood"],"picked":"Heavy Blade","floor":3.0},{"not_picked":["Flex","Clash"],"picked":"Hemokinesis","floor":4.0},{"not_picked":["Pummel","Searing Blow"],"picked":"Rupture","floor":7.0},{"not_picked":["Iron Wave","Flex"],"picked":"Combust","floor":8.0},{"not_picked":["Thunderclap","Carnage"],"picked":"Reaper","floor":10.0},{"not_picked":["Warcry","Iron Wave","Perfected Strike"],"picked":"SKIP","floor":11.0},{"not_picked":["Perfected Strike","Spot Weakness"],"picked":"True Grit","floor":12.0},{"not_picked":["Whirlwind","Entrench"],"picked":"Disarm","floor":14.0},{"not_picked":["Fiend Fire","Bludgeon"],"picked":"Impervious","floor":16},{"not_picked":["Anger","Perfected Strike+1"],"picked":"Shrug It Off+1","floor":18},{"not_picked":["Body Slam","Thunderclap","Sentinel"],"picked":"SKIP","floor":19},{"not_picked":["Hemokinesis","Cleave"],"picked":"Whirlwind","floor":21},{"not_picked":["Fiend Fire","Uppercut"],"picked":"Blood for Blood","floor":22},{"not_picked":["Wild Strike+1","Combust"],"picked":"Shrug It Off+1","floor":24},{"not_picked":["Body Slam+1","Sword Boomerang","Flex"],"picked":"SKIP","floor":29},{"not_picked":["Bludgeon","Twin Strike"],"picked":"Sword Boomerang+1","floor":30},{"not_picked":["Perfected Strike","Clothesline+1","Infernal Blade"],"picked":"SKIP","floor":31},{"not_picked":["Double Tap","Offering"],"picked":"Limit Break","floor":33},{"not_picked":["Hemokinesis","Sever Soul+1"],"picked":"Pummel+1","floor":35},{"not_picked":["Evolve","Cleave","Power Through+1"],"picked":"SKIP","floor":37},{"not_picked":["Entrench+1","Body Slam","Warcry"],"picked":"SKIP","floor":39},{"not_picked":["Anger+1","Flex"],"picked":"Ghostly Armor+1","floor":40}],"player_experience":519493,"relics_obtained":[{"floor":7.0,"key":"Pantograph"},{"floor":14.0,"key":"FossilizedHelix"},{"floor":24,"key":"Happy Flower"},{"floor":26,"key":"Peace Pipe"},{"floor":31,"key":"Potion Belt"},{"floor":40,"key":"Boot"}],"event_choices":[{"damage_healed":0.0,"max_hp_gain":0.0,"max_hp_loss":0.0,"gold_gain":0.0,"event_name":"Match and Keep!","player_choice":"2 cards matched","floor":5.0,"gold_loss":0.0,"damage_taken":0.0,"cards_obtained":["Impatience","Bash"]},{"damage_healed":0,"gold_gain":0,"player_choice":"Became a Ghost","damage_taken":0,"max_hp_gain":0,"max_hp_loss":36,"event_name":"Ghosts","floor":20,"gold_loss":0,"cards_obtained":["Ghostly","Ghostly","Ghostly","Ghostly","Ghostly"]},{"damage_healed":0,"gold_gain":0,"player_choice":"Read","damage_taken":0,"max_hp_gain":0,"max_hp_loss":0,"event_name":"The Library","floor":28,"gold_loss":0,"cards_obtained":["Spot Weakness"]},{"damage_healed":0,"gold_gain":0,"player_choice":"Paid","damage_taken":0,"relics_obtained":["Red Mask"],"max_hp_gain":0,"max_hp_loss":0,"event_name":"Tomb of Lord Red Mask","floor":38,"gold_loss":101}],"is_beta":false,"boss_relics":[{"not_picked":["Busted Crown","Calling Bell"],"picked":"Velvet Choker"},{"not_picked":["Lizard Tail","Orrery"],"picked":"Runic Cube"}],"items_purged_floors":[36],"is_endless":false,"potions_floor_spawned":[1,8,12,14,18,29,30,33,35,40],"killed_by":"Maw","ascension_level":0}