{"gold_per_floor":[112,112,125,50,0,0,26,37,37,47,61,61,94,110,110,185,185,198,98,110,60,77,77,106,106],"floor_reached":25,"playtime":1210,"items_purged":["Strike_R","Defend_R"],"score":490,"play_id":"e50842f5-5495-4902-85a0-0a6bfc93be00","local_time":"20190711212148","is_ascension_mode":true,"campfire_choices":[{"data":"Uppercut","floor":6,"key":"SMITH"},{"data":"Disarm","floor":12,"key":"SMITH"},{"data":"Immolate","floor":15,"key":"SMITH"},{"data":"True Grit","floor":23,"key":"SMITH"}],"neow_cost":"NONE","seed_source_timestamp":97519587849586,"circlet_count":0,"master_deck":["AscendersBane","Strike_R","Defend_R","Defend_R","Defend_R","Bash","Heavy Blade+1","Uppercut+1","Headbutt","Shockwave","Battle Trance","Disarm+1","Demon Form","Immolate+1","Rage","Limit Break","True Grit+1","Intimidate","True Grit"],"relics":["Burning Blood","NeowsBlessing","Turnip","Gremlin Horn","Dead Branch","Bronze Scales","Empty Cage","PreservedInsect"],"potions_floor_usage":[13,20,20],"damage_taken":[{"damage":0,"enemies":"2 Louse","floor":1,"turns":1},{"damage":0,"enemies":"Small Slimes","floor":3,"turns":1},{"damage":0,"enemies":"3 Sentries","floor":7,"turns":2},{"damage":0,"enemies":"Cultist","floor":8,"turns":3},{"damage":9,"enemies":"Gremlin Gang","floor":10,"turns":5},{"damage":11,"enemies":"Blue Slaver","floor":11,"turns":3},{"damage":9,"enemies":"Lagavulin","floor":13,"turns":7},{"damage":5,"enemies":"Red Slaver","floor":14,"turns":4},{"damage":52,"enemies":"Slime Boss","floor":16,"turns":8},{"damage":3,"enemies":"3 Byrds","floor":18,"turns":2},{"damage":12,"enemies":"Spheric Guardian","floor":20,"turns":4},{"damage":8,"enemies":"Cultist and Chosen","floor":22,"turns":4},{"damage":43,"enemies":"Slavers","floor":24,"turns":5},{"damage":27,"enemies":"Shelled Parasite and Fungi","floor":25,"turns":5}],"seed_played":"-2337685624842450264","potions_obtained":[{"floor":7,"key":"Poison Potion"},{"floor":10,"key":"SpeedPotion"},{"floor":14,"key":"SpeedPotion"}],"is_trial":false,"path_per_floor":["M","?","M","$","?","R","E","M","T","M","M","R","E","M","R","B",null,"M","$","M","?","M","R","E","M"],"character_chosen":"IRONCLAD","items_purchased":[],"campfire_rested":0,"item_purchase_floors":[],"current_hp_per_floor":[74,74,75,75,75,75,75,75,75,72,67,67,64,65,65,19,61,64,64,58,58,56,56,19,0],"gold":106,"neow_bonus":"THREE_ENEMY_KILL","is_prod":false,"is_daily":false,"chose_seed":false,"campfire_upgraded":4,"win_rate":0,"timestamp":1562898108,"path_taken":["M","?","M","$","?","R","E","?","T","?","M","R","E","M","R","BOSS","M","$","M","?","M","R","E","?"],"build_version":"2019-07-05","purchased_purges":2,"victory":false,"max_hp_per_floor":[75,75,75,75,75,75,75,75,75,75,75,75,75,75,75,75,75,75,75,75,75,75,75,75,75],"card_choices":[{"not_picked":["Havoc","True Grit"],"picked":"Heavy Blade","floor":1},{"not_picked":["Thunderclap","Clash"],"picked":"Headbutt","floor":3},{"not_picked":["Twin Strike","Uppercut"],"picked":"Shockwave","floor":7},{"not_picked":["Second Wind","Anger"],"picked":"Battle Trance","floor":8},{"not_picked":["Headbutt","Shrug It Off"],"picked":"Disarm","floor":10},{"not_picked":["Clash","True Grit"],"picked":"Demon Form","floor":11},{"not_picked":["Combust","Metallicize"],"picked":"Immolate","floor":13},{"not_picked":["Headbutt","Thunderclap"],"picked":"Rage","floor":14},{"not_picked":["Brutality","Demon Form"],"picked":"Limit Break","floor":16},{"not_picked":["Wild Strike","Perfected Strike","Iron Wave"],"picked":"SKIP","floor":18},{"not_picked":["Disarm","Sentinel"],"picked":"True Grit","floor":20},{"not_picked":["Burning Pact+1","Thunderclap"],"picked":"Intimidate","floor":22},{"not_picked":["Infernal Blade","Carnage"],"picked":"True Grit","floor":24}],"player_experience":468233,"relics_obtained":[{"floor":7,"key":"Gremlin Horn"},{"floor":9,"key":"Dead Branch"},{"floor":13,"key":"Bronze Scales"},{"floor":24,"key":"PreservedInsect"}],"event_choices":[{"damage_healed":0,"gold_gain":0,"cards_transformed":["Strike_R"],"player_choice":"Change","damage_taken":0,"max_hp_gain":0,"max_hp_loss":0,"event_name":"Living Wall","floor":2,"gold_loss":0,"cards_obtained":["Uppercut"]},{"damage_healed":0,"gold_gain":0,"player_choice":"Paid Gold","damage_taken":0,"relics_obtained":["Turnip"],"max_hp_gain":0,"max_hp_loss":0,"event_name":"WeMeetAgain","floor":5,"gold_loss":50},{"damage_healed":0,"gold_gain":0,"player_choice":"Upgrade","damage_taken":0,"max_hp_gain":0,"max_hp_loss":0,"event_name":"Designer","floor":21,"gold_loss":50,"cards_upgraded":["Heavy Blade"]}],"is_beta":false,"boss_relics":[{"not_picked":["Lizard Tail","Runic Dome"],"picked":"Empty Cage"}],"items_purged_floors":[4,19],"is_endless":false,"potions_floor_spawned":[7,10,14],"killed_by":"Shelled Parasite and Fungi","ascension_level":18}