{"gold_per_floor":[18,18,35,35,110,110,140,140,140,42,60,92,109,125,125,221,221,233,333,346,346],"floor_reached":21,"playtime":1104,"items_purged":[],"score":236,"play_id":"bf6a73cd-1f24-44be-a0b9-aa2f33de0077","local_time":"20190528223333","is_ascension_mode":true,"campfire_choices":[{"data":"Shockwave","floor":6,"key":"SMITH"},{"data":"Metallicize","floor":8,"key":"SMITH"},{"data":"Barricade","floor":15,"key":"SMITH"}],"neow_cost":"NO_GOLD","seed_source_timestamp":364231167903035,"circlet_count":0,"master_deck":["Strike_R","Strike_R","Strike_R","Strike_R","Strike_R","Defend_R","Defend_R","Defend_R","Defend_R","Bash","Shockwave+1","Flame Barrier+1","Metallicize+1","Whirlwind","Disarm","Barricade+1","Sword Boomerang","Demon Form","Headbutt+1","Anger","Armaments","True Grit"],"relics":["Burning Blood","Torii","Bottled Lightning","Meat on the Bone","Omamori","Eternal Feather","Prayer Wheel","Bottled Tornado"],"potions_floor_usage":[12,12,16,16,19,19],"damage_taken":[{"damage":7,"enemies":"Jaw Worm","floor":1,"turns":3},{"damage":19,"enemies":"Small Slimes","floor":3,"turns":4},{"damage":31,"enemies":"3 Sentries","floor":7,"turns":12},{"damage":0,"enemies":"2 Louse","floor":11,"turns":3},{"damage":7,"enemies":"Lagavulin","floor":12,"turns":5},{"damage":2,"enemies":"2 Fungi Beasts","floor":13,"turns":3},{"damage":9,"enemies":"3 Louse","floor":14,"turns":3},{"damage":10,"enemies":"Hexaghost","floor":16,"turns":17},{"damage":12,"enemies":"Shell Parasite","floor":18,"turns":8},{"damage":25,"enemies":"Colosseum Slavers","floor":19,"turns":5},{"damage":52,"enemies":"Colosseum Nobs","floor":19,"turns":7},{"damage":12,"enemies":"Chosen","floor":20,"turns":6},{"damage":46,"enemies":"Sentry and Sphere","floor":21,"turns":5}],"seed_played":"-6893682081038369481","potions_obtained":[{"floor":7,"key":"Regen Potion"},{"floor":13,"key":"Energy Potion"},{"floor":14,"key":"Swift Potion"},{"floor":16,"key":"Energy Potion"}],"is_trial":false,"path_per_floor":["M","?","M","?","?","R","E","R","T","$","M","E","M","M","R","B",null,"M","?","M","M"],"character_chosen":"IRONCLAD","items_purchased":["Strength Potion","AttackPotion"],"campfire_rested":0,"item_purchase_floors":[10,10],"current_hp_per_floor":[79,84,71,71,60,60,35,35,35,35,53,52,56,53,53,49,76,70,32,38,0],"gold":346,"neow_bonus":"ONE_RARE_RELIC","is_prod":false,"is_daily":false,"chose_seed":false,"campfire_upgraded":3,"win_rate":0,"timestamp":1559100813,"path_taken":["M","?","M","?","?","R","E","R","T","$","M","E","M","M","R","BOSS","M","?","M","M"],"build_version":"2019-01-23","purchased_purges":0,"victory":false,"max_hp_per_floor":[80,85,85,85,85,85,85,85,85,85,85,85,85,85,85,85,85,85,85,85,85],"card_choices":[{"not_picked":["Anger","Perfected Strike"],"picked":"Shockwave","floor":1},{"not_picked":["Twin Strike","Rage"],"picked":"Flame Barrier","floor":3},{"not_picked":["Havoc","True Grit"],"picked":"Metallicize","floor":7},{"not_picked":["Wild Strike","Pommel Strike"],"picked":"Whirlwind","floor":11},{"not_picked":["Sever Soul","Perfected Strike"],"picked":"Disarm","floor":12},{"not_picked":["Carnage","Fire Breathing"],"picked":"Barricade","floor":13},{"not_picked":["Heavy Blade","Clothesline"],"picked":"Sword Boomerang","floor":14},{"not_picked":["Dark Embrace","Fiend Fire"],"picked":"Demon Form","floor":16},{"not_picked":["Body Slam","Iron Wave"],"picked":"Headbutt+1","floor":18},{"not_picked":["Sentinel","Rampage+1"],"picked":"Anger","floor":19},{"not_picked":["Sever Soul","Thunderclap"],"picked":"Armaments","floor":20},{"not_picked":["Cleave","Headbutt"],"picked":"True Grit","floor":20}],"player_experience":226447,"relics_obtained":[{"floor":7,"key":"Bottled Lightning"},{"floor":9,"key":"Meat on the Bone"},{"floor":12,"key":"Omamori"},{"floor":19,"key":"Prayer Wheel"},{"floor":19,"key":"Bottled Tornado"}],"event_choices":[{"damage_healed":0,"gold_gain":0,"player_choice":"Donut","damage_taken":0,"max_hp_gain":5,"max_hp_loss":0,"event_name":"Big Fish","floor":2,"gold_loss":0},{"damage_healed":0,"gold_gain":0,"player_choice":"Grow","damage_taken":0,"max_hp_gain":0,"max_hp_loss":0,"event_name":"Living Wall","floor":4,"gold_loss":0,"cards_upgraded":["Flame Barrier"]},{"damage_healed":0,"gold_gain":75,"player_choice":"Gather Gold","damage_taken":11,"max_hp_gain":0,"max_hp_loss":0,"event_name":"World of Goop","floor":5,"gold_loss":0},{"damage_healed":0,"gold_gain":0,"player_choice":"Fight","damage_taken":0,"max_hp_gain":0,"max_hp_loss":0,"event_name":"Colosseum","floor":19,"gold_loss":0},{"damage_healed":0,"gold_gain":0,"player_choice":"Fought Nobs","damage_taken":0,"max_hp_gain":0,"max_hp_loss":0,"event_name":"Colosseum","floor":19,"gold_loss":0}],"is_beta":false,"boss_relics":[{"not_picked":["Mark of Pain","Ectoplasm"],"picked":"Eternal Feather"}],"items_purged_floors":[],"is_endless":false,"potions_floor_spawned":[7,13,14,16,19],"killed_by":"Sentry and Sphere","ascension_level":5}