{"gold_per_floor":[117,82,82,54,54,54,81,100,100,128,128,159,159,173,173,248,248,258,269,30,30,30,30],"floor_reached":23,"playtime":1544,"items_purged":["Strike_R"],"score":449,"play_id":"4ff9ce05-6635-4d33-a252-70a10301409a","local_time":"20190720110157","is_ascension_mode":true,"campfire_choices":[{"data":"Heavy Blade","floor":6,"key":"SMITH"},{"floor":11,"key":"REST"},{"data":"Demon Form","floor":13,"key":"SMITH"},{"data":"Uppercut","floor":15,"key":"SMITH"}],"neow_cost":"PERCENT_DAMAGE","seed_source_timestamp":837608668292225,"circlet_count":0,"master_deck":["AscendersBane","Strike_R","Strike_R+1","Defend_R","Defend_R","Defend_R","Defend_R","Bash","Demon Form+1","True Grit","Seeing Red","Heavy Blade+1","True Grit","Headbutt","Immolate+1","Uppercut+1","Impervious","Intimidate","Second Wind"],"relics":["Black Blood","Regal Pillow","Kunai","Whetstone","Bag of Preparation","Nloth\u0027s Gift"],"potions_floor_usage":[19,23],"damage_taken":[{"damage":2,"enemies":"2 Louse","floor":1,"turns":2},{"damage":25,"enemies":"Lagavulin","floor":7,"turns":7},{"damage":7,"enemies":"Jaw Worm","floor":8,"turns":4},{"damage":46,"enemies":"3 Sentries","floor":10,"turns":8},{"damage":20,"enemies":"Lagavulin","floor":12,"turns":4},{"damage":0,"enemies":"Small Slimes","floor":14,"turns":1},{"damage":33,"enemies":"Hexaghost","floor":16,"turns":9},{"damage":33,"enemies":"Chosen","floor":18,"turns":6},{"damage":42,"enemies":"Shell Parasite","floor":19,"turns":7},{"damage":42,"enemies":"Gremlin Leader","floor":23,"turns":5}],"seed_played":"-1302789694616744873","potions_obtained":[{"floor":1,"key":"Weak Potion"},{"floor":10,"key":"BloodPotion"},{"floor":19,"key":"BloodPotion"}],"is_trial":false,"path_per_floor":["M","?","?","$","?","R","E","M","T","E","R","E","R","M","R","B",null,"M","M","$","?","$","E"],"character_chosen":"IRONCLAD","items_purchased":["Heavy Blade","Bag of Preparation"],"campfire_rested":1,"item_purchase_floors":[4,20],"current_hp_per_floor":[54,72,72,72,72,72,53,52,52,12,49,35,35,41,41,14,60,37,23,23,23,23,0],"gold":30,"neow_bonus":"THREE_RARE_CARDS","is_prod":false,"is_daily":false,"chose_seed":false,"campfire_upgraded":3,"win_rate":0,"timestamp":1563638517,"path_taken":["M","?","?","$","?","R","E","M","T","E","R","E","R","?","R","BOSS","M","?","$","?","?","E"],"build_version":"2019-07-17","purchased_purges":1,"victory":false,"max_hp_per_floor":[75,75,75,75,75,75,75,75,75,75,75,75,75,75,75,75,75,75,75,75,75,75,75],"card_choices":[{"not_picked":["Double Tap","Exhume"],"picked":"Demon Form","floor":0},{"not_picked":["Rampage","Armaments"],"picked":"True Grit","floor":1},{"not_picked":["Havoc","Thunderclap"],"picked":"True Grit","floor":7},{"not_picked":["Rampage","Clothesline"],"picked":"Headbutt","floor":8},{"not_picked":["Thunderclap","Clash"],"picked":"Immolate","floor":10},{"not_picked":["Fire Breathing","Thunderclap","Wild Strike"],"picked":"SKIP","floor":12},{"not_picked":["Heavy Blade","Clash"],"picked":"Uppercut","floor":14},{"not_picked":["Demon Form","Dark Embrace"],"picked":"Impervious","floor":16},{"not_picked":["Body Slam","Anger"],"picked":"Intimidate","floor":18},{"not_picked":["Combust","Warcry"],"picked":"Second Wind","floor":19}],"player_experience":506574,"relics_obtained":[{"floor":7,"key":"Regal Pillow"},{"floor":9,"key":"Kunai"},{"floor":10,"key":"Mercury Hourglass"},{"floor":12,"key":"Whetstone"}],"event_choices":[{"damage_healed":18,"gold_gain":0,"player_choice":"Healed","damage_taken":0,"max_hp_gain":0,"max_hp_loss":0,"event_name":"The Cleric","floor":2,"gold_loss":35},{"damage_healed":0,"gold_gain":0,"cards_transformed":["Strike_R"],"player_choice":"Change","damage_taken":0,"max_hp_gain":0,"max_hp_loss":0,"event_name":"Living Wall","floor":3,"gold_loss":0,"cards_obtained":["Seeing Red"]},{"cards_removed":["Strike_R"],"damage_healed":0,"gold_gain":0,"player_choice":"Card Removal","damage_taken":0,"max_hp_gain":0,"max_hp_loss":0,"event_name":"Wheel of Change","floor":5,"gold_loss":0},{"damage_healed":0,"gold_gain":0,"player_choice":"Traded Relic","damage_taken":0,"relics_obtained":["Nloth\u0027s Gift"],"max_hp_gain":0,"max_hp_loss":0,"event_name":"N\u0027loth","floor":21,"relics_lost":["Mercury Hourglass"],"gold_loss":0}],"is_beta":false,"boss_relics":[{"not_picked":["Lizard Tail","Pandora\u0027s Box"],"picked":"Black Blood"}],"items_purged_floors":[20],"is_endless":false,"potions_floor_spawned":[1,10,12,19],"killed_by":"Gremlin Leader","ascension_level":19}