{"gold_per_floor":[116,127,127,142,142,142,142,142,166,204,273,313,333,358,358,479,542,562,562,127,152,167,167,167,167],"floor_reached":25,"playtime":1203,"items_purged":["Strike_B"],"score":327,"play_id":"735dd0c7-f510-428f-a09a-701397503014","local_time":"20190728214723","is_ascension_mode":true,"campfire_choices":[{"data":"Streamline","floor":6,"key":"SMITH"},{"data":"Zap","floor":8,"key":"SMITH"},{"floor":15,"key":"REST"},{"data":"Darkness","floor":23,"key":"SMITH"}],"neow_cost":"NONE","seed_source_timestamp":1557226186174600,"circlet_count":0,"master_deck":["AscendersBane","Strike_B","Defend_B+1","Defend_B+1","Defend_B","Defend_B","Zap+1","Dualcast","Streamline+1","Go for the Eyes+1","Darkness","Compile Driver+1","Core Surge+1","Beam Cell","Rebound","Darkness+1"],"relics":["Cracked Core","Golden Idol","War Paint","Strawberry","Letter Opener","Centennial Puzzle","Tiny House","Whetstone","Chemical X"],"potions_floor_usage":[25],"damage_taken":[{"damage":4,"enemies":"Small Slimes","floor":1,"turns":4},{"damage":0,"enemies":"Cultist","floor":2,"turns":3},{"damage":2,"enemies":"2 Louse","floor":4,"turns":3},{"damage":5,"enemies":"Lagavulin","floor":10,"turns":6},{"damage":24,"enemies":"Gremlin Nob","floor":12,"turns":4},{"damage":1,"enemies":"Blue Slaver","floor":13,"turns":2},{"damage":1,"enemies":"Exordium Thugs","floor":14,"turns":4},{"damage":9,"enemies":"Slime Boss","floor":16,"turns":8},{"damage":6,"enemies":"Spheric Guardian","floor":18,"turns":3},{"damage":10,"enemies":"Shell Parasite","floor":21,"turns":3},{"damage":7,"enemies":"Centurion and Healer","floor":22,"turns":6},{"damage":56,"enemies":"Gremlin Leader","floor":25,"turns":5}],"seed_played":"4803964631531776835","potions_obtained":[{"floor":1,"key":"SpeedPotion"},{"floor":2,"key":"Swift Potion"},{"floor":10,"key":"EssenceOfSteel"},{"floor":17,"key":"FairyPotion"}],"is_trial":false,"path_per_floor":["M","M","?","M","?","R","?","R","T","E","T","E","M","M","R","B",null,"M","?","$","M","M","R","$","E"],"character_chosen":"DEFECT","items_purchased":["Whetstone","Chemical X"],"campfire_rested":1,"item_purchase_floors":[20,20],"current_hp_per_floor":[64,64,64,62,55,55,55,55,55,57,57,33,32,31,53,44,73,67,59,59,49,42,42,42,0],"gold":167,"neow_bonus":"REMOVE_CARD","is_prod":false,"is_daily":false,"chose_seed":false,"campfire_upgraded":3,"win_rate":0,"timestamp":1564372043,"path_taken":["M","M","?","?","?","R","?","R","T","E","?","E","?","M","R","BOSS","M","?","$","M","M","R","?","E"],"build_version":"2019-07-18","purchased_purges":1,"victory":false,"max_hp_per_floor":[75,75,75,75,75,75,69,69,69,76,76,76,76,76,76,76,81,81,81,81,81,81,81,81,81],"card_choices":[{"not_picked":["Scrape","Turbo","Redo"],"picked":"SKIP","floor":1},{"not_picked":["Conserve Battery","Blizzard"],"picked":"Streamline","floor":2},{"not_picked":["Coolheaded","Stack"],"picked":"Go for the Eyes","floor":4},{"not_picked":["Sweeping Beam","Loop","Meteor Strike"],"picked":"SKIP","floor":10},{"not_picked":["Barrage","Lockon"],"picked":"Darkness","floor":12},{"not_picked":["Ball Lightning","Go for the Eyes","Double Energy"],"picked":"SKIP","floor":13},{"not_picked":["Ball Lightning","Stack"],"picked":"Compile Driver","floor":14},{"not_picked":["Thunder Strike","Hyperbeam"],"picked":"Core Surge","floor":16},{"not_picked":["Compile Driver","Scrape"],"picked":"Beam Cell","floor":17},{"not_picked":["Turbo+1","Coolheaded"],"picked":"Rebound","floor":18},{"not_picked":["Storm","Barrage","Ball Lightning"],"picked":"SKIP","floor":21},{"not_picked":["Redo","Double Energy"],"picked":"Darkness","floor":22}],"player_experience":417755,"relics_obtained":[{"floor":9,"key":"War Paint"},{"floor":10,"key":"Strawberry"},{"floor":11,"key":"Letter Opener"},{"floor":12,"key":"Centennial Puzzle"}],"event_choices":[{"damage_healed":0,"gold_gain":0,"player_choice":"Bought 0 Potions","damage_taken":0,"max_hp_gain":0,"max_hp_loss":0,"event_name":"The Woman in Blue","floor":3,"gold_loss":0},{"cards_removed":["Strike_B"],"damage_healed":0,"gold_gain":0,"player_choice":"Card Removal","damage_taken":7,"max_hp_gain":0,"max_hp_loss":0,"event_name":"Golden Wing","floor":5,"gold_loss":0},{"damage_healed":0,"gold_gain":0,"player_choice":"Lose Max HP","damage_taken":0,"relics_obtained":["Golden Idol"],"max_hp_gain":0,"max_hp_loss":6,"event_name":"Golden Idol","floor":7,"gold_loss":0},{"damage_healed":0,"gold_gain":0,"player_choice":"","damage_taken":8,"max_hp_gain":0,"max_hp_loss":0,"event_name":"Knowing Skull","floor":19,"potions_obtained":[],"gold_loss":0,"cards_obtained":[]}],"is_beta":true,"boss_relics":[{"not_picked":["Inserter","Calling Bell"],"picked":"Tiny House"}],"items_purged_floors":[20],"is_endless":false,"potions_floor_spawned":[1,2,4,10,22],"killed_by":"Gremlin Leader","ascension_level":11}