{"gold_per_floor":[115,133,133,133,143,143,154,7,31,42,54,54,80,5,5,110,110,120,35,35,134,150,150,170,170,193,193],"floor_reached":27,"playtime":1121,"items_purged":["Strike_B"],"score":288,"play_id":"4064ebd0-ef34-4486-87f6-a7b731990ef6","local_time":"20181024035904","is_ascension_mode":true,"campfire_choices":[{"data":"Zap","floor":6,"key":"SMITH"},{"data":"Barrage","floor":12,"key":"SMITH"},{"data":"Dualcast","floor":15,"key":"SMITH"},{"data":"Reinforced Body","floor":23,"key":"SMITH"},{"floor":25,"key":"REST"}],"neow_cost":"PERCENT_DAMAGE","seed_source_timestamp":172768591941447,"circlet_count":0,"master_deck":["Defend_B","Defend_B","Defend_B","Defend_B","Zap+1","Dualcast+1","Ball Lightning","Ball Lightning","Go for the Eyes","Reinforced Body+1","Machine Learning","Barrage+1","FTL","Echo Form","Leap","Thunder Strike"],"relics":["Cracked Core","DataDisk","Bronze Scales","Boot","White Beast Statue","Blue Candle","Smiling Mask"],"potions_floor_usage":[24,27,27,27],"damage_taken":[{"damage":0,"enemies":"Small Slimes","floor":1,"turns":3},{"damage":0,"enemies":"Jaw Worm","floor":2,"turns":3},{"damage":0,"enemies":"Cultist","floor":5,"turns":3},{"damage":6,"enemies":"3 Louse","floor":7,"turns":2},{"damage":0,"enemies":"Blue Slaver","floor":10,"turns":2},{"damage":0,"enemies":"Exordium Wildlife","floor":11,"turns":3},{"damage":8,"enemies":"3 Sentries","floor":13,"turns":4},{"damage":12,"enemies":"Slime Boss","floor":16,"turns":7},{"damage":2,"enemies":"Shell Parasite","floor":18,"turns":3},{"damage":28,"enemies":"3 Byrds","floor":22,"turns":3},{"damage":20,"enemies":"Cultist and Chosen","floor":24,"turns":5},{"damage":48,"enemies":"Slavers","floor":27,"turns":4}],"seed_played":"2817602180132810688","potions_obtained":[{"floor":2,"key":"Regen Potion"},{"floor":5,"key":"Strength Potion"},{"floor":10,"key":"EssenceOfSteel"},{"floor":16,"key":"Energy Potion"},{"floor":24,"key":"SpeedPotion"}],"is_trial":false,"path_per_floor":["M","M","?","?","M","R","M","$","T","M","M","R","E","$","R","B",null,"M","?","$","?","M","R","M","R","T"],"character_chosen":"DEFECT","items_purchased":["DataDisk"],"campfire_rested":1,"item_purchase_floors":[8],"current_hp_per_floor":[50,50,50,50,50,50,44,44,44,44,44,44,36,36,36,24,62,60,60,60,60,32,32,26,48,48,0],"gold":193,"neow_bonus":"REMOVE_TWO","is_prod":false,"is_daily":false,"chose_seed":false,"campfire_upgraded":4,"win_rate":0,"timestamp":1540375144,"path_taken":["M","M","?","?","M","R","M","$","T","M","?","R","E","$","R","BOSS","M","?","$","?","M","R","M","R","T","E"],"build_version":"2018-10-23","purchased_purges":1,"victory":false,"max_hp_per_floor":[75,75,75,75,75,75,75,75,75,75,75,75,75,75,75,75,75,75,75,75,75,75,75,75,75,75,75],"card_choices":[{"not_picked":["Recycle","Turbo"],"picked":"Ball Lightning","floor":1},{"not_picked":["Streamline","Stack"],"picked":"Ball Lightning","floor":2},{"not_picked":["Fusion","Undo"],"picked":"Go for the Eyes","floor":5},{"not_picked":["Turbo","Stack"],"picked":"Reinforced Body","floor":7},{"not_picked":["Ball Lightning","Heatsinks"],"picked":"Machine Learning","floor":10},{"not_picked":["Storm","Stack"],"picked":"Barrage","floor":11},{"not_picked":["Cold Snap","Sunder"],"picked":"FTL","floor":13},{"not_picked":["Seek","Reboot"],"picked":"Echo Form","floor":16},{"not_picked":["Static Discharge","Streamline+1"],"picked":"Leap","floor":18},{"not_picked":["BootSequence+1","Gash"],"picked":"Thunder Strike","floor":22},{"not_picked":["Darkness+1","Rebound","Streamline"],"picked":"SKIP","floor":24}],"player_experience":175134,"relics_obtained":[{"floor":9,"key":"Bronze Scales"},{"floor":13,"key":"Boot"},{"floor":26,"key":"Smiling Mask"}],"event_choices":[{"damage_healed":0,"gold_gain":0,"player_choice":"Ignored","damage_taken":0,"max_hp_gain":0,"max_hp_loss":0,"event_name":"Liars Game","floor":3,"gold_loss":0},{"cards_removed":["Strike_B"],"damage_healed":0,"gold_gain":0,"player_choice":"Forget","damage_taken":0,"max_hp_gain":0,"max_hp_loss":0,"event_name":"Living Wall","floor":4,"gold_loss":0},{"damage_healed":0,"gold_gain":0,"player_choice":"Obtained Relic","damage_taken":0,"relics_obtained":["Blue Candle"],"max_hp_gain":0,"max_hp_loss":0,"event_name":"Addict","floor":19,"gold_loss":85},{"damage_healed":0,"gold_gain":99,"player_choice":"Stole From Cult","damage_taken":0,"max_hp_gain":0,"max_hp_loss":0,"event_name":"Nest","floor":21,"gold_loss":0}],"is_beta":true,"boss_relics":[{"not_picked":["Pandora\u0027s Box","Velvet Choker"],"picked":"White Beast Statue"}],"items_purged_floors":[14],"is_endless":false,"potions_floor_spawned":[2,5,10,13,16,18,22,24],"killed_by":"Slavers","ascension_level":7}