{"gold_per_floor":[113,113,113,188,188,224,224,268,295,295,309,350,350,363,363,363],"floor_reached":16,"playtime":301,"items_purged":[],"score":332,"play_id":"9f0063ad-2e87-4da7-a39c-c86576278cd3","local_time":"20190803211919","is_ascension_mode":true,"campfire_choices":[{"floor":7,"key":"REST"},{"data":"Zap","floor":10,"key":"SMITH"},{"floor":15,"key":"REST"}],"neow_cost":"NONE","seed_source_timestamp":1040146748697900,"circlet_count":0,"master_deck":["AscendersBane","Strike_B","Strike_B","Strike_B+1","Strike_B+1","Defend_B","Defend_B","Defend_B","Defend_B","Zap+1","Dualcast","Coolheaded","Leap","FTL","Auto Shields","FTL"],"relics":["Cracked Core","NeowsBlessing","Golden Idol","Lantern","Strawberry","Pen Nib","StoneCalendar","Bag of Marbles"],"potions_floor_usage":[12,16],"damage_taken":[{"damage":0,"enemies":"Small Slimes","floor":1,"turns":1},{"damage":0,"enemies":"Lagavulin","floor":6,"turns":1},{"damage":0,"enemies":"Gremlin Nob","floor":8,"turns":1},{"damage":7,"enemies":"Jaw Worm","floor":11,"turns":3},{"damage":29,"enemies":"3 Sentries","floor":12,"turns":8},{"damage":0,"enemies":"Cultist","floor":14,"turns":2},{"damage":48,"enemies":"Hexaghost","floor":16,"turns":10}],"seed_played":"-5228825933087382774","potions_obtained":[{"floor":8,"key":"Swift Potion"},{"floor":11,"key":"Ancient Potion"},{"floor":14,"key":"Weak Potion"}],"is_trial":false,"path_per_floor":["M","?","$","?","?","E","R","E","T","R","M","E","?","M","R","B"],"character_chosen":"DEFECT","items_purchased":[],"campfire_rested":2,"item_purchase_floors":[],"current_hp_per_floor":[64,64,64,53,34,34,53,60,60,60,53,24,24,24,45,0],"gold":363,"neow_bonus":"THREE_ENEMY_KILL","is_prod":false,"is_daily":false,"chose_seed":false,"campfire_upgraded":1,"win_rate":0,"timestamp":1564859959,"path_taken":["M","?","$","?","?","E","R","E","T","R","M","E","?","M","R","BOSS"],"build_version":"2019-07-17","purchased_purges":0,"victory":false,"max_hp_per_floor":[71,64,64,64,64,64,64,71,71,71,71,71,71,71,71,71],"card_choices":[{"not_picked":["Streamline","Steam"],"picked":"Coolheaded","floor":1},{"not_picked":["Rip and Tear","Stack"],"picked":"Leap","floor":6},{"not_picked":["Hologram","Meteor Strike"],"picked":"FTL","floor":8},{"not_picked":["Stack","Storm","Steam"],"picked":"SKIP","floor":11},{"not_picked":["Steam","Doom and Gloom"],"picked":"Auto Shields","floor":12},{"not_picked":["Coolheaded","Stack"],"picked":"FTL","floor":14}],"player_experience":410212,"relics_obtained":[{"floor":6,"key":"Lantern"},{"floor":8,"key":"Strawberry"},{"floor":9,"key":"Pen Nib"},{"floor":12,"key":"StoneCalendar"},{"floor":13,"key":"Bag of Marbles"}],"event_choices":[{"damage_healed":0,"gold_gain":0,"player_choice":"Lose Max HP","damage_taken":0,"relics_obtained":["Golden Idol"],"max_hp_gain":0,"max_hp_loss":7,"event_name":"Golden Idol","floor":2,"gold_loss":0},{"damage_healed":0,"gold_gain":75,"player_choice":"Gather Gold","damage_taken":11,"max_hp_gain":0,"max_hp_loss":0,"event_name":"World of Goop","floor":4,"gold_loss":0},{"damage_healed":0,"gold_gain":0,"player_choice":"Entered Light","damage_taken":19,"max_hp_gain":0,"max_hp_loss":0,"event_name":"Shining Light","floor":5,"gold_loss":0,"cards_upgraded":["Strike_B","Strike_B"]},{"damage_healed":0,"gold_gain":0,"player_choice":"Relic","damage_taken":0,"max_hp_gain":0,"max_hp_loss":0,"event_name":"Wheel of Change","floor":13,"gold_loss":0}],"is_beta":false,"boss_relics":[],"items_purged_floors":[],"is_endless":false,"potions_floor_spawned":[8,11,14],"killed_by":"Hexaghost","ascension_level":20}