{"gold_per_floor":[119,130,130,130,3,44,119,119,142,154,190,217,229,254,266,278],"floor_reached":16,"playtime":507,"items_purged":["Strike_R"],"score":156,"play_id":"b58fadac-ff8d-48b3-8f2e-4d0cd94404f5","local_time":"20190528183425","is_ascension_mode":true,"campfire_choices":[{"data":"Heavy Blade","floor":8,"key":"SMITH"},{"data":"Impervious","floor":10,"key":"SMITH"},{"data":"Armaments","floor":13,"key":"SMITH"},{"floor":15,"key":"REST"}],"neow_cost":"NONE","seed_source_timestamp":350480571765967,"circlet_count":0,"master_deck":["Strike_R+1","Strike_R+1","Strike_R","Strike_R","Defend_R","Defend_R","Defend_R","Defend_R+1","Bash+1","Heavy Blade+1","Impervious","Impervious+1","Armaments+1","Flex","Body Slam"],"relics":["Burning Blood","NeowsBlessing","Golden Idol","Whetstone","MawBank"],"potions_floor_usage":[14,14],"damage_taken":[{"damage":0,"enemies":"2 Louse","floor":1,"turns":1},{"damage":0,"enemies":"Jaw Worm","floor":2,"turns":1},{"damage":0,"enemies":"Lagavulin","floor":6,"turns":1},{"damage":13,"enemies":"Small Slimes","floor":11,"turns":3},{"damage":5,"enemies":"Blue Slaver","floor":12,"turns":5},{"damage":13,"enemies":"Gremlin Gang","floor":14,"turns":4},{"damage":76,"enemies":"The Guardian","floor":16,"turns":13}],"seed_played":"-9192682858119411086","potions_obtained":[{"floor":6,"key":"Ancient Potion"},{"floor":11,"key":"SkillPotion"}],"is_trial":false,"path_per_floor":["M","M","?","?","$","E","?","R","T","R","M","M","R","M","R","B"],"character_chosen":"IRONCLAD","items_purchased":["Block Potion"],"campfire_rested":1,"item_purchase_floors":[5],"current_hp_per_floor":[80,80,60,44,44,50,39,39,39,39,32,33,33,26,50,0],"gold":278,"neow_bonus":"THREE_ENEMY_KILL","is_prod":false,"is_daily":false,"chose_seed":false,"campfire_upgraded":3,"win_rate":0,"timestamp":1559086465,"path_taken":["M","M","?","?","$","E","?","R","T","R","M","?","R","M","R","BOSS"],"build_version":"2019-01-23","purchased_purges":1,"victory":false,"max_hp_per_floor":[80,80,80,80,80,80,80,80,80,80,80,80,80,80,80,80],"card_choices":[{"not_picked":["Flex","Clash"],"picked":"Heavy Blade","floor":1},{"not_picked":["Body Slam","Warcry"],"picked":"Impervious","floor":2},{"not_picked":["Wild Strike","Burning Pact"],"picked":"Impervious","floor":6},{"not_picked":["Body Slam","Wild Strike"],"picked":"Armaments","floor":11},{"not_picked":["Blood for Blood","Second Wind"],"picked":"Flex","floor":12},{"not_picked":["Wild Strike","Havoc"],"picked":"Body Slam","floor":14}],"player_experience":221065,"relics_obtained":[{"floor":6,"key":"Whetstone"},{"floor":9,"key":"MawBank"}],"event_choices":[{"damage_healed":0,"gold_gain":0,"player_choice":"Take Damage","damage_taken":20,"relics_obtained":["Golden Idol"],"max_hp_gain":0,"max_hp_loss":0,"event_name":"Golden Idol","floor":3,"gold_loss":0},{"damage_healed":0,"gold_gain":0,"player_choice":"Entered Light","damage_taken":16,"max_hp_gain":0,"max_hp_loss":0,"event_name":"Shining Light","floor":4,"gold_loss":0,"cards_upgraded":["Defend_R","Strike_R"]},{"damage_healed":0,"gold_gain":75,"player_choice":"Gather Gold","damage_taken":11,"max_hp_gain":0,"max_hp_loss":0,"event_name":"World of Goop","floor":7,"gold_loss":0}],"is_beta":false,"boss_relics":[],"items_purged_floors":[5],"is_endless":false,"potions_floor_spawned":[6,11],"killed_by":"The Guardian","ascension_level":5}