{"gold_per_floor":[364,264,282,282,296,314,314,314,338,338,351,367,367,377,377,475,475,489,489,81,95,108,33,33,33,33,33,49,60,73,73,73,172,172,191,191,66,66,79,79,92,92,92,92,107,117,0,0,0,0],"floor_reached":51,"playtime":1268,"items_purged":["Strike_R","Strike_R","Writhe"],"score":666,"play_id":"49c066ce-9abf-4eac-91fc-f6cdf66f7044","local_time":"20190804051434","is_ascension_mode":false,"campfire_choices":[{"data":"Searing Blow","floor":7.0,"key":"SMITH"},{"data":"Searing Blow+1","floor":13.0,"key":"SMITH"},{"data":"Searing Blow+2","floor":15.0,"key":"SMITH"},{"data":"Searing Blow+3","floor":24.0,"key":"SMITH"},{"data":"Searing Blow+4","floor":27.0,"key":"SMITH"},{"data":"Searing Blow+5","floor":32.0,"key":"SMITH"},{"data":"Searing Blow+6","floor":40.0,"key":"SMITH"},{"data":"Searing Blow+7","floor":42.0,"key":"SMITH"},{"data":"Searing Blow+9","floor":49.0,"key":"SMITH"}],"neow_cost":"PERCENT_DAMAGE","seed_source_timestamp":13591661631500,"circlet_count":0,"master_deck":["Strike_R+1","Strike_R+1","Defend_R+1","Defend_R+1","Defend_R+1","Defend_R+1","Bash+1","Sword Boomerang+1","Clothesline+1","Searing Blow+10","Corruption+1","Disarm+1","Flex+1","Reaper+1","Armaments+1","Necronomicurse","Immolate+1","Shrug It Off+1","Whirlwind+1","Double Tap+1","Whirlwind+1","Infernal Blade+1"],"special_seed":0,"relics":["Burning Blood","Lantern","Dream Catcher","Mark of Pain","Necronomicon","Pocketwatch","Paper Frog","Anchor","Runic Dome","Charon\u0027s Ashes","Red Mask","Mark of the Bloom"],"potions_floor_usage":[50,50],"damage_taken":[{"damage":7.0,"enemies":"Small Slimes","floor":1.0,"turns":3.0},{"damage":0.0,"enemies":"2 Louse","floor":3.0,"turns":2.0},{"damage":0.0,"enemies":"Jaw Worm","floor":5.0,"turns":3.0},{"damage":12.0,"enemies":"Large Slime","floor":6.0,"turns":7.0},{"damage":23.0,"enemies":"Exordium Thugs","floor":11.0,"turns":6.0},{"damage":0.0,"enemies":"Exordium Wildlife","floor":12.0,"turns":2.0},{"damage":0.0,"enemies":"3 Louse","floor":14.0,"turns":2.0},{"damage":5.0,"enemies":"Slime Boss","floor":16.0,"turns":7.0},{"damage":7.0,"enemies":"Chosen","floor":18.0,"turns":5.0},{"damage":10.0,"enemies":"Shell Parasite","floor":21.0,"turns":4.0},{"damage":18.0,"enemies":"Centurion and Healer","floor":22.0,"turns":5.0},{"damage":2.0,"enemies":"3 Cultists","floor":28.0,"turns":3.0},{"damage":24.0,"enemies":"Snake Plant","floor":29.0,"turns":3.0},{"damage":2.0,"enemies":"Snecko","floor":30.0,"turns":3.0},{"damage":2.0,"enemies":"Champ","floor":33.0,"turns":6.0},{"damage":27.0,"enemies":"3 Shapes","floor":35.0,"turns":1.0},{"damage":0.0,"enemies":"Orb Walker","floor":39.0,"turns":1.0},{"damage":17.0,"enemies":"Sphere and 2 Shapes","floor":41.0,"turns":3.0},{"damage":17.0,"enemies":"4 Shapes","floor":45.0,"turns":2.0},{"damage":15.0,"enemies":"Maw","floor":46.0,"turns":5.0},{"damage":9,"enemies":"Time Eater","floor":50,"turns":5}],"seed_played":"-7107629395809140629","potions_obtained":[{"floor":1.0,"key":"EssenceOfSteel"},{"floor":12.0,"key":"Fire Potion"},{"floor":14.0,"key":"EssenceOfSteel"},{"floor":16.0,"key":"Strength Potion"},{"floor":21.0,"key":"Block Potion"},{"floor":22.0,"key":"Energy Potion"},{"floor":25.0,"key":"Fruit Juice"},{"floor":25.0,"key":"Strength Potion"}],"is_trial":false,"path_per_floor":["M","$","M","?","M","M","R","?","T","?","M","M","R","M","R","B",null,"M","?","$","M","M","?","R","?","T","R","M","M","M","T","R","B",null,"M","?","$","?","M","R","M","R","T","$","M","M","?","?","R","B",null],"character_chosen":"IRONCLAD","items_purchased":["Sword Boomerang","Pocketwatch"],"campfire_rested":0,"item_purchase_floors":[2,20],"current_hp_per_floor":[55,55,61,58,64,58,58,63,63,46,29,35,35,41,41,42,85,84,68,68,71,73,73,73,78,78,78,90,72,90,90,90,90,90,69,90,90,90,90,90,87,87,87,87,76,75,75,75,75,66],"gold":0,"neow_bonus":"TWO_FIFTY_GOLD","is_prod":false,"is_daily":false,"chose_seed":false,"campfire_upgraded":9,"win_rate":0,"timestamp":1564917274,"path_taken":["M","$","M","?","M","M","R","?","T","?","M","M","R","M","R","BOSS","M","?","$","M","M","?","R","?","T","R","?","M","M","?","R","BOSS","M","?","$","?","M","R","M","R","T","$","?","M","?","?","R","BOSS"],"build_version":"2019-07-17","purchased_purges":3,"victory":true,"max_hp_per_floor":[80,80,80,80,80,80,80,85,85,85,85,85,85,85,85,85,85,85,85,85,85,85,85,85,90,90,90,90,90,90,90,90,90,90,90,90,90,90,90,90,90,90,90,90,90,90,90,90,90,90],"card_choices":[{"not_picked":["Entrench","Pommel Strike","Sever Soul"],"picked":"SKIP","floor":1.0},{"not_picked":["Pommel Strike","Body Slam"],"picked":"Clothesline","floor":3.0},{"not_picked":["Warcry","Twin Strike"],"picked":"Searing Blow","floor":5.0},{"not_picked":["Feel No Pain","Searing Blow"],"picked":"Corruption","floor":6.0},{"not_picked":["Metallicize","Clothesline"],"picked":"Disarm","floor":11.0},{"not_picked":["Bloodletting","Berserk"],"picked":"Flex","floor":12.0},{"not_picked":["Clothesline","Wild Strike","Dropkick"],"picked":"SKIP","floor":14.0},{"not_picked":["Barricade","Berserk"],"picked":"Reaper","floor":16.0},{"not_picked":["Body Slam+1","Armaments","Clothesline+1"],"picked":"SKIP","floor":18.0},{"not_picked":["Body Slam+1","Clothesline+1"],"picked":"Armaments","floor":18.0},{"not_picked":["Pommel Strike","Burning Pact","Shrug It Off"],"picked":"SKIP","floor":21.0},{"not_picked":["Carnage","Anger"],"picked":"Immolate","floor":22.0},{"not_picked":["Sword Boomerang+1","Body Slam"],"picked":"Shrug It Off+1","floor":28.0},{"not_picked":["Thunderclap","Pommel Strike","Power Through+1"],"picked":"SKIP","floor":29.0},{"not_picked":["Heavy Blade","Dropkick"],"picked":"Whirlwind","floor":30.0},{"not_picked":["Dark Embrace","Berserk"],"picked":"Double Tap","floor":33.0},{"not_picked":["Pommel Strike+1","Carnage","Combust+1"],"picked":"SKIP","floor":35.0},{"not_picked":["Dropkick+1","Cleave+1","Shrug It Off+1"],"picked":"SKIP","floor":39.0},{"not_picked":["True Grit+1","Sword Boomerang+1"],"picked":"Whirlwind+1","floor":41.0},{"not_picked":["Perfected Strike+1","Sever Soul","Clash+1"],"picked":"SKIP","floor":45.0},{"not_picked":["Inflame","Thunderclap"],"picked":"Infernal Blade+1","floor":46.0}],"player_experience":1621868,"relics_obtained":[{"floor":9.0,"key":"Dream Catcher"},{"floor":19.0,"key":"Necronomicon"},{"floor":26.0,"key":"Paper Frog"},{"floor":31.0,"key":"Anchor"},{"floor":43.0,"key":"Charon\u0027s Ashes"}],"event_choices":[{"damage_healed":0.0,"max_hp_gain":0.0,"max_hp_loss":0.0,"gold_gain":0.0,"event_name":"Scrap Ooze","player_choice":"Success","floor":4.0,"gold_loss":0.0,"damage_taken":3.0,"relics_obtained":["Lantern"]},{"damage_healed":0.0,"max_hp_gain":5.0,"max_hp_loss":0.0,"gold_gain":0.0,"event_name":"Big Fish","player_choice":"Donut","floor":8.0,"gold_loss":0.0,"damage_taken":0.0},{"damage_healed":0.0,"max_hp_gain":0.0,"max_hp_loss":0.0,"gold_gain":0.0,"event_name":"Shining Light","player_choice":"Entered Light","floor":10.0,"gold_loss":0.0,"damage_taken":17.0,"cards_upgraded":["Sword Boomerang","Strike_R"]},{"damage_healed":0.0,"max_hp_gain":0.0,"max_hp_loss":0.0,"gold_gain":0.0,"event_name":"Cursed Tome","player_choice":"Obtained Book","floor":19.0,"gold_loss":0.0,"damage_taken":16.0},{"cards_removed":["Strike_R"],"damage_healed":0.0,"max_hp_gain":0.0,"max_hp_loss":0.0,"gold_gain":0.0,"event_name":"Beggar","player_choice":"Gave Gold","floor":23.0,"gold_loss":75.0,"damage_taken":0.0},{"damage_healed":0.0,"max_hp_gain":0.0,"max_hp_loss":0.0,"gold_gain":0.0,"event_name":"Lab","player_choice":"Got Potions","floor":25.0,"gold_loss":0.0,"damage_taken":0.0},{"damage_healed":23.0,"max_hp_gain":0.0,"max_hp_loss":0.0,"gold_gain":0.0,"event_name":"Winding Halls","player_choice":"Writhe","floor":36.0,"gold_loss":0.0,"damage_taken":0.0,"cards_obtained":["Writhe"]},{"damage_healed":0.0,"max_hp_gain":0.0,"max_hp_loss":0.0,"gold_gain":0.0,"event_name":"The Woman in Blue","player_choice":"Bought 0 Potions","floor":38.0,"gold_loss":0.0,"damage_taken":0.0},{"damage_healed":0.0,"max_hp_gain":0.0,"max_hp_loss":0.0,"gold_gain":0.0,"event_name":"Tomb of Lord Red Mask","player_choice":"Paid","floor":47.0,"gold_loss":117.0,"damage_taken":0.0,"relics_obtained":["Red Mask"]},{"damage_healed":0.0,"max_hp_gain":0.0,"max_hp_loss":0.0,"gold_gain":0.0,"event_name":"MindBloom","player_choice":"Upgrade","floor":48.0,"gold_loss":0.0,"damage_taken":0.0,"cards_upgraded":["Strike_R","Defend_R","Defend_R","Defend_R","Defend_R","Bash","Clothesline","Searing Blow","Corruption","Disarm","Flex","Reaper","Armaments","Immolate","Whirlwind","Double Tap"],"relics_obtained":["Mark of the Bloom"]}],"is_beta":false,"boss_relics":[{"not_picked":["Lizard Tail","Black Blood"],"picked":"Mark of Pain"},{"not_picked":["Calling Bell","Velvet Choker"],"picked":"Runic Dome"}],"items_purged_floors":[2,20,37],"is_endless":false,"potions_floor_spawned":[1,12,14,16,21,22,28,30,39,45],"ascension_level":0}