{"gold_per_floor":[214,48,48,48,13,13,44,44,90,90,108,108,158,62,62,62],"floor_reached":16,"playtime":407,"items_purged":[],"score":183,"play_id":"bb22c872-49fa-4d48-8032-b5d68063edea","local_time":"20190801190459","is_ascension_mode":true,"campfire_choices":[{"data":"Zap","floor":6,"key":"SMITH"},{"floor":10,"key":"REST"},{"floor":12,"key":"REST"},{"floor":15,"key":"REST"}],"neow_cost":"NONE","seed_source_timestamp":859182062566700,"circlet_count":0,"master_deck":["AscendersBane","Strike_B","Strike_B","Strike_B","Defend_B","Defend_B","Defend_B","Defend_B","Zap+1","Dualcast+1","Cold Snap","Capacitor+1","Cold Snap"],"relics":["Cracked Core","Juzu Bracelet","Golden Idol","Frozen Egg 2","Bag of Preparation"],"potions_floor_usage":[16],"damage_taken":[{"damage":4,"enemies":"Small Slimes","floor":1,"turns":3},{"damage":49,"enemies":"3 Sentries","floor":7,"turns":19},{"damage":2,"enemies":"Jaw Worm","floor":11,"turns":3},{"damage":64,"enemies":"Hexaghost","floor":16,"turns":11}],"seed_played":"-3144350512206028279","potions_obtained":[{"floor":7,"key":"Fire Potion"}],"is_trial":false,"path_per_floor":["M","$","?","?","?","R","E","?","T","R","M","R","?","$","R","B"],"character_chosen":"DEFECT","items_purchased":["Juzu Bracelet","Capacitor+1","Cold Snap"],"campfire_rested":3,"item_purchase_floors":[2,14,14],"current_hp_per_floor":[60,60,60,53,64,64,15,15,15,34,32,51,51,51,64,0],"gold":62,"neow_bonus":"HUNDRED_GOLD","is_prod":false,"is_daily":false,"chose_seed":false,"campfire_upgraded":1,"win_rate":0,"timestamp":1564679099,"path_taken":["M","$","?","?","?","R","E","?","T","R","M","R","?","?","R","BOSS"],"build_version":"2019-07-17","purchased_purges":0,"victory":false,"max_hp_per_floor":[71,71,64,64,64,64,64,64,64,64,64,64,64,64,64,64],"card_choices":[{"not_picked":["Sweeping Beam","Redo"],"picked":"Cold Snap","floor":1},{"not_picked":["Barrage","Go for the Eyes","Lockon"],"picked":"SKIP","floor":7},{"not_picked":["Streamline","Go for the Eyes","Sweeping Beam"],"picked":"SKIP","floor":11}],"player_experience":390418,"relics_obtained":[{"floor":7,"key":"Frozen Egg 2"},{"floor":9,"key":"Bag of Preparation"}],"event_choices":[{"damage_healed":0,"gold_gain":0,"player_choice":"Lose Max HP","damage_taken":0,"relics_obtained":["Golden Idol"],"max_hp_gain":0,"max_hp_loss":7,"event_name":"Golden Idol","floor":3,"gold_loss":0},{"cards_removed":["Strike_B"],"damage_healed":0,"gold_gain":0,"player_choice":"Card Removal","damage_taken":7,"max_hp_gain":0,"max_hp_loss":0,"event_name":"Golden Wing","floor":4,"gold_loss":0},{"damage_healed":16,"gold_gain":0,"player_choice":"Healed","damage_taken":0,"max_hp_gain":0,"max_hp_loss":0,"event_name":"The Cleric","floor":5,"gold_loss":35},{"damage_healed":0,"gold_gain":0,"player_choice":"Upgraded","damage_taken":0,"max_hp_gain":0,"max_hp_loss":0,"event_name":"Upgrade Shrine","floor":8,"gold_loss":0,"cards_upgraded":["Dualcast"]},{"damage_healed":0,"gold_gain":50,"player_choice":"Pray","damage_taken":0,"max_hp_gain":0,"max_hp_loss":0,"event_name":"Golden Shrine","floor":13,"gold_loss":0}],"is_beta":false,"boss_relics":[],"items_purged_floors":[],"is_endless":false,"potions_floor_spawned":[7],"killed_by":"Hexaghost","ascension_level":19}