{"gold_per_floor":[113,113,130,155,4,32,32,50,50,50,50,50,68,81,81,153,153,164,214,214,139,156,156,88,88,88,88,104,104,123,134,134,134],"floor_reached":33,"playtime":868,"items_purged":["Parasite"],"score":473,"play_id":"9c5f3e06-0cbe-4306-b8a8-61101591b62a","local_time":"20190722201648","is_ascension_mode":true,"campfire_choices":[{"data":"Zap","floor":7.0,"key":"SMITH"},{"data":"Ball Lightning","floor":10.0,"key":"SMITH"},{"data":"Consume","floor":15.0,"key":"SMITH"},{"data":"Biased Cognition","floor":23.0,"key":"SMITH"},{"data":"Defragment","floor":27.0,"key":"SMITH"},{"floor":32.0,"key":"REST"}],"neow_cost":"NONE","seed_source_timestamp":748060256388800,"circlet_count":0,"master_deck":["AscendersBane","Strike_B+1","Strike_B+1","Strike_B+1","Defend_B+1","Defend_B+1","Defend_B+1","Defend_B+1","Zap+1","Dualcast","Chill","Ball Lightning+1","BootSequence","Consume+1","Biased Cognition+1","Defragment+1","Loop","Rebound+1"],"special_seed":0,"relics":["FrozenCore","NeowsBlessing","Oddly Smooth Stone","Juzu Bracelet","Pen Nib","Bottled Flame","Letter Opener","Pantograph"],"potions_floor_usage":[33],"damage_taken":[{"damage":0.0,"enemies":"Jaw Worm","floor":1.0,"turns":1.0},{"damage":0.0,"enemies":"Cultist","floor":3.0,"turns":1.0},{"damage":0.0,"enemies":"3 Sentries","floor":6.0,"turns":1.0},{"damage":3.0,"enemies":"2 Louse","floor":8.0,"turns":3.0},{"damage":2.0,"enemies":"Exordium Wildlife","floor":13.0,"turns":2.0},{"damage":0.0,"enemies":"Lots of Slimes","floor":14.0,"turns":3.0},{"damage":52.0,"enemies":"Slime Boss","floor":16.0,"turns":14.0},{"damage":14.0,"enemies":"Shell Parasite","floor":18.0,"turns":5.0},{"damage":2.0,"enemies":"3 Byrds","floor":22.0,"turns":6.0},{"damage":12.0,"enemies":"Centurion and Healer","floor":28.0,"turns":5.0},{"damage":0.0,"enemies":"Cultist and Chosen","floor":30.0,"turns":5.0},{"damage":1.0,"enemies":"Shelled Parasite and Fungi","floor":31.0,"turns":7.0},{"damage":71,"enemies":"Champ","floor":33,"turns":11}],"seed_played":"-3462871945693395181","potions_obtained":[{"floor":1.0,"key":"Block Potion"},{"floor":3.0,"key":"Poison Potion"},{"floor":18.0,"key":"EssenceOfSteel"},{"floor":31.0,"key":"Swift Potion"}],"is_trial":false,"path_per_floor":["M","?","M","T","$","E","R","M","T","R","$","?","M","M","R","B",null,"M","?","?","$","M","R","$","T","T","R","M","?","M","M","R","B"],"character_chosen":"DEFECT","items_purchased":["Juzu Bracelet","Defragment"],"campfire_rested":1,"item_purchase_floors":[5,24],"current_hp_per_floor":[64,64,64,64,64,64,64,61,61,61,61,71,69,69,69,17,58,44,44,44,44,42,42,42,42,42,42,30,30,30,29,49,0],"gold":134,"neow_bonus":"THREE_ENEMY_KILL","is_prod":false,"is_daily":false,"chose_seed":false,"campfire_upgraded":5,"win_rate":0,"timestamp":1563819408,"path_taken":["M","?","?","?","$","E","R","M","T","R","?","?","M","M","R","BOSS","M","?","?","$","M","R","$","?","T","R","M","?","M","M","R","BOSS"],"build_version":"2019-07-17","purchased_purges":1,"victory":false,"max_hp_per_floor":[71,71,71,71,71,71,71,71,71,71,71,71,71,71,71,71,71,71,71,71,68,68,68,68,68,68,68,68,68,68,68,68,68],"card_choices":[{"not_picked":["Lockon","Doom and Gloom","Compile Driver"],"picked":"SKIP","floor":1.0},{"not_picked":["Steam","Compile Driver","Rebound"],"picked":"SKIP","floor":3.0},{"not_picked":["Streamline","Hello World"],"picked":"Chill","floor":6.0},{"not_picked":["Machine Learning","Streamline"],"picked":"Ball Lightning","floor":8.0},{"not_picked":["Chaos","Conserve Battery"],"picked":"BootSequence","floor":13.0},{"not_picked":["Barrage","Double Energy"],"picked":"Consume","floor":14.0},{"not_picked":["Seek","Multi-Cast"],"picked":"Biased Cognition","floor":16.0},{"not_picked":["Tempest","Reprogram","Sweeping Beam"],"picked":"SKIP","floor":18.0},{"not_picked":["Gash","Turbo+1","Blizzard"],"picked":"SKIP","floor":22.0},{"not_picked":["Rebound","Coolheaded","Redo"],"picked":"SKIP","floor":28.0},{"not_picked":["Tempest+1","Sweeping Beam+1"],"picked":"Loop","floor":30.0},{"not_picked":["Streamline","Lockon"],"picked":"Rebound+1","floor":31.0}],"player_experience":365496,"relics_obtained":[{"floor":4.0,"key":"Oddly Smooth Stone"},{"floor":6.0,"key":"Pen Nib"},{"floor":9.0,"key":"Bottled Flame"},{"floor":25.0,"key":"Letter Opener"},{"floor":26.0,"key":"Pantograph"}],"event_choices":[{"cards_removed":["Strike_B"],"damage_healed":0.0,"max_hp_gain":0.0,"max_hp_loss":0.0,"gold_gain":0.0,"event_name":"Bonfire Elementals","player_choice":"Offered Basic","floor":2.0,"gold_loss":0.0,"damage_taken":0.0},{"damage_healed":17.0,"max_hp_gain":0.0,"max_hp_loss":0.0,"gold_gain":0.0,"event_name":"Mushrooms","player_choice":"Healed and dodged fight","floor":12.0,"gold_loss":0.0,"damage_taken":0.0,"cards_obtained":["Parasite"]},{"damage_healed":0.0,"max_hp_gain":0.0,"max_hp_loss":0.0,"gold_gain":50.0,"event_name":"Nest","player_choice":"Stole From Cult","floor":19.0,"gold_loss":0.0,"damage_taken":0.0},{"damage_healed":0.0,"max_hp_gain":0.0,"max_hp_loss":0.0,"gold_gain":0.0,"event_name":"Back to Basics","player_choice":"Simplicity","floor":20.0,"gold_loss":0.0,"damage_taken":0.0,"cards_upgraded":["Strike_B","Strike_B","Strike_B","Defend_B","Defend_B","Defend_B","Defend_B"]},{"damage_healed":0.0,"max_hp_gain":0.0,"max_hp_loss":0.0,"gold_gain":0.0,"event_name":"Cursed Tome","player_choice":"Ignored","floor":29.0,"gold_loss":0.0,"damage_taken":0.0}],"is_beta":false,"boss_relics":[{"not_picked":["White Beast Statue","Empty Cage"],"picked":"FrozenCore"}],"items_purged_floors":[21],"is_endless":false,"potions_floor_spawned":[1,3,6,18,31],"killed_by":"Champ","ascension_level":15}