{"gold_per_floor":[117,42,42,42,58,58,58,83,107,107,7,82,82,102,102,207,207,190,205,222,222,240,270,270,300,325,325],"floor_reached":27,"playtime":1339,"items_purged":["Defend_B","Defend_B"],"score":289,"play_id":"b307c4b4-49d2-44a0-ac76-be8baa58190e","local_time":"20190107231801","is_ascension_mode":false,"campfire_choices":[{"data":"Zap","floor":6,"key":"SMITH"},{"data":"Loop","floor":10,"key":"SMITH"},{"data":"Glacier","floor":13,"key":"SMITH"},{"data":"Consume","floor":15,"key":"SMITH"},{"data":"Defragment","floor":24,"key":"SMITH"}],"neow_cost":"NONE","seed_source_timestamp":1494939591347874,"circlet_count":0,"master_deck":["Strike_B","Strike_B","Strike_B","Strike_B","Defend_B+1","Zap+1","Dualcast+1","Meteor Strike","Glacier+1","Loop+1","Consume+1","Multi-Cast","Turbo","Defragment+1","Storm","Auto Shields+1","Tempest","Electrodynamics"],"relics":["Cracked Core","War Paint","Happy Flower","Black Star","Bag of Preparation","Ginger","Sundial","Mango","Vajra"],"potions_floor_usage":[25],"damage_taken":[{"damage":1,"enemies":"Jaw Worm","floor":1,"turns":4},{"damage":0,"enemies":"2 Louse","floor":5,"turns":3},{"damage":2,"enemies":"Cultist","floor":14,"turns":3},{"damage":0,"enemies":"The Guardian","floor":16,"turns":10},{"damage":16,"enemies":"2 Thieves","floor":18,"turns":4},{"damage":2,"enemies":"Chosen","floor":19,"turns":4},{"damage":0,"enemies":"Sentry and Sphere","floor":20,"turns":8},{"damage":17,"enemies":"Cultist and Chosen","floor":22,"turns":7},{"damage":18,"enemies":"Book of Stabbing","floor":23,"turns":8},{"damage":10,"enemies":"Gremlin Leader","floor":25,"turns":4},{"damage":20,"enemies":"Book of Stabbing","floor":27,"turns":5}],"seed_played":"-1957271363262182221","potions_obtained":[{"floor":14,"key":"PowerPotion"},{"floor":22,"key":"FearPotion"},{"floor":25,"key":"AttackPotion"}],"is_trial":false,"path_per_floor":["M","$","?","?","M","R","?","T","T","R","$","?","R","M","R","B",null,"M","M","M","?","M","E","R","E","T","E"],"character_chosen":"DEFECT","items_purchased":[],"campfire_rested":0,"item_purchase_floors":[],"current_hp_per_floor":[74,74,74,74,74,74,49,49,49,49,49,42,42,40,40,40,75,59,57,57,50,33,15,15,19,19,0],"gold":325,"neow_bonus":"ONE_RANDOM_RARE_CARD","is_prod":false,"is_daily":false,"chose_seed":false,"campfire_upgraded":5,"win_rate":0,"timestamp":1546928281,"path_taken":["M","$","?","?","M","R","?","?","T","R","$","?","R","M","R","BOSS","M","M","M","?","M","E","R","E","T","E"],"build_version":"2019-01-03v4","purchased_purges":2,"victory":false,"max_hp_per_floor":[75,75,75,75,75,75,75,75,75,75,75,75,75,75,75,75,75,75,75,75,75,75,75,75,89,89,89],"card_choices":[{"not_picked":["Steam","Sweeping Beam"],"picked":"Glacier","floor":1},{"not_picked":["Cold Snap","Genetic Algorithm"],"picked":"Loop","floor":5},{"not_picked":["Sunder","FTL"],"picked":"Consume","floor":14},{"not_picked":["Fission","Meteor Strike"],"picked":"Multi-Cast","floor":16},{"not_picked":["Conserve Battery","Blizzard"],"picked":"Turbo","floor":18},{"not_picked":["Rebound","Beam Cell"],"picked":"Defragment","floor":19},{"not_picked":["Lockon","Blizzard"],"picked":"Storm","floor":20},{"not_picked":["Cold Snap","Redo"],"picked":"Auto Shields+1","floor":22},{"not_picked":["Cold Snap","Beam Cell"],"picked":"Tempest","floor":23},{"not_picked":["Stack","Chill"],"picked":"Electrodynamics","floor":25}],"player_experience":228269,"relics_obtained":[{"floor":8,"key":"Happy Flower"},{"floor":23,"key":"Bag of Preparation"},{"floor":23,"key":"Ginger"},{"floor":25,"key":"Sundial"},{"floor":25,"key":"Mango"},{"floor":26,"key":"Vajra"}],"event_choices":[{"damage_healed":0,"gold_gain":0,"player_choice":"Ignored","damage_taken":0,"max_hp_gain":0,"max_hp_loss":0,"event_name":"Liars Game","floor":3,"gold_loss":0},{"cards_removed":["Defend_B"],"damage_healed":0,"gold_gain":0,"player_choice":"Forget","damage_taken":0,"max_hp_gain":0,"max_hp_loss":0,"event_name":"Living Wall","floor":4,"gold_loss":0},{"damage_healed":0,"gold_gain":0,"player_choice":"Success","damage_taken":25,"relics_obtained":["War Paint"],"max_hp_gain":0,"max_hp_loss":0,"event_name":"Scrap Ooze","floor":7,"gold_loss":0},{"damage_healed":0,"gold_gain":75,"player_choice":"Touch","damage_taken":7,"max_hp_gain":0,"max_hp_loss":0,"event_name":"FaceTrader","floor":12,"gold_loss":0},{"damage_healed":0,"gold_gain":0,"player_choice":"Damaged","damage_taken":7,"max_hp_gain":0,"max_hp_loss":0,"event_name":"Wheel of Change","floor":21,"gold_loss":0}],"is_beta":true,"boss_relics":[{"not_picked":["White Beast Statue","Empty Cage"],"picked":"Black Star"}],"items_purged_floors":[2,11],"is_endless":false,"potions_floor_spawned":[14,22,25],"killed_by":"Book of Stabbing","ascension_level":0}