{"gold_per_floor":[114,132,150,161,175,202,214,191,203,240,271,308,337,361,373,385],"floor_reached":16,"playtime":1622,"items_purged":[],"score":151,"play_id":"f4453ac6-34e0-4167-a508-f9d74571ff6d","local_time":"20190525204740","is_ascension_mode":true,"campfire_choices":[{"data":"Shockwave","floor":7,"key":"SMITH"},{"data":"Seeing Red","floor":15,"key":"SMITH"}],"neow_cost":"NONE","seed_source_timestamp":98155558814242,"circlet_count":0,"master_deck":["Strike_R","Strike_R","Strike_R","Strike_R","Strike_R","Defend_R","Defend_R","Defend_R","Defend_R","Bash","Headbutt","Seeing Red+1","Headbutt","Shockwave+1","Body Slam","Pommel Strike","Searing Blow","Entrench+1","Fiend Fire","Warcry+1","True Grit+1"],"relics":["Burning Blood","MawBank","Toxic Egg 2","Ornamental Fan","Meat on the Bone"],"potions_floor_usage":[6,6,10,12,12,16,16],"damage_taken":[{"damage":1,"enemies":"Cultist","floor":1,"turns":3},{"damage":1,"enemies":"2 Louse","floor":2,"turns":3},{"damage":0,"enemies":"Small Slimes","floor":3,"turns":3},{"damage":22,"enemies":"Red Slaver","floor":4,"turns":4},{"damage":21,"enemies":"Lots of Slimes","floor":5,"turns":5},{"damage":22,"enemies":"Gremlin Nob","floor":6,"turns":4},{"damage":16,"enemies":"Lagavulin","floor":10,"turns":4},{"damage":11,"enemies":"2 Fungi Beasts","floor":11,"turns":3},{"damage":37,"enemies":"3 Sentries","floor":12,"turns":6},{"damage":9,"enemies":"Looter","floor":13,"turns":4},{"damage":12,"enemies":"Red Slaver","floor":14,"turns":4},{"damage":60,"enemies":"The Guardian","floor":16,"turns":13}],"seed_played":"-8281213324223255565","potions_obtained":[{"floor":0,"key":"Poison Potion"},{"floor":0,"key":"SneckoOil"},{"floor":0,"key":"Regen Potion"},{"floor":3,"key":"Regen Potion"},{"floor":5,"key":"AttackPotion"},{"floor":10,"key":"Weak Potion"},{"floor":11,"key":"LiquidBronze"},{"floor":12,"key":"Weak Potion"},{"floor":14,"key":"EssenceOfSteel"}],"is_trial":false,"path_per_floor":["M","M","M","M","M","E","R","?","T","E","M","E","M","M","R","B"],"character_chosen":"IRONCLAD","items_purchased":[],"campfire_rested":0,"item_purchase_floors":[],"current_hp_per_floor":[80,80,80,64,49,42,42,62,62,52,47,16,25,31,31,0],"gold":385,"neow_bonus":"THREE_SMALL_POTIONS","is_prod":false,"is_daily":false,"chose_seed":false,"campfire_upgraded":2,"win_rate":0,"timestamp":1558835260,"path_taken":["M","M","M","?","M","E","R","?","T","E","M","E","M","M","R","BOSS"],"build_version":"2019-01-23","purchased_purges":0,"victory":false,"max_hp_per_floor":[80,80,80,80,80,80,80,80,80,80,80,80,80,80,80,80],"card_choices":[{"not_picked":["Disarm","Anger"],"picked":"Headbutt","floor":1},{"not_picked":["Flex","Perfected Strike"],"picked":"Seeing Red","floor":2},{"not_picked":["Blood for Blood","Brutality"],"picked":"Headbutt","floor":3},{"not_picked":["Warcry","Iron Wave"],"picked":"Shockwave","floor":4},{"not_picked":["Reckless Charge","Carnage"],"picked":"Body Slam","floor":5},{"not_picked":["Metallicize","Disarm"],"picked":"Pommel Strike","floor":6},{"not_picked":["True Grit+1","Pommel Strike"],"picked":"Searing Blow","floor":10},{"not_picked":["Hemokinesis","Wild Strike"],"picked":"Entrench+1","floor":11},{"not_picked":["Headbutt","Hemokinesis"],"picked":"Fiend Fire","floor":12},{"not_picked":["Combust","Heavy Blade"],"picked":"Warcry+1","floor":13},{"not_picked":["Warcry+1","Evolve"],"picked":"True Grit+1","floor":14}],"player_experience":191284,"relics_obtained":[{"floor":6,"key":"MawBank"},{"floor":9,"key":"Toxic Egg 2"},{"floor":10,"key":"Ornamental Fan"},{"floor":12,"key":"Meat on the Bone"}],"event_choices":[{"damage_healed":20,"gold_gain":0,"player_choice":"Healed","damage_taken":0,"max_hp_gain":0,"max_hp_loss":0,"event_name":"The Cleric","floor":8,"gold_loss":35}],"is_beta":false,"boss_relics":[],"items_purged_floors":[],"is_endless":false,"potions_floor_spawned":[3,5,10,11,12,14],"killed_by":"The Guardian","ascension_level":4}