{"gold_per_floor":[114,114,74,74,224,224,245,289,289,322,338,382,382,397,397,493,493,518,518,534,9,9,9,9,9,55,89,102,114,114,134,134,208,258,275,285,285,14,14,14,14,32,32,32,43,59,77,96,96,96],"floor_reached":51,"playtime":2244,"items_purged":["Doubt"],"score":1275,"play_id":"fd027c44-fe01-4adc-a85b-9ed11d5f87f0","local_time":"20190801142054","is_ascension_mode":true,"campfire_choices":[{"data":"Genetic Algorithm","floor":6.0,"key":"SMITH"},{"floor":13.0,"key":"REST"},{"data":"Electrodynamics","floor":15.0,"key":"SMITH"},{"floor":23.0,"key":"REST"},{"floor":25.0,"key":"REST"},{"floor":30.0,"key":"REST"},{"floor":32.0,"key":"REST"},{"data":"Glacier","floor":40.0,"key":"SMITH"},{"data":"Dualcast","floor":44.0,"key":"SMITH"},{"data":"Defragment","floor":49,"key":"SMITH"}],"neow_cost":"NONE","seed_source_timestamp":840204689056800,"circlet_count":0,"master_deck":["AscendersBane","Strike_B","Strike_B+1","Strike_B","Strike_B","Defend_B","Defend_B","Defend_B","Zap+1","Dualcast+1","Cold Snap","Genetic Algorithm+1","Electrodynamics+1","White Noise","Double Energy","Seek","Cold Snap+1","Gash+1","Self Repair","Conserve Battery+1","Reboot","Glacier+1","Force Field+1","Chill","White Noise+1","Heatsinks+1","Defragment+1","Tempest"],"special_seed":0,"relics":["Cracked Core","NeowsBlessing","Bloody Idol","Emotion Chip","Bottled Lightning","Dodecahedron","Incense Burner","Inserter","MutagenicStrength","Mummified Hand","Strawberry","Lantern","DataDisk","Tiny House","Letter Opener","Pen Nib"],"potions_floor_usage":[50,50],"damage_taken":[{"damage":0.0,"enemies":"Jaw Worm","floor":1.0,"turns":1.0},{"damage":0.0,"enemies":"2 Louse","floor":7.0,"turns":1.0},{"damage":0.0,"enemies":"Lagavulin","floor":8.0,"turns":1.0},{"damage":3.0,"enemies":"3 Sentries","floor":10.0,"turns":2.0},{"damage":0.0,"enemies":"Cultist","floor":11.0,"turns":4.0},{"damage":16.0,"enemies":"Lagavulin","floor":12.0,"turns":8.0},{"damage":0.0,"enemies":"Blue Slaver","floor":14.0,"turns":3.0},{"damage":38.0,"enemies":"Hexaghost","floor":16.0,"turns":12.0},{"damage":12.0,"enemies":"2 Thieves","floor":18.0,"turns":3.0},{"damage":14.0,"enemies":"Shell Parasite","floor":20.0,"turns":5.0},{"damage":20.0,"enemies":"Gremlin Leader","floor":27.0,"turns":6.0},{"damage":16.0,"enemies":"Sentry and Sphere","floor":28.0,"turns":4.0},{"damage":8.0,"enemies":"Centurion and Healer","floor":29.0,"turns":3.0},{"damage":18.0,"enemies":"Shelled Parasite and Fungi","floor":31.0,"turns":4.0},{"damage":18.0,"enemies":"Automaton","floor":33.0,"turns":10.0},{"damage":0.0,"enemies":"3 Shapes","floor":35.0,"turns":5.0},{"damage":3.0,"enemies":"Orb Walker","floor":36.0,"turns":4.0},{"damage":0.0,"enemies":"3 Darklings","floor":42.0,"turns":5.0},{"damage":0.0,"enemies":"4 Shapes","floor":45.0,"turns":2.0},{"damage":20.0,"enemies":"Sphere and 2 Shapes","floor":46.0,"turns":6.0},{"damage":4.0,"enemies":"Transient","floor":47.0,"turns":6.0},{"damage":0,"enemies":"3 Darklings","floor":48,"turns":4},{"damage":62,"enemies":"Awakened One","floor":50,"turns":15}],"seed_played":"8365039556505811806","potions_obtained":[{"floor":1.0,"key":"Swift Potion"},{"floor":11.0,"key":"GamblersBrew"},{"floor":14.0,"key":"AttackPotion"},{"floor":27.0,"key":"Weak Potion"},{"floor":28.0,"key":"Fire Potion"},{"floor":34.0,"key":"PowerPotion"},{"floor":48,"key":"Regen Potion"}],"is_trial":false,"path_per_floor":["M","?","$","?","?","R","M","E","T","E","M","E","R","M","R","B",null,"M","?","M","$","?","R","$","R","T","E","M","M","R","M","R","B",null,"M","M","?","$","?","R","$","M","T","R","M","M","M","M","R","B",null],"character_chosen":"DEFECT","items_purchased":["Genetic Algorithm","Mummified Hand","Strawberry","Letter Opener"],"campfire_rested":5,"item_purchase_floors":[3,21,21,38],"current_hp_per_floor":[64,64,64,64,64,64,64,64,64,61,61,45,64,64,64,26,55,43,43,29,36,36,57,57,71,71,56,45,49,70,64,71,65,76,76,76,76,76,76,76,76,76,76,76,76,68,76,76,76,36],"gold":96,"neow_bonus":"THREE_ENEMY_KILL","is_prod":false,"is_daily":false,"chose_seed":false,"campfire_upgraded":5,"win_rate":0,"timestamp":1564662054,"path_taken":["M","?","$","?","?","R","M","E","T","E","?","E","R","M","R","BOSS","M","?","M","$","?","R","?","R","T","E","M","?","R","M","R","BOSS","M","M","?","$","?","R","$","M","T","R","M","M","M","M","R","BOSS"],"build_version":"2019-07-17","purchased_purges":1,"victory":true,"max_hp_per_floor":[71,71,71,64,64,64,64,64,64,64,64,64,64,64,64,64,64,64,64,64,71,71,71,71,71,71,71,71,71,71,71,71,71,76,76,76,76,76,76,76,76,76,76,76,76,76,76,76,76,76],"card_choices":[{"not_picked":["Skim","Compile Driver"],"picked":"Cold Snap","floor":1.0},{"not_picked":["Streamline","Turbo","Steam Power"],"picked":"SKIP","floor":7.0},{"not_picked":["Go for the Eyes","White Noise"],"picked":"Electrodynamics","floor":8.0},{"not_picked":["Steam","Go for the Eyes","Recycle"],"picked":"SKIP","floor":10.0},{"not_picked":["Fusion","Skim"],"picked":"White Noise","floor":11.0},{"not_picked":["Streamline","Amplify","Beam Cell"],"picked":"SKIP","floor":12.0},{"not_picked":["Barrage","Ball Lightning"],"picked":"Double Energy","floor":14.0},{"not_picked":["Reboot","Fission"],"picked":"Seek","floor":16.0},{"not_picked":["Streamline","Rebound","Compile Driver"],"picked":"SKIP","floor":18.0},{"not_picked":["Sunder","Streamline"],"picked":"Cold Snap+1","floor":20.0},{"not_picked":["Reinforced Body","Ball Lightning"],"picked":"Gash+1","floor":27.0},{"not_picked":["Hello World","Machine Learning"],"picked":"Self Repair","floor":28.0},{"not_picked":["Cold Snap","Rebound","Tempest"],"picked":"SKIP","floor":29.0},{"not_picked":["Turbo","Hello World"],"picked":"Conserve Battery+1","floor":31.0},{"not_picked":["Rainbow","Thunder Strike"],"picked":"Reboot","floor":33.0},{"not_picked":["Force Field","Fusion"],"picked":"Glacier","floor":34.0},{"not_picked":["Compile Driver","Go for the Eyes"],"picked":"Force Field+1","floor":35.0},{"not_picked":["Conserve Battery","Sweeping Beam","Turbo"],"picked":"SKIP","floor":36.0},{"not_picked":["Hologram","Cold Snap"],"picked":"Chill","floor":42.0},{"not_picked":["Electrodynamics","Go for the Eyes+1"],"picked":"White Noise+1","floor":45.0},{"not_picked":["Steam","Glacier"],"picked":"Heatsinks+1","floor":46.0},{"not_picked":["Compile Driver","Genetic Algorithm+1"],"picked":"Defragment","floor":47.0},{"not_picked":["Undo","Stack"],"picked":"Tempest","floor":48}],"player_experience":386177,"relics_obtained":[{"floor":8.0,"key":"Emotion Chip"},{"floor":9.0,"key":"Bottled Lightning"},{"floor":10.0,"key":"Dodecahedron"},{"floor":12.0,"key":"Incense Burner"},{"floor":26.0,"key":"Lantern"},{"floor":27.0,"key":"DataDisk"},{"floor":43.0,"key":"Pen Nib"}],"event_choices":[{"damage_healed":0.0,"max_hp_gain":0.0,"max_hp_loss":0.0,"gold_gain":0.0,"event_name":"Living Wall","player_choice":"Grow","floor":2.0,"gold_loss":0.0,"damage_taken":0.0,"cards_upgraded":["Zap"]},{"damage_healed":0.0,"max_hp_gain":0.0,"max_hp_loss":7.0,"gold_gain":0.0,"event_name":"Golden Idol","player_choice":"Lose Max HP","floor":4.0,"gold_loss":0.0,"damage_taken":0.0,"relics_obtained":["Golden Idol"]},{"damage_healed":0.0,"max_hp_gain":0.0,"max_hp_loss":0.0,"gold_gain":150.0,"event_name":"Liars Game","player_choice":"AGREE","floor":5.0,"gold_loss":0.0,"damage_taken":0.0,"cards_obtained":["Doubt"]},{"damage_healed":0.0,"max_hp_gain":0.0,"max_hp_loss":0.0,"gold_gain":0.0,"event_name":"Drug Dealer","player_choice":"Inject Mutagens","floor":19.0,"gold_loss":0.0,"damage_taken":0.0,"relics_obtained":["MutagenicStrength"]},{"damage_healed":0.0,"max_hp_gain":0.0,"max_hp_loss":0.0,"gold_gain":0.0,"event_name":"Forgotten Altar","player_choice":"Gave Idol","floor":22.0,"relics_lost":["Golden Idol"],"gold_loss":0.0,"damage_taken":0.0,"relics_obtained":["Bloody Idol"]},{"cards_removed":["Defend_B"],"damage_healed":0.0,"max_hp_gain":0.0,"max_hp_loss":0.0,"gold_gain":0.0,"event_name":"Falling","player_choice":"Removed Skill","floor":37.0,"gold_loss":0.0,"damage_taken":0.0},{"damage_healed":0.0,"max_hp_gain":0.0,"max_hp_loss":0.0,"gold_gain":0.0,"event_name":"FaceTrader","player_choice":"Leave","floor":39.0,"gold_loss":0.0,"damage_taken":0.0}],"is_beta":false,"boss_relics":[{"not_picked":["Coffee Dripper","Calling Bell"],"picked":"Inserter"},{"not_picked":["Cursed Key","Philosopher\u0027s Stone"],"picked":"Tiny House"}],"items_purged_floors":[21],"is_endless":false,"potions_floor_spawned":[1,11,12,14,27,28,31,35,48],"ascension_level":17}