{"gold_per_floor":[111,128,128,139,154,180,180,192,192,192,192,206,221,233,233,336,336,355,375,375,395,320,332,348,365,365,377,377,377,377,390,390,390],"floor_reached":33,"playtime":3897,"items_purged":[],"score":282,"play_id":"f1405d94-df62-410a-9c32-f2d86f576ff8","local_time":"20190804095439","is_ascension_mode":false,"campfire_choices":[{"floor":7,"key":"REST"},{"floor":10,"key":"REST"},{"floor":15,"key":"REST"},{"floor":29,"key":"REST"},{"floor":32,"key":"REST"}],"neow_cost":"NONE","seed_source_timestamp":675840595025600,"circlet_count":0,"master_deck":["Defend_G+1","Defend_G","Defend_G+1","Survivor","Neutralize","Poisoned Stab","Endless Agony","Caltrops","Bouncing Flask","PiercingWail","Underhanded Strike","Slice+1","Dash+1","Dash+1","Doppelganger","Heel Hook+1","Infinite Blades","Bite+1","Bite+1","Bite+1","Bite+1","Bite+1","Dagger Throw+1","Sucker Punch+1","Sucker Punch+1","Crippling Poison+1","PiercingWail","Iron Wave","Poisoned Stab+1"],"relics":["Ring of the Snake","StoneCalendar","Molten Egg 2","Black Star","Letter Opener","Pantograph"],"potions_floor_usage":[25,27,33],"damage_taken":[{"damage":0,"enemies":"2 Louse","floor":1,"turns":2},{"damage":0,"enemies":"Small Slimes","floor":2,"turns":3},{"damage":0,"enemies":"Jaw Worm","floor":4,"turns":4},{"damage":3,"enemies":"Large Slime","floor":5,"turns":8},{"damage":35,"enemies":"Gremlin Nob","floor":6,"turns":4},{"damage":1,"enemies":"Blue Slaver","floor":8,"turns":3},{"damage":0,"enemies":"2 Fungi Beasts","floor":12,"turns":4},{"damage":0,"enemies":"Exordium Thugs","floor":13,"turns":4},{"damage":10,"enemies":"Lots of Slimes","floor":14,"turns":3},{"damage":36,"enemies":"Hexaghost","floor":16,"turns":9},{"damage":18,"enemies":"Chosen","floor":18,"turns":5},{"damage":0,"enemies":"3 Byrds","floor":19,"turns":4},{"damage":29,"enemies":"Centurion and Healer","floor":21,"turns":7},{"damage":8,"enemies":"Snecko","floor":23,"turns":5},{"damage":38,"enemies":"3 Cultists","floor":24,"turns":6},{"damage":31,"enemies":"Shelled Parasite and Fungi","floor":25,"turns":6},{"damage":13,"enemies":"Centurion and Healer","floor":27,"turns":6},{"damage":32,"enemies":"Sentry and Sphere","floor":31,"turns":6},{"damage":77,"enemies":"Automaton","floor":33,"turns":6}],"seed_played":"4908666795739610343","potions_obtained":[{"floor":1,"key":"Ancient Potion"},{"floor":5,"key":"GhostInAJar"},{"floor":13,"key":"LiquidBronze"},{"floor":16,"key":"FearPotion"},{"floor":18,"key":"Block Potion"},{"floor":24,"key":"Fire Potion"},{"floor":25,"key":"FairyPotion"},{"floor":31,"key":"Dexterity Potion"}],"is_trial":false,"path_per_floor":["M","M","?","M","M","E","R","M","T","R","?","M","M","M","R","B",null,"M","M","?","M","?","M","M","M","T","M","T","R","?","M","R","B"],"character_chosen":"THE_SILENT","items_purchased":[],"campfire_rested":5,"item_purchase_floors":[],"current_hp_per_floor":[77,77,62,62,59,24,47,46,46,69,69,69,69,59,77,41,77,59,59,53,36,36,40,23,16,16,12,12,27,27,5,20,0],"gold":390,"neow_bonus":"TEN_PERCENT_HP_BONUS","is_prod":false,"is_daily":false,"chose_seed":false,"campfire_upgraded":0,"win_rate":0.0,"timestamp":1564926879,"path_taken":["M","M","?","M","M","E","R","M","T","R","?","M","M","M","R","BOSS","M","M","?","M","?","M","M","M","T","M","?","R","?","M","R","BOSS"],"build_version":"2019-07-17","purchased_purges":0,"victory":false,"max_hp_per_floor":[77,77,77,77,77,77,77,77,77,77,77,77,77,77,77,77,77,77,77,53,53,53,53,53,53,53,53,53,53,53,53,53,53],"card_choices":[{"not_picked":["Terror","Crippling Poison"],"picked":"Poisoned Stab","floor":1},{"not_picked":["Outmaneuver","Acrobatics"],"picked":"Endless Agony","floor":2},{"not_picked":["Backflip","Flying Knee"],"picked":"Caltrops","floor":4},{"not_picked":["Footwork","Quick Slash"],"picked":"Bouncing Flask","floor":5},{"not_picked":["Tools of the Trade","Blade Dance"],"picked":"PiercingWail","floor":6},{"not_picked":["Acrobatics","Sucker Punch"],"picked":"Underhanded Strike","floor":8},{"not_picked":["Outmaneuver","Terror"],"picked":"Slice+1","floor":12},{"not_picked":["Dodge and Roll","Predator+1"],"picked":"Dash+1","floor":13},{"not_picked":["Prepared","Wraith Form v2"],"picked":"Dash+1","floor":14},{"not_picked":["After Image","Envenom"],"picked":"Doppelganger","floor":16},{"not_picked":["Acrobatics","Dodge and Roll+1"],"picked":"Heel Hook+1","floor":18},{"not_picked":["Expertise","Slice+1"],"picked":"Infinite Blades","floor":19},{"not_picked":["Blur","Backflip+1"],"picked":"Dagger Throw+1","floor":21},{"not_picked":["Deflect","Unload+1"],"picked":"Sucker Punch+1","floor":23},{"not_picked":["Underhanded Strike+1","Outmaneuver"],"picked":"Sucker Punch+1","floor":24},{"not_picked":["Dodge and Roll+1","Deflect+1"],"picked":"Crippling Poison+1","floor":25},{"not_picked":["Underhanded Strike+1","Outmaneuver"],"picked":"PiercingWail","floor":27},{"not_picked":["Eviscerate+1","Outmaneuver+1"],"picked":"Poisoned Stab+1","floor":31}],"player_experience":3979,"relics_obtained":[{"floor":6,"key":"StoneCalendar"},{"floor":9,"key":"Molten Egg 2"},{"floor":26,"key":"Letter Opener"},{"floor":28,"key":"Pantograph"}],"event_choices":[{"damage_healed":0,"gold_gain":0,"player_choice":"Entered Light","damage_taken":15,"max_hp_gain":0,"max_hp_loss":0,"event_name":"Shining Light","floor":3,"gold_loss":0,"cards_upgraded":["Defend_G","Defend_G"]},{"damage_healed":0,"gold_gain":0,"player_choice":"Ignored","damage_taken":0,"max_hp_gain":0,"max_hp_loss":0,"event_name":"Golden Idol","floor":11,"gold_loss":0},{"damage_healed":0,"gold_gain":0,"player_choice":"Became a vampire","damage_taken":0,"max_hp_gain":0,"max_hp_loss":24,"event_name":"Vampires","floor":20,"gold_loss":0,"cards_obtained":["Bite","Bite","Bite","Bite","Bite"]},{"cards_removed":["Defend_G"],"damage_healed":0,"gold_gain":0,"player_choice":"Gave Gold","damage_taken":0,"max_hp_gain":0,"max_hp_loss":0,"event_name":"Beggar","floor":22,"gold_loss":75},{"cards_removed":["Defend_G"],"damage_healed":0,"gold_gain":0,"player_choice":"Took Card","damage_taken":0,"max_hp_gain":0,"max_hp_loss":0,"event_name":"NoteForYourself","floor":30,"gold_loss":0,"cards_obtained":["Iron Wave"]}],"is_beta":false,"boss_relics":[{"not_picked":["Cursed Key","HoveringKite"],"picked":"Black Star"}],"items_purged_floors":[],"is_endless":false,"potions_floor_spawned":[1,5,13,14,16,18,24,25,31],"killed_by":"Automaton","ascension_level":0}