{"gold_per_floor":[111,17,27,37,50,78,78,95,121,121,155,155,215,228,228,228],"floor_reached":16,"playtime":608,"items_purged":[],"score":162,"play_id":"cbad490a-11f1-4c7e-bf2d-68986a756492","local_time":"20190622105022","is_ascension_mode":true,"campfire_choices":[{"floor":7,"key":"REST"},{"data":"Carnage","floor":12,"key":"SMITH"},{"data":"Disarm","floor":15,"key":"SMITH"}],"neow_cost":"PERCENT_DAMAGE","seed_source_timestamp":228202312823165,"circlet_count":0,"master_deck":["Strike_R","Strike_R","Strike_R","Strike_R","Strike_R","Defend_R","Defend_R","Defend_R","Defend_R","Bash","Cleave","Dark Shackles","Disarm+1","Hemokinesis","Carnage+1","Shrug It Off","Immolate","Feel No Pain","Intimidate","Shrug It Off"],"relics":["Burning Blood","Incense Burner","Letter Opener","Ancient Tea Set","PreservedInsect","Bronze Scales"],"potions_floor_usage":[11,14],"damage_taken":[{"damage":14,"enemies":"Jaw Worm","floor":1,"turns":3},{"damage":1,"enemies":"2 Louse","floor":3,"turns":2},{"damage":2,"enemies":"Small Slimes","floor":4,"turns":3},{"damage":7,"enemies":"Looter","floor":5,"turns":3},{"damage":28,"enemies":"Lagavulin","floor":6,"turns":5},{"damage":1,"enemies":"3 Louse","floor":8,"turns":3},{"damage":39,"enemies":"Gremlin Nob","floor":11,"turns":5},{"damage":21,"enemies":"Lagavulin Event","floor":13,"turns":3},{"damage":10,"enemies":"Gremlin Gang","floor":14,"turns":3},{"damage":26,"enemies":"Hexaghost","floor":16,"turns":7}],"seed_played":"-3660301392401448239","potions_obtained":[{"floor":5,"key":"Strength Potion"},{"floor":6,"key":"FearPotion"},{"floor":8,"key":"Regen Potion"},{"floor":13,"key":"Explosive Potion"}],"is_trial":false,"path_per_floor":["M","$","M","M","M","E","R","M","T","?","E","R","?","M","R","B"],"character_chosen":"IRONCLAD","items_purchased":["Dark Shackles"],"campfire_rested":1,"item_purchase_floors":[2],"current_hp_per_floor":[43,43,48,52,51,29,53,58,58,63,44,44,29,25,25,0],"gold":228,"neow_bonus":"ONE_RARE_RELIC","is_prod":false,"is_daily":false,"chose_seed":false,"campfire_upgraded":2,"win_rate":0,"timestamp":1561218622,"path_taken":["M","$","M","M","M","E","R","M","T","?","E","R","?","M","R","BOSS"],"build_version":"2019-01-23","purchased_purges":0,"victory":false,"max_hp_per_floor":[80,80,80,80,80,80,80,80,80,85,85,85,85,85,85,85],"card_choices":[{"not_picked":["Headbutt","Pummel"],"picked":"Cleave","floor":1},{"not_picked":["Iron Wave","Flex"],"picked":"Disarm","floor":3},{"not_picked":["Cleave","Warcry"],"picked":"Hemokinesis","floor":4},{"not_picked":["Headbutt","Fire Breathing"],"picked":"Carnage","floor":5},{"not_picked":["True Grit","Seeing Red"],"picked":"Shrug It Off","floor":6},{"not_picked":["Fire Breathing","Shrug It Off"],"picked":"Immolate","floor":8},{"not_picked":["Fire Breathing","Clash"],"picked":"Feel No Pain","floor":11},{"not_picked":["Sever Soul","Body Slam"],"picked":"Intimidate","floor":13},{"not_picked":["Pummel","Hemokinesis"],"picked":"Shrug It Off","floor":14}],"player_experience":365353,"relics_obtained":[{"floor":6,"key":"Letter Opener"},{"floor":9,"key":"Ancient Tea Set"},{"floor":11,"key":"PreservedInsect"}],"event_choices":[{"damage_healed":0,"gold_gain":0,"player_choice":"Donut","damage_taken":0,"max_hp_gain":5,"max_hp_loss":0,"event_name":"Big Fish","floor":10,"gold_loss":0},{"damage_healed":0,"gold_gain":30,"player_choice":"Searched \u00273\u0027 times","damage_taken":0,"relics_obtained":["Bronze Scales"],"max_hp_gain":0,"max_hp_loss":0,"event_name":"Dead Adventurer","floor":13,"gold_loss":0}],"is_beta":false,"boss_relics":[],"items_purged_floors":[],"is_endless":false,"potions_floor_spawned":[5,6,8,13],"killed_by":"Hexaghost","ascension_level":9}