{"gold_per_floor":[99,99,99,99,99,99,99,99,99,99,24,24,24,24,24,24],"floor_reached":16,"playtime":592,"items_purged":["Strike_B"],"score":100,"play_id":"d3d4e949-777c-4c66-b2c3-2906aa97713d","local_time":"20180902200524","is_ascension_mode":false,"campfire_choices":[{"data":"Self Repair","floor":6,"key":"SMITH"},{"data":"Steam","floor":8,"key":"SMITH"},{"data":"Leap","floor":10,"key":"SMITH"},{"data":"Sweeping Beam","floor":15,"key":"SMITH"}],"neow_cost":"NONE","seed_source_timestamp":1570437489057516,"circlet_count":0,"master_deck":["Strike_B","Strike_B","Strike_B","Defend_B","Defend_B","Defend_B","Zap","Dualcast","Self Repair+1","Steam+1","Leap+1","Leap","BootSequence","Sweeping Beam+1"],"relics":["Ectoplasm","Tiny Chest","Dream Catcher","Art of War"],"potions_floor_usage":[16,16],"damage_taken":[{"damage":0,"enemies":"Small Slimes","floor":1,"turns":3},{"damage":2,"enemies":"2 Louse","floor":2,"turns":3},{"damage":5,"enemies":"Jaw Worm","floor":4,"turns":2},{"damage":0,"enemies":"Red Slaver","floor":5,"turns":3},{"damage":68,"enemies":"Gremlin Nob","floor":7,"turns":6},{"damage":0,"enemies":"2 Fungi Beasts","floor":14,"turns":5},{"damage":41,"enemies":"Slime Boss","floor":16,"turns":6}],"seed_played":"8546939636203302181","potions_obtained":[{"floor":1,"key":"Ancient Potion"},{"floor":7,"key":"AttackPotion"},{"floor":14,"key":"Fire Potion"}],"is_trial":false,"path_per_floor":["M","M","?","M","M","R","E","R","T","R","$","?","T","M","R"],"character_chosen":"DEFECT","items_purchased":[],"campfire_rested":0,"item_purchase_floors":[],"current_hp_per_floor":[75,75,68,70,75,75,17,17,17,17,17,17,17,27,27,0],"gold":24,"neow_bonus":"BOSS_RELIC","is_prod":false,"is_daily":false,"chose_seed":false,"campfire_upgraded":4,"win_rate":0.0,"timestamp":1535940324,"path_taken":["M","M","?","M","M","R","E","R","T","R","$","?","?","M","R","BOSS"],"build_version":"2018-08-30","purchased_purges":1,"victory":false,"max_hp_per_floor":[75,75,75,75,75,75,75,75,75,75,75,75,75,75,75,75],"card_choices":[{"not_picked":["Heatsinks","Go for the Eyes"],"picked":"Self Repair","floor":1},{"not_picked":["Barrage","Stack"],"picked":"Steam","floor":2},{"not_picked":["Sweeping Beam","White Noise"],"picked":"Leap","floor":4},{"not_picked":["Stack","Genetic Algorithm"],"picked":"Leap","floor":5},{"not_picked":["Reboot","Hologram"],"picked":"BootSequence","floor":7},{"not_picked":["Go for the Eyes","Force Field"],"picked":"Sweeping Beam","floor":14}],"player_experience":64891,"relics_obtained":[{"floor":7,"key":"Tiny Chest"},{"floor":9,"key":"Dream Catcher"},{"floor":13,"key":"Art of War"}],"event_choices":[{"event_name":"Golden Wing","player_choice":"Card Removal","floor":3,"damage_taken":0},{"event_name":"Match and Keep!","player_choice":"0 cards matched","floor":12,"damage_taken":0}],"is_beta":true,"boss_relics":[],"items_purged_floors":[11],"is_endless":false,"potions_floor_spawned":[1,7,14],"killed_by":"Slime Boss","ascension_level":0}