{"gold_per_floor":[112,132,144,162,180,212,226,253,253,279,44,44,56,72,72,175,175,191,191,207,207,221,247,346,346,397,397,397,397,414,136,136,232,232,242,342,342,361,407,407,421,34,59,69,80,91,91,105,105,105],"floor_reached":51,"playtime":4872,"items_purged":[],"score":718,"play_id":"7f59a2c2-4468-49ab-82f3-71e7ffceae34","local_time":"20190804220948","is_ascension_mode":false,"campfire_choices":[{"data":"Dual Wield","floor":12.0,"key":"SMITH"},{"floor":15.0,"key":"REST"},{"data":"Double Tap","floor":25,"key":"SMITH"},{"data":"Uppercut","floor":27,"key":"SMITH"},{"data":"Immolate","floor":29,"key":"SMITH"},{"floor":32,"key":"REST"},{"floor":40,"key":"REST"},{"floor":47,"key":"REST"},{"floor":49,"key":"REST"}],"neow_cost":"PERCENT_DAMAGE","seed_source_timestamp":0,"circlet_count":0,"master_deck":["Strike_R","Strike_R","Strike_R+1","Strike_R","Strike_R","Defend_R","Defend_R","Defend_R","Defend_R","Bash","Reckless Charge","Headbutt","Battle Trance","Dual Wield+1","Metallicize","Immolate+1","Clash+1","Iron Wave","Dropkick","Metallicize","Uppercut+1","Shockwave","Double Tap+1","Ghostly Armor","Necronomicurse","True Grit+1","Second Wind","Flame Barrier+1","Decay","Dropkick+1","Madness","Brutality","Iron Wave+1","Rampage+1","Berserk","Decay","Master of Strategy","Clumsy","Pummel","Battle Trance","Flame Barrier+1"],"special_seed":0,"relics":["Burning Blood","Meat on the Bone","Kunai","Bottled Tornado","Happy Flower","Whetstone","Cursed Key","Necronomicon","Du-Vu Doll","Orichalcum","MutagenicStrength","Vajra","Fusion Hammer","Ice Cream","Pen Nib","Strange Spoon","Boot"],"potions_floor_usage":[33,41,50,50,50],"damage_taken":[{"damage":5.0,"enemies":"Small Slimes","floor":1.0,"turns":5.0},{"damage":2.0,"enemies":"2 Louse","floor":2.0,"turns":3.0},{"damage":1.0,"enemies":"Cultist","floor":3.0,"turns":3.0},{"damage":11.0,"enemies":"3 Louse","floor":4.0,"turns":3.0},{"damage":5.0,"enemies":"Looter","floor":5.0,"turns":4.0},{"damage":42.0,"enemies":"Lagavulin","floor":6.0,"turns":7.0},{"damage":0.0,"enemies":"Blue Slaver","floor":7.0,"turns":4.0},{"damage":6.0,"enemies":"Gremlin Nob","floor":8.0,"turns":3.0},{"damage":16.0,"enemies":"Lagavulin","floor":10.0,"turns":7.0},{"damage":3.0,"enemies":"3 Louse","floor":13.0,"turns":3.0},{"damage":1.0,"enemies":"2 Fungi Beasts","floor":14.0,"turns":4.0},{"damage":44.0,"enemies":"Hexaghost","floor":16.0,"turns":9.0},{"damage":6.0,"enemies":"Spheric Guardian","floor":18.0,"turns":4.0},{"damage":0.0,"enemies":"3 Byrds","floor":20.0,"turns":3.0},{"damage":6,"enemies":"Centurion and Healer","floor":22,"turns":3},{"damage":14,"enemies":"Book of Stabbing","floor":23,"turns":5},{"damage":3,"enemies":"Snake Plant","floor":30,"turns":3},{"damage":24,"enemies":"Collector","floor":33,"turns":8},{"damage":2,"enemies":"Orb Walker","floor":35,"turns":3},{"damage":17,"enemies":"Mind Bloom Boss Battle","floor":36,"turns":5},{"damage":18,"enemies":"3 Shapes","floor":38,"turns":3},{"damage":14,"enemies":"Jaw Worm Horde","floor":41,"turns":6},{"damage":0,"enemies":"3 Darklings","floor":44,"turns":2},{"damage":2,"enemies":"Maw","floor":45,"turns":5},{"damage":4,"enemies":"Transient","floor":46,"turns":5},{"damage":2,"enemies":"4 Shapes","floor":48,"turns":4},{"damage":58,"enemies":"Awakened One","floor":50,"turns":9}],"seed_played":"7700332373283998256","potions_obtained":[{"floor":1.0,"key":"Regen Potion"},{"floor":6.0,"key":"Fire Potion"},{"floor":7.0,"key":"Swift Potion"},{"floor":10.0,"key":"AttackPotion"},{"floor":16.0,"key":"Ancient Potion"},{"floor":23,"key":"GamblersBrew"},{"floor":30,"key":"EssenceOfSteel"},{"floor":33,"key":"Dexterity Potion"},{"floor":35,"key":"Strength Potion"},{"floor":36,"key":"Block Potion"},{"floor":45,"key":"SteroidPotion"}],"is_trial":false,"path_per_floor":["M","M","M","M","M","E","M","E","T","E","$","R","M","M","R","B",null,"M","?","M","?","M","E","?","R","T","R","?","R","M","$","R","B",null,"M","?","?","M","T","R","M","$","T","M","M","M","R","M","R","B",null],"character_chosen":"IRONCLAD","items_purchased":["Whetstone","Metallicize","Vajra","FearPotion","Madness","Master of Strategy","Strange Spoon"],"campfire_rested":5,"item_purchase_floors":[11,11,31,31,31,42,42],"current_hp_per_floor":[73,77,82,77,78,56,62,62,62,64,64,64,67,72,96,58,96,96,80,86,86,86,78,78,78,78,78,78,78,81,81,96,78,96,96,85,85,73,73,96,88,88,88,94,96,96,96,96,96,56],"gold":105,"neow_bonus":"TWENTY_PERCENT_HP_BONUS","is_prod":false,"is_daily":false,"chose_seed":false,"campfire_upgraded":4,"win_rate":0.0,"timestamp":1564970988,"path_taken":["M","M","M","M","M","E","M","E","T","E","$","R","M","M","R","BOSS","M","?","M","?","?","E","?","R","T","R","?","R","M","$","R","BOSS","M","?","?","M","?","R","M","$","T","M","M","M","R","M","R","BOSS"],"build_version":"2019-07-17","purchased_purges":0,"victory":true,"max_hp_per_floor":[96,96,96,96,96,96,96,96,96,96,96,96,96,96,96,96,96,96,96,96,96,96,96,96,96,96,96,96,96,96,96,96,96,96,96,96,96,96,96,96,96,96,96,96,96,96,96,96,96,96],"card_choices":[{"not_picked":["Headbutt","Twin Strike"],"picked":"Reckless Charge","floor":1.0},{"not_picked":["Body Slam","Thunderclap"],"picked":"Headbutt","floor":2.0},{"not_picked":["Wild Strike","Clothesline"],"picked":"Battle Trance","floor":3.0},{"not_picked":["Iron Wave","Heavy Blade"],"picked":"Dual Wield","floor":4.0},{"not_picked":["Warcry","Burning Pact"],"picked":"Metallicize","floor":5.0},{"not_picked":["Warcry","Perfected Strike"],"picked":"Immolate","floor":6.0},{"not_picked":["Body Slam","Armaments"],"picked":"Clash","floor":7.0},{"not_picked":["Headbutt","Sever Soul"],"picked":"Iron Wave","floor":8.0},{"not_picked":["Sword Boomerang","Fiend Fire"],"picked":"Dropkick","floor":10.0},{"not_picked":["Headbutt","Pummel"],"picked":"Uppercut","floor":13.0},{"not_picked":["Searing Blow","Wild Strike"],"picked":"Shockwave","floor":14.0},{"not_picked":["Feed","Limit Break"],"picked":"Double Tap","floor":16.0},{"not_picked":["Anger","Armaments"],"picked":"Ghostly Armor","floor":18.0},{"not_picked":["Pommel Strike+1","Iron Wave"],"picked":"True Grit+1","floor":20},{"not_picked":["Shrug It Off","Sword Boomerang"],"picked":"Second Wind","floor":22},{"not_picked":["Feel No Pain+1","Heavy Blade"],"picked":"Flame Barrier+1","floor":23},{"not_picked":["Disarm","Shockwave"],"picked":"Dropkick+1","floor":30},{"not_picked":["Double Tap","Bludgeon"],"picked":"Brutality","floor":33},{"not_picked":["Pommel Strike","Disarm"],"picked":"Iron Wave+1","floor":35},{"not_picked":["Armaments","Shockwave+1"],"picked":"Rampage+1","floor":36},{"not_picked":["Armaments","Clash"],"picked":"Berserk","floor":38},{"not_picked":["Iron Wave","Thunderclap+1","Perfected Strike+1"],"picked":"SKIP","floor":41},{"not_picked":["Flex+1","Armaments"],"picked":"Pummel","floor":44},{"not_picked":["Twin Strike","Heavy Blade+1"],"picked":"Battle Trance","floor":45},{"not_picked":["Shrug It Off","Fiend Fire"],"picked":"Flame Barrier+1","floor":46},{"not_picked":["Clothesline","Armaments","Rampage+1"],"picked":"SKIP","floor":48}],"player_experience":93147,"relics_obtained":[{"floor":6.0,"key":"Meat on the Bone"},{"floor":8.0,"key":"Kunai"},{"floor":9.0,"key":"Bottled Tornado"},{"floor":10.0,"key":"Happy Flower"},{"floor":19.0,"key":"Necronomicon"},{"floor":23,"key":"Du-Vu Doll"},{"floor":26,"key":"Orichalcum"},{"floor":36,"key":"Ice Cream"},{"floor":39,"key":"Pen Nib"},{"floor":43,"key":"Boot"}],"event_choices":[{"damage_healed":0.0,"max_hp_gain":0.0,"max_hp_loss":0.0,"gold_gain":0.0,"event_name":"Cursed Tome","player_choice":"Obtained Book","floor":19.0,"gold_loss":0.0,"damage_taken":16.0},{"damage_healed":0,"gold_gain":0,"player_choice":"Ignored","damage_taken":0,"max_hp_gain":0,"max_hp_loss":0,"event_name":"NoteForYourself","floor":21,"gold_loss":0},{"damage_healed":0,"gold_gain":99,"player_choice":"Stole From Cult","damage_taken":0,"max_hp_gain":0,"max_hp_loss":0,"event_name":"Nest","floor":24,"gold_loss":0},{"damage_healed":0,"gold_gain":0,"player_choice":"Inject Mutagens","damage_taken":0,"relics_obtained":["MutagenicStrength"],"max_hp_gain":0,"max_hp_loss":0,"event_name":"Drug Dealer","floor":28,"gold_loss":0},{"damage_healed":0,"gold_gain":0,"player_choice":"Fight","damage_taken":0,"max_hp_gain":0,"max_hp_loss":0,"event_name":"MindBloom","floor":36,"gold_loss":0},{"damage_healed":0,"gold_gain":0,"player_choice":"Ignored","damage_taken":0,"max_hp_gain":0,"max_hp_loss":0,"event_name":"Tomb of Lord Red Mask","floor":37,"gold_loss":0}],"is_beta":false,"boss_relics":[{"not_picked":["Empty Cage","Mark of Pain"],"picked":"Cursed Key"},{"not_picked":["Coffee Dripper","White Beast Statue"],"picked":"Fusion Hammer"}],"items_purged_floors":[],"is_endless":false,"potions_floor_spawned":[1,6,7,10,16,23,30,33,35,36,45,48],"ascension_level":0}