{"gold_per_floor":[112,187,44,44,44,44,58,58,58,72,72,84,94,122,122,226,226,238,338,356,368,380,380,397,413,440,440,440,451,451,478,478,478],"floor_reached":33,"playtime":1759,"items_purged":["Strike_B"],"score":482,"play_id":"4f33a851-b577-41da-be45-6c896d6e06bf","local_time":"20181028190112","is_ascension_mode":true,"campfire_choices":[{"data":"Barrage","floor":6,"key":"SMITH"},{"data":"Zap","floor":8,"key":"SMITH"},{"data":"Dualcast","floor":11,"key":"SMITH"},{"data":"Double Energy","floor":15,"key":"SMITH"},{"data":"Tempest","floor":23,"key":"SMITH"},{"data":"Skim","floor":27,"key":"SMITH"},{"data":"Storm","floor":32,"key":"SMITH"}],"neow_cost":"TEN_PERCENT_HP_LOSS","seed_source_timestamp":571855776365794,"circlet_count":0,"master_deck":["Defend_B","Defend_B","Defend_B","Zap+1","Dualcast+1","Electrodynamics","Barrage+1","Self Repair","Rip and Tear","Conserve Battery","Double Energy+1","Skim+1","Ball Lightning","Tempest+1","Machine Learning","Self Repair+1","Conserve Battery+1","Electrodynamics+1","BootSequence+1","Leap+1","Turbo+1","Aggregate+1","RitualDagger","Storm+1"],"relics":["Cracked Core","Question Card","Bag of Preparation","Astrolabe","PreservedInsect","Pen Nib"],"potions_floor_usage":[33,33],"damage_taken":[{"damage":6,"enemies":"2 Louse","floor":1,"turns":2},{"damage":12,"enemies":"Jaw Worm","floor":7,"turns":3},{"damage":0,"enemies":"Cultist","floor":10,"turns":3},{"damage":21,"enemies":"Lots of Slimes","floor":12,"turns":2},{"damage":0,"enemies":"3 Louse","floor":13,"turns":2},{"damage":18,"enemies":"Lagavulin","floor":14,"turns":5},{"damage":0,"enemies":"Slime Boss","floor":16,"turns":4},{"damage":16,"enemies":"Spheric Guardian","floor":18,"turns":4},{"damage":31,"enemies":"2 Thieves","floor":20,"turns":3},{"damage":23,"enemies":"Snecko","floor":21,"turns":8},{"damage":1,"enemies":"Cultist and Chosen","floor":22,"turns":4},{"damage":0,"enemies":"Chosen and Byrds","floor":24,"turns":4},{"damage":13,"enemies":"Snake Plant","floor":25,"turns":3},{"damage":6,"enemies":"3 Cultists","floor":29,"turns":3},{"damage":0,"enemies":"Gremlin Leader","floor":31,"turns":3},{"damage":77,"enemies":"Champ","floor":33,"turns":9}],"seed_played":"6548486588773502861","potions_obtained":[{"floor":12,"key":"Energy Potion"},{"floor":13,"key":"Regen Potion"},{"floor":20,"key":"Weak Potion"}],"is_trial":false,"path_per_floor":["M","?","$","?","?","R","M","R","T","M","R","M","M","E","R","B",null,"M","?","M","M","M","R","M","M","T","R","?","M","?","E","R"],"character_chosen":"DEFECT","items_purchased":["Self Repair"],"campfire_rested":0,"item_purchase_floors":[3],"current_hp_per_floor":[62,51,51,51,51,51,46,46,46,53,53,39,39,28,28,35,60,61,61,47,34,50,50,67,68,68,68,68,68,62,68,68,0],"gold":478,"neow_bonus":"THREE_RARE_CARDS","is_prod":false,"is_daily":false,"chose_seed":false,"campfire_upgraded":7,"win_rate":0,"timestamp":1540774872,"path_taken":["M","?","$","?","?","R","M","R","T","M","R","M","M","E","R","BOSS","M","?","M","M","M","R","M","?","T","R","?","M","?","E","R","BOSS"],"build_version":"2018-10-25v2","purchased_purges":1,"victory":false,"max_hp_per_floor":[68,68,68,68,68,68,68,68,68,68,68,68,68,68,68,68,68,68,68,68,68,68,68,68,68,68,68,68,68,68,68,68,68],"card_choices":[{"not_picked":["Thunder Strike","Hyperbeam"],"picked":"Electrodynamics","floor":0},{"not_picked":["Turbo","Streamline"],"picked":"Barrage","floor":1},{"not_picked":["Hologram","Redo"],"picked":"Conserve Battery","floor":7},{"not_picked":["Compile Driver","Hologram","Gash"],"picked":"Double Energy","floor":10},{"not_picked":["Rebound","Coolheaded","Ball Lightning"],"picked":"Skim","floor":12},{"not_picked":["Conserve Battery","Creative AI","Compile Driver"],"picked":"Ball Lightning","floor":13},{"not_picked":["Cold Snap","Conserve Battery","Biased Cognition"],"picked":"Tempest","floor":14},{"not_picked":["Buffer","Core Surge","All For One"],"picked":"Machine Learning","floor":16},{"not_picked":["Chaos","Skim","Hologram"],"picked":"BootSequence+1","floor":18},{"not_picked":["Static Discharge","Sweeping Beam","Conserve Battery"],"picked":"Leap+1","floor":20},{"not_picked":["Scrape","Streamline","Steam","Sweeping Beam"],"picked":"SKIP","floor":21},{"not_picked":["Go for the Eyes","Fusion","Hologram","Melter"],"picked":"SKIP","floor":22},{"not_picked":["Conserve Battery","Beam Cell","FTL"],"picked":"Turbo+1","floor":24},{"not_picked":["Gash+1","Compile Driver","Ball Lightning"],"picked":"Aggregate+1","floor":25},{"not_picked":["Double Energy","Ball Lightning","Sweeping Beam+1","Genetic Algorithm"],"picked":"SKIP","floor":29},{"not_picked":["Darkness","Doom and Gloom","Leap"],"picked":"Storm","floor":31}],"player_experience":187145,"relics_obtained":[{"floor":9,"key":"Question Card"},{"floor":14,"key":"Bag of Preparation"},{"floor":26,"key":"PreservedInsect"},{"floor":31,"key":"Pen Nib"}],"event_choices":[{"damage_healed":0,"gold_gain":75,"player_choice":"Gather Gold","damage_taken":11,"max_hp_gain":0,"max_hp_loss":0,"event_name":"World of Goop","floor":2,"gold_loss":0},{"damage_healed":0,"gold_gain":0,"cards_transformed":["Strike_B"],"player_choice":"Transformed","damage_taken":0,"max_hp_gain":0,"max_hp_loss":0,"event_name":"Transmorgrifier","floor":4,"gold_loss":0,"cards_obtained":["Rip and Tear"]},{"damage_healed":0,"gold_gain":0,"player_choice":"Leave","damage_taken":0,"max_hp_gain":0,"max_hp_loss":0,"event_name":"The Cleric","floor":5,"gold_loss":0},{"damage_healed":0,"gold_gain":100,"player_choice":"Pray","damage_taken":0,"max_hp_gain":0,"max_hp_loss":0,"event_name":"Golden Shrine","floor":19,"gold_loss":0},{"damage_healed":0,"gold_gain":0,"player_choice":"Ignored","damage_taken":0,"max_hp_gain":0,"max_hp_loss":0,"event_name":"Vampires","floor":28,"gold_loss":0},{"damage_healed":0,"gold_gain":0,"player_choice":"Joined the Cult","damage_taken":6,"max_hp_gain":0,"max_hp_loss":0,"event_name":"Nest","floor":30,"gold_loss":0,"cards_obtained":["RitualDagger"]}],"is_beta":true,"boss_relics":[{"not_picked":["Cursed Key","Philosopher\u0027s Stone"],"picked":"Astrolabe"}],"items_purged_floors":[3],"is_endless":false,"potions_floor_spawned":[12,13,20,21,24],"killed_by":"Champ","ascension_level":8}