{"gold_per_floor":[119,119,119,133,133,172,172,192,218,243,243,259,209,250,250,370,370,393,393,408,200,219,219,234,234,234,272,272,349,39,39,39,168,168,182,515,525,539,360,360,374,374,374,386,401,417,435,435,435,435],"floor_reached":51,"playtime":3436,"items_purged":["Strike_B","Strike_B","Defend_B"],"score":835,"play_id":"66a278c1-e0c7-4eef-80da-cfab869edcb7","local_time":"20180903084829","is_ascension_mode":true,"campfire_choices":[{"data":"Dualcast","floor":7,"key":"SMITH"},{"data":"Streamline","floor":11,"key":"SMITH"},{"floor":15,"key":"REST"},{"data":"Reinforced Body","floor":23,"key":"SMITH"},{"data":"Auto Shields","floor":25,"key":"SMITH"},{"data":"Leap","floor":28,"key":"SMITH"},{"data":"Ball Lightning","floor":32,"key":"SMITH"},{"data":"FTL","floor":40,"key":"SMITH"},{"data":"Leap","floor":49,"key":"SMITH"}],"neow_cost":"NONE","seed_source_timestamp":1613366466377364,"circlet_count":0,"master_deck":["Zap+1","Dualcast+1","Genetic Algorithm+1","Hologram+1","FTL+1","Streamline+1","Auto Shields+1","Ball Lightning+1","All For One+1","Beam Cell+1","Leap+1","Reinforced Body+1","Sweeping Beam+1","Genetic Algorithm+1","Core Surge+1","Multi-Cast+1","Aggregate+1","Chaos+1","Go for the Eyes+1","Streamline+1","Leap+1","Cold Snap+1","Loop+1","Scrape+1"],"relics":["Cracked Core","War Paint","Anchor","Molten Egg 2","Coffee Dripper","Enchiridion","Calipers","Ancient Tea Set","Cables","DollysMirror","Astrolabe","Smiling Mask","Torii"],"potions_floor_usage":[6,27,38,50,50,50],"damage_taken":[{"damage":0,"enemies":"2 Louse","floor":1,"turns":3},{"damage":0,"enemies":"Small Slimes","floor":4,"turns":2},{"damage":25,"enemies":"Lagavulin","floor":6,"turns":7},{"damage":0,"enemies":"Jaw Worm","floor":8,"turns":1},{"damage":0,"enemies":"Large Slime","floor":10,"turns":4},{"damage":0,"enemies":"3 Louse","floor":12,"turns":2},{"damage":9,"enemies":"3 Sentries","floor":14,"turns":7},{"damage":22,"enemies":"Hexaghost","floor":16,"turns":8},{"damage":0,"enemies":"Spheric Guardian","floor":18,"turns":2},{"damage":8,"enemies":"2 Thieves","floor":20,"turns":3},{"damage":18,"enemies":"3 Cultists","floor":22,"turns":5},{"damage":0,"enemies":"Sentry and Sphere","floor":24,"turns":3},{"damage":0,"enemies":"Gremlin Leader","floor":27,"turns":4},{"damage":21,"enemies":"Champ","floor":33,"turns":10},{"damage":1,"enemies":"Orb Walker","floor":35,"turns":2},{"damage":0,"enemies":"3 Darklings","floor":37,"turns":3},{"damage":0,"enemies":"Transient","floor":38,"turns":5},{"damage":0,"enemies":"Reptomancer","floor":41,"turns":4},{"damage":3,"enemies":"4 Shapes","floor":44,"turns":5},{"damage":0,"enemies":"Maw","floor":45,"turns":6},{"damage":0,"enemies":"Spire Growth","floor":46,"turns":4},{"damage":0,"enemies":"Sphere and 2 Shapes","floor":47,"turns":4},{"damage":3,"enemies":"Mind Bloom Boss Battle","floor":48,"turns":5},{"damage":57,"enemies":"Time Eater","floor":50,"turns":12}],"seed_played":"-6694930647218730806","potions_obtained":[{"floor":4,"key":"AttackPotion"},{"floor":8,"key":"PowerPotion"},{"floor":14,"key":"SteroidPotion"},{"floor":22,"key":"FocusPotion"},{"floor":24,"key":"PowerPotion"},{"floor":27,"key":"GamblersBrew"},{"floor":41,"key":"SteroidPotion"}],"is_trial":false,"path_per_floor":["M","?","?","M","?","E","R","M","T","M","R","M","?","E","R","B",null,"M","?","M","$","M","R","M","R","T","E","R","T","$","$","R","B",null,"M","?","M","M","$","R","M","?","T","M","M","M","M","?","R","B"],"character_chosen":"DEFECT","items_purchased":["Leap","Reinforced Body","DollysMirror","Streamline+1"],"campfire_rested":1,"item_purchase_floors":[21,21,30,39],"current_hp_per_floor":[75,57,62,62,55,30,30,30,30,30,30,30,30,21,45,23,80,80,64,56,56,38,38,38,38,38,38,38,38,38,38,38,17,80,79,79,79,79,79,79,79,79,79,80,80,80,80,77,77,20],"gold":435,"neow_bonus":"UPGRADE_CARD","is_prod":false,"is_daily":false,"chose_seed":false,"campfire_upgraded":8,"win_rate":0,"timestamp":1535986109,"path_taken":["M","?","?","M","?","E","R","M","T","?","R","M","?","E","R","BOSS","M","?","M","$","M","R","M","R","T","E","R","?","?","$","R","BOSS","M","?","M","M","$","R","M","?","T","M","M","?","M","?","R","BOSS"],"build_version":"2018-08-30","purchased_purges":3,"victory":true,"max_hp_per_floor":[75,75,80,80,80,80,80,80,80,80,80,80,80,80,80,80,80,80,80,80,80,80,80,80,80,80,80,80,80,80,80,80,80,80,80,80,80,80,80,80,80,80,80,80,80,80,80,80,80,80],"card_choices":[{"not_picked":["Barrage","White Noise"],"picked":"Genetic Algorithm","floor":1},{"not_picked":["Compile Driver","Rip and Tear"],"picked":"Hologram","floor":4},{"not_picked":["Biased Cognition","Sweeping Beam"],"picked":"FTL","floor":6},{"not_picked":["Go for the Eyes","Coolheaded"],"picked":"Streamline","floor":8},{"not_picked":["Gash","Lockon"],"picked":"Auto Shields","floor":10},{"not_picked":["Redo","Steam"],"picked":"Ball Lightning","floor":12},{"not_picked":["Conserve Battery","Lockon","Coolheaded"],"picked":"SKIP","floor":14},{"not_picked":["Machine Learning","Fission"],"picked":"All For One+1","floor":16},{"not_picked":["Ball Lightning+1","Gash+1","Melter+1"],"picked":"SKIP","floor":18},{"not_picked":["Coolheaded","Redo"],"picked":"Beam Cell+1","floor":20},{"not_picked":["Fusion","Ball Lightning+1","Beam Cell+1"],"picked":"SKIP","floor":22},{"not_picked":["Rebound+1","Beam Cell+1"],"picked":"Sweeping Beam+1","floor":24},{"not_picked":["Go for the Eyes+1","Ball Lightning+1"],"picked":"Streamline+1","floor":27},{"not_picked":["Hyperbeam+1","Thunder Strike+1"],"picked":"Core Surge+1","floor":33},{"not_picked":["Barrage+1","Blizzard+1","Melter+1"],"picked":"SKIP","floor":35},{"not_picked":["Leap+1","Loop+1"],"picked":"Go for the Eyes+1","floor":37},{"not_picked":["Sweeping Beam+1","White Noise+1","Compile Driver+1"],"picked":"SKIP","floor":38},{"not_picked":["Fission","Barrage+1","Recycle+1"],"picked":"SKIP","floor":41},{"not_picked":["Turbo","Go for the Eyes+1"],"picked":"Leap","floor":44},{"not_picked":["Hello World","Redo"],"picked":"Cold Snap+1","floor":45},{"not_picked":["Undo","Creative AI","Beam Cell+1"],"picked":"SKIP","floor":46},{"not_picked":["Sweeping Beam+1","Capacitor"],"picked":"Loop+1","floor":47},{"not_picked":["Beam Cell+1","Conserve Battery+1"],"picked":"Scrape+1","floor":48}],"player_experience":82224,"relics_obtained":[{"floor":6,"key":"War Paint"},{"floor":9,"key":"Anchor"},{"floor":14,"key":"Molten Egg 2"},{"floor":19,"key":"Enchiridion"},{"floor":26,"key":"Calipers"},{"floor":27,"key":"Ancient Tea Set"},{"floor":29,"key":"Cables"},{"floor":43,"key":"Smiling Mask"},{"floor":48,"key":"Torii"}],"event_choices":[{"event_name":"Golden Idol","player_choice":"Take Damage","floor":2,"damage_taken":0},{"event_name":"Big Fish","player_choice":"Donut","floor":3,"damage_taken":0},{"event_name":"Golden Wing","player_choice":"Card Removal","floor":5,"damage_taken":0},{"event_name":"The Cleric","player_choice":"Card Removal","floor":13,"damage_taken":0},{"event_name":"Cursed Tome","player_choice":"Obtained Book","floor":19,"damage_taken":0},{"event_name":"The Moai Head","player_choice":"Gave Idol","floor":36,"damage_taken":0},{"event_name":"Falling","player_choice":"Removed Attack","floor":42,"damage_taken":0},{"event_name":"MindBloom","player_choice":"Fight","floor":48,"damage_taken":0}],"is_beta":true,"boss_relics":[{"not_picked":["Sozu","Snecko Eye"],"picked":"Coffee Dripper"},{"not_picked":["Fusion Hammer","Cursed Key"],"picked":"Astrolabe"}],"items_purged_floors":[21,30,39],"is_endless":false,"potions_floor_spawned":[4,8,14,22,24,27,37,41,44],"ascension_level":4}