{"gold_per_floor":[118,137,87,87,12,43,60,60,60,86,86,86,9,27,27,130,130,141,141,64,80,99,134,146,146,146,146,156,156,56,71,71,174,174,190,190,206,260,65,65,0,34,34,34,34,44,44,70,70,70],"floor_reached":51,"playtime":4956,"items_purged":["Defend_B","Defend_B","Strike_B"],"score":934,"play_id":"2f5bd91e-c99d-4e21-b9d8-aa6485d08b68","local_time":"20180903034932","is_ascension_mode":true,"campfire_choices":[{"data":"Zap","floor":8,"key":"SMITH"},{"data":"Dualcast","floor":12,"key":"SMITH"},{"data":"Loop","floor":15,"key":"SMITH"},{"data":"Capacitor","floor":25,"key":"SMITH"},{"data":"Consume","floor":27,"key":"SMITH"},{"data":"Doom and Gloom","floor":29,"key":"SMITH"},{"data":"Conserve Battery","floor":32,"key":"SMITH"},{"floor":40,"key":"REST"},{"data":"Darkness","floor":45,"key":"SMITH"},{"data":"Sweeping Beam","floor":47,"key":"SMITH"},{"data":"Cold Snap","floor":49,"key":"SMITH"}],"neow_cost":"NONE","seed_source_timestamp":1593897876433627,"circlet_count":0,"master_deck":["Zap+1","Dualcast+1","Steam+1","Chill+1","Hologram+1","Consume+1","Leap","Cold Snap+1","Sweeping Beam+1","Loop+1","Double Energy+1","Capacitor+1","Doom and Gloom+1","Conserve Battery+1","Auto Shields+1","BootSequence","Fission","Conserve Battery+1","The Bomb","Metamorphosis","Reinforced Body+1","Darkness+1","Reinforced Body+1","Reinforced Body+1","Reinforced Body+1"],"relics":["Astrolabe","Bottled Lightning","Singing Bowl","Pantograph","Oddly Smooth Stone","Runic Pyramid","Matryoshka","Strawberry","Mummified Hand","White Beast Statue","Bird Faced Urn","Red Mask","The Courier","Letter Opener","Pear","Torii","Lantern"],"potions_floor_usage":[23,33,50,50,50],"damage_taken":[{"damage":0,"enemies":"Jaw Worm","floor":1,"turns":6},{"damage":0,"enemies":"2 Louse","floor":2,"turns":5},{"damage":18,"enemies":"Lagavulin","floor":6,"turns":10},{"damage":0,"enemies":"Small Slimes","floor":7,"turns":4},{"damage":2,"enemies":"3 Sentries","floor":10,"turns":7},{"damage":0,"enemies":"3 Louse","floor":14,"turns":4},{"damage":15,"enemies":"The Guardian","floor":16,"turns":12},{"damage":2,"enemies":"2 Thieves","floor":18,"turns":3},{"damage":0,"enemies":"Spheric Guardian","floor":21,"turns":4},{"damage":7,"enemies":"Centurion and Healer","floor":22,"turns":6},{"damage":1,"enemies":"Book of Stabbing","floor":23,"turns":5},{"damage":1,"enemies":"Cultist and Chosen","floor":24,"turns":5},{"damage":9,"enemies":"Snecko","floor":28,"turns":6},{"damage":0,"enemies":"Snake Plant","floor":31,"turns":5},{"damage":0,"enemies":"Collector","floor":33,"turns":7},{"damage":0,"enemies":"3 Shapes","floor":35,"turns":6},{"damage":0,"enemies":"3 Darklings","floor":37,"turns":5},{"damage":49,"enemies":"Mysterious Sphere","floor":38,"turns":8},{"damage":0,"enemies":"Giant Head","floor":42,"turns":9},{"damage":1,"enemies":"Mind Bloom Boss Battle","floor":44,"turns":7},{"damage":1,"enemies":"Sphere and 2 Shapes","floor":46,"turns":5},{"damage":19,"enemies":"2 Orb Walkers","floor":48,"turns":5},{"damage":1,"enemies":"Time Eater","floor":50,"turns":8}],"seed_played":"-1983430916423784571","potions_obtained":[{"floor":1,"key":"PowerPotion"},{"floor":6,"key":"Fire Potion"},{"floor":14,"key":"EssenceOfSteel"},{"floor":16,"key":"Swift Potion"},{"floor":24,"key":"FocusPotion"},{"floor":31,"key":"FocusPotion"},{"floor":33,"key":"Ancient Potion"},{"floor":35,"key":"Explosive Potion"},{"floor":37,"key":"Energy Potion"},{"floor":38,"key":"Swift Potion"},{"floor":48,"key":"FocusPotion"}],"is_trial":false,"path_per_floor":["M","M","?","?","$","E","M","R","T","E","?","R","$","M","R","B",null,"M","?","$","M","M","E","M","R","T","R","M","R","$","M","R","B",null,"M","?","M","?","$","R","?","E","T","?","R","M","R","E","R","B"],"character_chosen":"DEFECT","items_purchased":["Loop","Capacitor","Darkness"],"campfire_rested":1,"item_purchase_floors":[13,20,39],"current_hp_per_floor":[75,75,75,75,75,57,57,57,57,57,32,32,32,34,34,46,81,79,79,79,79,74,73,74,74,81,81,72,72,72,72,72,92,92,92,84,86,37,37,65,65,69,79,106,106,106,106,89,89,108],"gold":70,"neow_bonus":"BOSS_RELIC","is_prod":false,"is_daily":false,"chose_seed":false,"campfire_upgraded":10,"win_rate":0,"timestamp":1535968172,"path_taken":["M","M","?","?","$","E","M","R","T","E","?","R","$","M","R","BOSS","M","?","$","M","?","E","M","R","T","R","?","R","$","M","R","BOSS","M","?","M","?","$","R","?","E","T","?","R","?","R","E","R","BOSS"],"build_version":"2018-08-30","purchased_purges":3,"victory":true,"max_hp_per_floor":[75,75,75,75,75,75,75,75,75,77,77,77,77,79,79,81,81,81,81,81,81,83,83,85,85,92,92,92,92,92,92,92,92,92,92,94,96,96,96,96,96,96,106,106,106,106,106,108,108,108],"card_choices":[{"not_picked":["Redo","Hologram"],"picked":"Consume","floor":1},{"not_picked":["Rebound","Heatsinks"],"picked":"Leap","floor":2},{"not_picked":["Loop","Streamline"],"picked":"Cold Snap","floor":6},{"not_picked":["Recycle","Barrage"],"picked":"Sweeping Beam","floor":7},{"not_picked":["Reinforced Body","Steam","Redo"],"picked":"Singing Bowl","floor":10},{"not_picked":["Beam Cell","Conserve Battery","Steam"],"picked":"Singing Bowl","floor":14},{"not_picked":["Hyperbeam","Fission","All For One"],"picked":"Singing Bowl","floor":16},{"not_picked":["Cold Snap","Stack"],"picked":"Double Energy+1","floor":18},{"not_picked":["Beam Cell","Lockon"],"picked":"Doom and Gloom","floor":21},{"not_picked":["Coolheaded+1","Steam","Rebound+1"],"picked":"Singing Bowl","floor":22},{"not_picked":["Beam Cell","Blizzard"],"picked":"Conserve Battery","floor":23},{"not_picked":["Sweeping Beam+1","Rip and Tear","Go for the Eyes"],"picked":"Singing Bowl","floor":24},{"not_picked":["Rebound","Redo"],"picked":"Auto Shields+1","floor":28},{"not_picked":["Consume","Buffer"],"picked":"BootSequence","floor":31},{"not_picked":["Meteor Strike","Buffer"],"picked":"Fission","floor":33},{"not_picked":["Barrage","Stack"],"picked":"Conserve Battery+1","floor":35},{"not_picked":["Deep Breath","Metamorphosis"],"picked":"The Bomb","floor":36},{"not_picked":["Good Instincts","HandOfGreed","Blind"],"picked":"Singing Bowl","floor":36},{"not_picked":["Good Instincts","Discovery"],"picked":"Metamorphosis","floor":36},{"not_picked":["Barrage+1","Streamline","Ball Lightning"],"picked":"Singing Bowl","floor":37},{"not_picked":["Fusion","Rebound"],"picked":"Reinforced Body+1","floor":38},{"not_picked":["Recycle+1","Hello World"],"picked":"Reinforced Body+1","floor":42},{"not_picked":["Sweeping Beam+1","Stack"],"picked":"Reinforced Body+1","floor":44},{"not_picked":["Sweeping Beam","FTL"],"picked":"Reinforced Body+1","floor":46},{"not_picked":["FTL+1","Go for the Eyes","Hologram+1"],"picked":"Singing Bowl","floor":48}],"player_experience":72999,"relics_obtained":[{"floor":6,"key":"Bottled Lightning"},{"floor":9,"key":"Singing Bowl"},{"floor":10,"key":"Pantograph"},{"floor":23,"key":"Matryoshka"},{"floor":26,"key":"Strawberry"},{"floor":26,"key":"Mummified Hand"},{"floor":38,"key":"Bird Faced Urn"},{"floor":42,"key":"The Courier"},{"floor":43,"key":"Letter Opener"},{"floor":43,"key":"Pear"},{"floor":44,"key":"Torii"},{"floor":48,"key":"Lantern"}],"event_choices":[{"event_name":"The Cleric","player_choice":"Card Removal","floor":3,"damage_taken":0},{"event_name":"Living Wall","player_choice":"Forget","floor":4,"damage_taken":0},{"event_name":"Scrap Ooze","player_choice":"success","floor":11,"damage_taken":25},{"event_name":"The Woman in Blue","player_choice":"Bought 0 Potions","floor":19,"damage_taken":0},{"event_name":"SensoryStone","player_choice":"Memory 3","floor":36,"damage_taken":0},{"event_name":"Mysterious Sphere","player_choice":"Fight","floor":38,"damage_taken":0},{"event_name":"Tomb of Lord Red Mask","player_choice":"Paid","floor":41,"damage_taken":0},{"event_name":"MindBloom","player_choice":"Fight","floor":44,"damage_taken":0}],"is_beta":true,"boss_relics":[{"not_picked":["Runic Dome","Busted Crown"],"picked":"Runic Pyramid"},{"not_picked":["Velvet Choker","Empty Cage"],"picked":"White Beast Statue"}],"items_purged_floors":[5,30,39],"is_endless":false,"potions_floor_spawned":[1,6,14,16,18,24,31,33,35,37,38,42,44,46,48],"ascension_level":2}