{"gold_per_floor":[114,114,127,127,57,57,90,104,129,160,160,195,213,29,29,130,130,130,146,146,2,2,2,15,15],"floor_reached":25,"playtime":1115,"items_purged":["Strike_R"],"score":354,"play_id":"faa89cfa-6757-4832-af15-65520b8d58a5","local_time":"20190623001559","is_ascension_mode":true,"campfire_choices":[{"data":"Spot Weakness","floor":6,"key":"SMITH"},{"data":"Burning Pact","floor":11,"key":"SMITH"},{"floor":15,"key":"REST"},{"data":"Armaments","floor":23,"key":"SMITH"}],"neow_cost":"NONE","seed_source_timestamp":276032362547629,"circlet_count":0,"master_deck":["Strike_R+1","Strike_R+1","Strike_R","Defend_R","Defend_R","Defend_R","Defend_R","Bash","Iron Wave","Spot Weakness+1","Battle Trance","Juggernaut","Cleave","Burning Pact+1","Battle Trance","Sword Boomerang","Disarm","Spot Weakness","Limit Break","Armaments+1","Shame","Shrug It Off"],"relics":["Burning Blood","NeowsBlessing","Whetstone","Vajra","Dead Branch","Blood Vial","Busted Crown","Strawberry","Oddly Smooth Stone","Orichalcum"],"potions_floor_usage":[13,16,16,18],"damage_taken":[{"damage":0,"enemies":"Cultist","floor":1,"turns":1},{"damage":0,"enemies":"Jaw Worm","floor":3,"turns":1},{"damage":0,"enemies":"3 Sentries","floor":7,"turns":1},{"damage":9,"enemies":"Small Slimes","floor":8,"turns":4},{"damage":25,"enemies":"Lagavulin","floor":10,"turns":7},{"damage":35,"enemies":"3 Sentries","floor":12,"turns":6},{"damage":17,"enemies":"Blue Slaver","floor":13,"turns":6},{"damage":45,"enemies":"The Guardian","floor":16,"turns":8},{"damage":0,"enemies":"2 Thieves","floor":18,"turns":1},{"damage":25,"enemies":"Spheric Guardian","floor":19,"turns":4},{"damage":30,"enemies":"Snake Plant","floor":24,"turns":4},{"damage":51,"enemies":"Gremlin Leader","floor":25,"turns":6}],"seed_played":"-4191011768397301842","potions_obtained":[{"floor":7,"key":"SpeedPotion"},{"floor":8,"key":"Explosive Potion"},{"floor":10,"key":"SteroidPotion"},{"floor":13,"key":"SmokeBomb"}],"is_trial":false,"path_per_floor":["M","?","M","?","$","R","E","M","T","E","R","E","M","$","R","B",null,"M","M","?","$","?","R","M","E"],"character_chosen":"IRONCLAD","items_purchased":["Battle Trance","Disarm","Spot Weakness","Oddly Smooth Stone"],"campfire_rested":1,"item_purchase_floors":[5,14,14,21],"current_hp_per_floor":[78,78,80,80,80,80,80,77,77,58,58,29,20,20,44,7,62,70,53,60,60,60,60,38,0],"gold":15,"neow_bonus":"THREE_ENEMY_KILL","is_prod":false,"is_daily":false,"chose_seed":false,"campfire_upgraded":3,"win_rate":0,"timestamp":1561266959,"path_taken":["M","?","?","?","$","R","E","M","T","E","R","E","?","?","R","BOSS","M","M","?","$","?","R","M","E"],"build_version":"2019-01-23","purchased_purges":1,"victory":false,"max_hp_per_floor":[80,80,80,80,80,80,80,80,80,80,80,80,80,80,80,80,80,80,80,87,87,87,87,87,87],"card_choices":[{"not_picked":["Warcry","Thunderclap"],"picked":"Iron Wave","floor":1},{"not_picked":["Clash","Clothesline"],"picked":"Spot Weakness","floor":3},{"not_picked":["Anger","Sentinel"],"picked":"Juggernaut","floor":7},{"not_picked":["Havoc","Clash"],"picked":"Cleave","floor":8},{"not_picked":["Clothesline","Headbutt"],"picked":"Burning Pact","floor":10},{"not_picked":["Burning Pact","Bludgeon"],"picked":"Battle Trance","floor":12},{"not_picked":["Cleave","Twin Strike"],"picked":"Sword Boomerang","floor":13},{"not_picked":["Double Tap","Offering"],"picked":"Limit Break","floor":16},{"not_picked":[],"picked":"Armaments","floor":19},{"not_picked":[],"picked":"Shrug It Off","floor":24}],"player_experience":373018,"relics_obtained":[{"floor":7,"key":"Whetstone"},{"floor":9,"key":"Vajra"},{"floor":10,"key":"Dead Branch"},{"floor":12,"key":"Blood Vial"}],"event_choices":[{"cards_removed":["Strike_R"],"damage_healed":0,"gold_gain":0,"player_choice":"Purged","damage_taken":0,"max_hp_gain":0,"max_hp_loss":0,"event_name":"Purifier","floor":2,"gold_loss":0},{"damage_healed":0,"gold_gain":0,"player_choice":"Full Heal","damage_taken":0,"max_hp_gain":0,"max_hp_loss":0,"event_name":"Wheel of Change","floor":4,"gold_loss":0},{"damage_healed":0,"gold_gain":0,"player_choice":"Opened","damage_taken":0,"relics_obtained":["Strawberry"],"max_hp_gain":0,"max_hp_loss":0,"event_name":"The Mausoleum","floor":20,"gold_loss":0},{"damage_healed":0,"gold_gain":0,"player_choice":"Stole Relic","damage_taken":0,"relics_obtained":["Orichalcum"],"max_hp_gain":0,"max_hp_loss":0,"event_name":"Addict","floor":22,"gold_loss":0,"cards_obtained":["Shame"]}],"is_beta":false,"boss_relics":[{"not_picked":["Sozu","Runic Dome"],"picked":"Busted Crown"}],"items_purged_floors":[14],"is_endless":false,"potions_floor_spawned":[7,8,10,13,18],"killed_by":"Gremlin Leader","ascension_level":9}