{"gold_per_floor":[113,126,126,5,20,20,36,36,62,62,62,80,115,130,130,233,233,250,0,10,24,24,24,41,41,95,95,105,152,152,162,162,266,266,277,289,289,289,289,289,114,145,220,220,233,233,248,260,260,260,260,260,104,139,139],"floor_reached":55,"playtime":6465,"items_purged":["Defend_B","Defend_B"],"score":674,"play_id":"20f228a4-b292-49eb-93ac-b0ed8343e0d0","local_time":"20190615004958","is_ascension_mode":false,"campfire_choices":[{"data":"Defragment","floor":6,"key":"SMITH"},{"data":"Zap","floor":8,"key":"SMITH"},{"data":"Dualcast","floor":10,"key":"SMITH"},{"data":"Darkness","floor":15,"key":"SMITH"},{"data":"Conserve Battery","floor":23,"key":"SMITH"},{"data":"Reinforced Body","floor":25,"key":"SMITH"},{"data":"Leap","floor":27,"key":"SMITH"},{"data":"Capacitor","floor":30,"key":"SMITH"},{"data":"Cold Snap","floor":32,"key":"SMITH"},{"data":"Multi-Cast","floor":40,"key":"SMITH"},{"data":"Transmutation","floor":44,"key":"SMITH"},{"floor":46,"key":"RECALL"},{"data":"Seek","floor":49,"key":"SMITH"},{"data":"Echo Form","floor":52,"key":"SMITH"}],"neow_cost":"TEN_PERCENT_HP_LOSS","seed_source_timestamp":224101633678100,"circlet_count":0,"master_deck":["Zap+1","Dualcast+1","Defragment+1","Conserve Battery+1","Darkness+1","Leap+1","Seek+1","Capacitor+1","Echo Form+1","Chill","Coolheaded+1","Turbo+1","Reinforced Body+1","Storm+1","Redo+1","Multi-Cast+1","Glacier+1","Transmutation+1","Defragment+1","BootSequence+1","Cold Snap+1","Seek","Heatsinks","Chaos+1"],"relics":["Cracked Core","Strawberry","Empty Cage","Bag of Preparation","Tiny Chest","Regal Pillow","Coffee Dripper","PreservedInsect","Pantograph","Shuriken"],"potions_floor_usage":[7,13,55,55,55],"damage_taken":[{"damage":0,"enemies":"2 Louse","floor":1,"turns":2},{"damage":0,"enemies":"Small Slimes","floor":2,"turns":5},{"damage":0,"enemies":"Cultist","floor":5,"turns":4},{"damage":10,"enemies":"Exordium Thugs","floor":7,"turns":4},{"damage":1,"enemies":"Exordium Wildlife","floor":12,"turns":3},{"damage":19,"enemies":"Gremlin Nob","floor":13,"turns":4},{"damage":0,"enemies":"Large Slime","floor":14,"turns":5},{"damage":5,"enemies":"Hexaghost","floor":16,"turns":9},{"damage":6,"enemies":"Spheric Guardian","floor":18,"turns":4},{"damage":0,"enemies":"3 Byrds","floor":20,"turns":4},{"damage":0,"enemies":"Centurion and Healer","floor":21,"turns":6},{"damage":3,"enemies":"Snake Plant","floor":24,"turns":3},{"damage":0,"enemies":"Cultist and Chosen","floor":28,"turns":5},{"damage":1,"enemies":"Snecko","floor":31,"turns":6},{"damage":4,"enemies":"Champ","floor":33,"turns":7},{"damage":0,"enemies":"Orb Walker","floor":35,"turns":3},{"damage":0,"enemies":"3 Darklings","floor":36,"turns":3},{"damage":0,"enemies":"Nemesis","floor":42,"turns":7},{"damage":0,"enemies":"Transient","floor":45,"turns":5},{"damage":0,"enemies":"Sphere and 2 Shapes","floor":47,"turns":4},{"damage":0,"enemies":"Spire Growth","floor":48,"turns":6},{"damage":27,"enemies":"Time Eater","floor":50,"turns":10},{"damage":1,"enemies":"Shield and Spear","floor":54,"turns":3},{"damage":77,"enemies":"The Heart","floor":55,"turns":14}],"seed_played":"-3254994696009952343","potions_obtained":[{"floor":1,"key":"Strength Potion"},{"floor":2,"key":"Dexterity Potion"},{"floor":7,"key":"Fruit Juice"},{"floor":13,"key":"FearPotion"},{"floor":14,"key":"Ancient Potion"},{"floor":21,"key":"Dexterity Potion"},{"floor":33,"key":"Swift Potion"}],"is_trial":false,"path_per_floor":["M","M","?","$","M","R","M","R","T","R","?","M","E","M","R","B",null,"M","$","M","M","?","R","M","R","T","R","M","T","R","M","R","B",null,"M","M","?","?","?","R","$","E","T","R","M","R","M","M","R","B",null,"R","$","E","B"],"character_chosen":"DEFECT","items_purchased":["Conserve Battery","Bag of Preparation","Transmutation","Seek","Heatsinks"],"campfire_rested":0,"item_purchase_floors":[4,19,41,53,53],"current_hp_per_floor":[68,68,68,68,68,68,63,63,63,63,63,62,50,50,50,45,80,74,74,74,74,74,74,71,71,71,71,71,71,71,70,70,66,80,80,80,80,76,76,76,76,76,76,76,76,76,76,76,76,49,76,76,76,75,0],"gold":139,"neow_bonus":"REMOVE_TWO","is_prod":false,"is_daily":false,"chose_seed":false,"campfire_upgraded":13,"win_rate":0,"timestamp":1560581398,"path_taken":["M","M","?","$","M","R","M","R","T","R","?","M","E","M","R","BOSS","M","$","M","M","?","R","M","R","T","R","M","?","R","M","R","BOSS","M","M","?","?","?","R","$","E","T","R","?","R","M","M","R","BOSS","R","$","E","BOSS"],"build_version":"2019-06-13","purchased_purges":2,"victory":false,"max_hp_per_floor":[68,68,68,68,68,68,73,73,73,73,73,73,80,80,80,80,80,80,80,80,80,80,80,80,80,80,80,80,80,80,80,80,80,80,80,80,80,76,76,76,76,76,76,76,76,76,76,76,76,76,76,76,76,76,76],"card_choices":[{"not_picked":["Beam Cell","Stack"],"picked":"Defragment","floor":1},{"not_picked":["Sweeping Beam","Barrage"],"picked":"Cold Snap","floor":2},{"not_picked":["Rebound","Stack"],"picked":"Darkness","floor":5},{"not_picked":["Turbo","Skim"],"picked":"Leap","floor":7},{"not_picked":["Cold Snap","Skim"],"picked":"Seek","floor":12},{"not_picked":["Aggregate","Force Field","Scrape"],"picked":"SKIP","floor":13},{"not_picked":["Coolheaded","Steam"],"picked":"Capacitor","floor":14},{"not_picked":["Reboot","Meteor Strike"],"picked":"Echo Form","floor":16},{"not_picked":["Fusion","Streamline+1"],"picked":"Chill","floor":18},{"not_picked":["Hello World+1","Sweeping Beam"],"picked":"Coolheaded+1","floor":20},{"not_picked":["Stack","Coolheaded+1"],"picked":"Turbo+1","floor":21},{"not_picked":["Conserve Battery","BootSequence"],"picked":"Reinforced Body","floor":24},{"not_picked":["Genetic Algorithm","Cold Snap"],"picked":"Storm+1","floor":28},{"not_picked":["Glacier","Hello World"],"picked":"Redo+1","floor":31},{"not_picked":["Echo Form","Buffer"],"picked":"Multi-Cast","floor":33},{"not_picked":["Steam+1","Capacitor"],"picked":"Glacier+1","floor":35},{"not_picked":["Doom and Gloom","Genetic Algorithm+1","Conserve Battery"],"picked":"SKIP","floor":36},{"not_picked":["Melter","Turbo+1"],"picked":"Defragment+1","floor":42},{"not_picked":["Turbo","Cold Snap","Stack+1"],"picked":"SKIP","floor":45},{"not_picked":["Glacier+1","Doom and Gloom+1"],"picked":"BootSequence+1","floor":47},{"not_picked":["Gash+1","Beam Cell"],"picked":"Cold Snap+1","floor":48},{"not_picked":["Streamline","BootSequence"],"picked":"Chaos+1","floor":54}],"player_experience":271400,"relics_obtained":[{"floor":13,"key":"Strawberry"},{"floor":26,"key":"Tiny Chest"},{"floor":29,"key":"Regal Pillow"},{"floor":42,"key":"PreservedInsect"},{"floor":43,"key":"Pantograph"},{"floor":54,"key":"Shuriken"}],"event_choices":[{"cards_removed":["Strike_B"],"damage_healed":0,"gold_gain":0,"player_choice":"Forget","damage_taken":0,"max_hp_gain":0,"max_hp_loss":0,"event_name":"Living Wall","floor":3,"gold_loss":0},{"damage_healed":0,"gold_gain":0,"player_choice":"Ignored","damage_taken":0,"max_hp_gain":0,"max_hp_loss":0,"event_name":"NoteForYourself","floor":11,"gold_loss":0},{"cards_removed":["Defend_B"],"damage_healed":0,"gold_gain":0,"player_choice":"Elegance","damage_taken":0,"max_hp_gain":0,"max_hp_loss":0,"event_name":"Back to Basics","floor":22,"gold_loss":0},{"cards_removed":["Cold Snap"],"damage_healed":0,"gold_gain":0,"player_choice":"Removed Attack","damage_taken":0,"max_hp_gain":0,"max_hp_loss":0,"event_name":"Falling","floor":37,"gold_loss":0},{"damage_healed":0,"gold_gain":0,"player_choice":"Max HP","damage_taken":0,"max_hp_gain":0,"max_hp_loss":4,"event_name":"Winding Halls","floor":38,"gold_loss":0},{"damage_healed":0,"gold_gain":0,"player_choice":"Ignored","damage_taken":0,"max_hp_gain":0,"max_hp_loss":0,"event_name":"Purifier","floor":39,"gold_loss":0}],"is_beta":true,"boss_relics":[{"not_picked":["Snecko Eye","Runic Pyramid"],"picked":"Empty Cage"},{"not_picked":["Calling Bell","Runic Dome"],"picked":"Coffee Dripper"}],"items_purged_floors":[4,19],"is_endless":false,"potions_floor_spawned":[1,2,7,13,14,21,28,31,33,35,36,48],"killed_by":"The Heart","ascension_level":0}