{"gold_per_floor":[112,38,38,38,58,58,68,38,93,93,128,145,174,188,188,285,285,304,304,67,67,80,113,113,24,24,57,57,57,84,24,24,120,120,133,133,150,170,170,203,203,213,213,244,244,256,266,300,300,300],"floor_reached":51,"playtime":4286,"items_purged":[],"score":1036,"play_id":"51cd1483-c374-4c2b-8b4f-ba6ab295ed69","local_time":"20190803082959","is_ascension_mode":true,"campfire_choices":[{"data":"Flex","floor":6.0,"key":"SMITH"},{"data":"Spot Weakness","floor":10.0,"key":"SMITH"},{"data":"Disarm","floor":15.0,"key":"SMITH"},{"data":"Heavy Blade","floor":24.0,"key":"SMITH"},{"data":"Inflame","floor":28.0,"key":"SMITH"},{"data":"Battle Trance","floor":32.0,"key":"SMITH"},{"data":"Perfected Strike","floor":45.0,"key":"PURGE"},{"data":"Madness","floor":49.0,"key":"PURGE"}],"neow_cost":"TEN_PERCENT_HP_LOSS","seed_source_timestamp":2024323166651600,"circlet_count":0,"master_deck":["Defend_R","Defend_R","Bash","Battle Trance+1","Cleave","Flex+1","Disarm+1","Spot Weakness+1","Thunderclap","Headbutt","Heavy Blade+1","Impervious","Pummel+1","Bite","Bite","Bite","Bite","Bite","Inflame+1","Whirlwind+1","Iron Wave+1","Good Instincts","Second Wind","Barricade+1","Iron Wave+1","Madness","Pommel Strike+1","Shockwave+1","Sword Boomerang+1","Flex+1","Flame Barrier+1"],"special_seed":0,"relics":["Burning Blood","Magic Flower","Bag of Preparation","Pen Nib","Oddly Smooth Stone","Black Star","ClockworkSouvenir","Nilry\u0027s Codex","Anchor","Paper Frog","The Courier","Meat on the Bone","Kunai","MutagenicStrength","Frozen Egg 2","Thread and Needle","Fusion Hammer","Ginger","Toxic Egg 2","Bottled Lightning","Peace Pipe","Question Card","Torii","Mango","Bottled Tornado"],"potions_floor_usage":[50],"damage_taken":[{"damage":0.0,"enemies":"2 Louse","floor":1.0,"turns":3.0},{"damage":4.0,"enemies":"Jaw Worm","floor":5.0,"turns":3.0},{"damage":6.0,"enemies":"Small Slimes","floor":7.0,"turns":3.0},{"damage":18.0,"enemies":"Gremlin Nob","floor":11.0,"turns":3.0},{"damage":0.0,"enemies":"Exordium Thugs","floor":12.0,"turns":2.0},{"damage":13.0,"enemies":"3 Sentries","floor":13.0,"turns":4.0},{"damage":0.0,"enemies":"3 Louse","floor":14.0,"turns":2.0},{"damage":29.0,"enemies":"The Guardian","floor":16.0,"turns":11.0},{"damage":29.0,"enemies":"Spheric Guardian","floor":18.0,"turns":4.0},{"damage":6.0,"enemies":"Chosen","floor":22.0,"turns":4.0},{"damage":10.0,"enemies":"Slavers","floor":23.0,"turns":3.0},{"damage":10.0,"enemies":"Gremlin Leader","floor":27.0,"turns":5.0},{"damage":19.0,"enemies":"Book of Stabbing","floor":30.0,"turns":4.0},{"damage":57.0,"enemies":"Champ","floor":33.0,"turns":10.0},{"damage":0.0,"enemies":"Orb Walker","floor":35.0,"turns":2.0},{"damage":0.0,"enemies":"3 Darklings","floor":37.0,"turns":4.0},{"damage":27.0,"enemies":"Transient","floor":38.0,"turns":5.0},{"damage":22.0,"enemies":"Nemesis","floor":40.0,"turns":5.0},{"damage":1.0,"enemies":"4 Shapes","floor":42.0,"turns":2.0},{"damage":19.0,"enemies":"Reptomancer","floor":44.0,"turns":3.0},{"damage":1.0,"enemies":"Maw","floor":46.0,"turns":6.0},{"damage":1.0,"enemies":"Spire Growth","floor":47.0,"turns":3.0},{"damage":0.0,"enemies":"Nemesis","floor":48.0,"turns":3.0},{"damage":53,"enemies":"Awakened One","floor":50,"turns":9}],"seed_played":"4468803422058540432","potions_obtained":[{"floor":7.0,"key":"SpeedPotion"},{"floor":8.0,"key":"Fire Potion"},{"floor":8.0,"key":"Regen Potion"},{"floor":14.0,"key":"Fruit Juice"},{"floor":18.0,"key":"Swift Potion"},{"floor":27.0,"key":"Weak Potion"},{"floor":42.0,"key":"GamblersBrew"},{"floor":44.0,"key":"AttackPotion"},{"floor":46.0,"key":"Ancient Potion"}],"is_trial":false,"path_per_floor":["M","$","?","?","M","R","M","?","T","R","E","M","E","M","R","B",null,"M","?","$","?","M","E","R","$","T","E","R","?","E","?","R","B",null,"M","T","M","M","?","E","?","M","T","E","R","M","M","E","R","B",null],"character_chosen":"IRONCLAD","items_purchased":["Cleave","Flex","Inflame","ClockworkSouvenir","Good Instincts"],"campfire_rested":0,"item_purchase_floors":[2,2,20,20,25],"current_hp_per_floor":[72,72,72,72,72,72,72,72,72,72,63,72,68,77,77,57,77,57,53,53,37,49,51,51,51,51,53,53,53,49,49,49,41,53,53,53,53,53,46,40,40,51,51,43,43,53,53,67,67,57],"gold":300,"neow_bonus":"ONE_RARE_RELIC","is_prod":false,"is_daily":false,"chose_seed":false,"campfire_upgraded":6,"win_rate":0,"timestamp":1564842599,"path_taken":["M","$","?","?","M","R","M","?","T","R","E","?","E","M","R","BOSS","M","?","$","?","M","E","R","?","T","E","R","?","E","?","R","BOSS","M","?","M","M","?","E","?","M","T","E","R","?","M","E","R","BOSS"],"build_version":"2019-07-18","purchased_purges":0,"victory":true,"max_hp_per_floor":[72,72,72,72,72,72,72,72,72,72,72,72,72,77,77,77,77,77,53,53,53,53,53,53,53,53,53,53,53,53,53,53,53,53,53,53,53,53,53,53,53,53,53,53,53,53,53,67,67,67],"card_choices":[{"not_picked":["Body Slam","Fire Breathing"],"picked":"Battle Trance","floor":1.0},{"not_picked":["Seeing Red","Pommel Strike"],"picked":"Disarm","floor":5.0},{"not_picked":["Infernal Blade","Headbutt"],"picked":"Spot Weakness","floor":7.0},{"not_picked":["Armaments","Clash"],"picked":"Thunderclap","floor":11.0},{"not_picked":["Rampage","Flex","Bludgeon"],"picked":"SKIP","floor":12.0},{"not_picked":["Warcry","Armaments"],"picked":"Headbutt","floor":13.0},{"not_picked":["Shockwave","Sentinel"],"picked":"Heavy Blade","floor":14.0},{"not_picked":["Demon Form","Fiend Fire"],"picked":"Impervious","floor":16.0},{"not_picked":["True Grit","Clothesline"],"picked":"Pummel+1","floor":18.0},{"not_picked":["Carnage","Burning Pact"],"picked":"Whirlwind+1","floor":22.0},{"not_picked":["Bloodletting","Combust"],"picked":"Iron Wave+1","floor":23.0},{"not_picked":["Sentinel","Iron Wave","Clash"],"picked":"SKIP","floor":27.0},{"not_picked":["Bloodletting","Perfected Strike","Wild Strike"],"picked":"SKIP","floor":30.0},{"not_picked":["Immolate","Bludgeon"],"picked":"Barricade+1","floor":33.0},{"not_picked":["Perfected Strike+1","Spot Weakness+1"],"picked":"Iron Wave+1","floor":35.0},{"not_picked":["Heavy Blade","Body Slam","Perfected Strike"],"picked":"SKIP","floor":37.0},{"not_picked":["Flex+1","Thunderclap","Corruption+1"],"picked":"SKIP","floor":38.0},{"not_picked":["Twin Strike","Wild Strike"],"picked":"Pommel Strike+1","floor":40.0},{"not_picked":["True Grit+1","Metallicize+1"],"picked":"Shockwave+1","floor":42.0},{"not_picked":["Hemokinesis","Fiend Fire","Feel No Pain+1"],"picked":"SKIP","floor":44.0},{"not_picked":["Rupture+1","Clash+1","Feel No Pain+1"],"picked":"Sword Boomerang+1","floor":46.0},{"not_picked":["Hemokinesis+1","Feel No Pain+1","Heavy Blade"],"picked":"Flex+1","floor":47.0},{"not_picked":["Feel No Pain+1","Juggernaut+1","Headbutt+1"],"picked":"Flame Barrier+1","floor":48.0}],"player_experience":73429,"relics_obtained":[{"floor":9.0,"key":"Bag of Preparation"},{"floor":11.0,"key":"Pen Nib"},{"floor":13.0,"key":"Oddly Smooth Stone"},{"floor":21.0,"key":"Nilry\u0027s Codex"},{"floor":23.0,"key":"Anchor"},{"floor":23.0,"key":"Paper Frog"},{"floor":26.0,"key":"The Courier"},{"floor":27.0,"key":"Meat on the Bone"},{"floor":27.0,"key":"Kunai"},{"floor":30.0,"key":"Frozen Egg 2"},{"floor":30.0,"key":"Thread and Needle"},{"floor":36.0,"key":"Ginger"},{"floor":40.0,"key":"Toxic Egg 2"},{"floor":40.0,"key":"Bottled Lightning"},{"floor":43.0,"key":"Peace Pipe"},{"floor":44.0,"key":"Question Card"},{"floor":44.0,"key":"Torii"},{"floor":48.0,"key":"Mango"},{"floor":48.0,"key":"Bottled Tornado"}],"event_choices":[{"damage_healed":0.0,"max_hp_gain":0.0,"max_hp_loss":0.0,"gold_gain":0.0,"event_name":"Liars Game","player_choice":"Ignored","floor":3.0,"gold_loss":0.0,"damage_taken":0.0},{"damage_healed":0.0,"max_hp_gain":0.0,"max_hp_loss":0.0,"gold_gain":0.0,"event_name":"The Cleric","player_choice":"Leave","floor":4.0,"gold_loss":0.0,"damage_taken":0.0},{"damage_healed":0.0,"max_hp_gain":0.0,"max_hp_loss":0.0,"gold_gain":0.0,"event_name":"The Woman in Blue","player_choice":"Bought 2 Potions","floor":8.0,"gold_loss":0.0,"damage_taken":0.0},{"damage_healed":0.0,"max_hp_gain":0.0,"max_hp_loss":24.0,"gold_gain":0.0,"event_name":"Vampires","player_choice":"Became a vampire","floor":19.0,"gold_loss":0.0,"damage_taken":0.0,"cards_obtained":["Bite","Bite","Bite","Bite","Bite"]},{"damage_healed":0.0,"max_hp_gain":0.0,"max_hp_loss":0.0,"gold_gain":0.0,"event_name":"Cursed Tome","player_choice":"Obtained Book","floor":21.0,"gold_loss":0.0,"damage_taken":16.0},{"damage_healed":0.0,"max_hp_gain":0.0,"max_hp_loss":0.0,"gold_gain":0.0,"event_name":"Drug Dealer","player_choice":"Inject Mutagens","floor":29.0,"gold_loss":0.0,"damage_taken":0.0,"relics_obtained":["MutagenicStrength"]},{"damage_healed":0.0,"max_hp_gain":0.0,"max_hp_loss":0.0,"gold_gain":0.0,"cards_transformed":["Defend_R","Defend_R"],"event_name":"Designer","player_choice":"Transformed Cards","floor":31.0,"gold_loss":60.0,"damage_taken":0.0,"cards_obtained":["Perfected Strike","Second Wind"]},{"damage_healed":0.0,"max_hp_gain":0.0,"max_hp_loss":0.0,"gold_gain":0.0,"event_name":"Winding Halls","player_choice":"Embrace Madness","floor":39.0,"gold_loss":0.0,"damage_taken":7.0,"cards_obtained":["Madness","Madness"]},{"damage_healed":0.0,"max_hp_gain":0.0,"max_hp_loss":0.0,"gold_gain":0.0,"event_name":"Tomb of Lord Red Mask","player_choice":"Ignored","floor":41.0,"gold_loss":0.0,"damage_taken":0.0}],"is_beta":true,"boss_relics":[{"not_picked":["Snecko Eye","Calling Bell"],"picked":"Black Star"},{"not_picked":["Black Blood","Coffee Dripper"],"picked":"Fusion Hammer"}],"items_purged_floors":[],"is_endless":false,"potions_floor_spawned":[7,14,18,27,42,44,46,47],"ascension_level":4}