{"gold_per_floor":[116,191,209,209,23,50,64,64,87,87,103,116,133,57,57,162,162,181,196,213,223,239,239,256,272,295,295,295,295,309,328,328,328],"floor_reached":33,"playtime":3785,"items_purged":[],"score":280,"play_id":"02f7042f-0908-4d72-81c3-3037c4e17e52","local_time":"20190707231313","is_ascension_mode":false,"campfire_choices":[{"floor":15,"key":"REST"},{"floor":23,"key":"REST"},{"floor":27,"key":"REST"},{"floor":29,"key":"REST"},{"data":"Carnage","floor":32,"key":"SMITH"}],"neow_cost":"NONE","seed_source_timestamp":1391847049962389,"circlet_count":0,"master_deck":["Strike_R","Strike_R+1","Strike_R","Strike_R+1","Defend_R","Defend_R","Defend_R","Defend_R","Bash","Rampage","Pommel Strike","Uppercut","Thunderclap","Fire Breathing","Parasite","Bash","Ghostly Armor","Carnage+1","Flex","Feed","Battle Trance","Feed","Headbutt","Iron Wave","Burning Pact+1","Battle Trance+1","Dual Wield","Cleave+1","Writhe","Flex","True Grit+1"],"relics":["Burning Blood","Whetstone","Vajra","Regal Pillow","Happy Flower","Cursed Key","Blood Vial"],"potions_floor_usage":[16,16,22,22,22],"damage_taken":[{"damage":6,"enemies":"Jaw Worm","floor":1,"turns":4},{"damage":2,"enemies":"2 Louse","floor":3,"turns":3},{"damage":34,"enemies":"3 Sentries","floor":6,"turns":8},{"damage":2,"enemies":"Small Slimes","floor":7,"turns":3},{"damage":14,"enemies":"Gremlin Gang","floor":11,"turns":6},{"damage":11,"enemies":"Red Slaver","floor":12,"turns":3},{"damage":8,"enemies":"2 Fungi Beasts","floor":13,"turns":3},{"damage":61,"enemies":"The Guardian","floor":16,"turns":10},{"damage":0,"enemies":"Chosen","floor":18,"turns":3},{"damage":14,"enemies":"Shell Parasite","floor":19,"turns":4},{"damage":14,"enemies":"3 Cultists","floor":20,"turns":5},{"damage":39,"enemies":"Snecko","floor":21,"turns":5},{"damage":29,"enemies":"Snake Plant","floor":22,"turns":4},{"damage":32,"enemies":"3 Cultists","floor":24,"turns":5},{"damage":22,"enemies":"Centurion and Healer","floor":25,"turns":5},{"damage":12,"enemies":"Cultist and Chosen","floor":30,"turns":5},{"damage":15,"enemies":"Snake Plant","floor":31,"turns":3},{"damage":102,"enemies":"Champ","floor":33,"turns":11}],"seed_played":"-3598692394305288613","potions_obtained":[{"floor":3,"key":"Ancient Potion"},{"floor":7,"key":"Swift Potion"},{"floor":11,"key":"Ancient Potion"},{"floor":12,"key":"SkillPotion"},{"floor":13,"key":"LiquidBronze"},{"floor":18,"key":"Swift Potion"},{"floor":19,"key":"Regen Potion"},{"floor":21,"key":"SkillPotion"}],"is_trial":false,"path_per_floor":["M","?","M","?","$","E","M","?","T","?","M","M","M","$","R","B",null,"M","M","M","M","M","R","M","M","T","R","?","R","M","M","R","B"],"character_chosen":"IRONCLAD","items_purchased":["Vajra","Uppercut","Battle Trance"],"campfire_rested":4,"item_purchase_floors":[5,5,14],"current_hp_per_floor":[80,69,73,66,66,38,42,62,62,62,54,49,47,47,80,25,80,83,75,70,37,19,59,36,23,23,65,47,91,90,83,83,0],"gold":328,"neow_bonus":"RANDOM_COMMON_RELIC","is_prod":false,"is_daily":false,"chose_seed":false,"campfire_upgraded":1,"win_rate":0.0,"timestamp":1562555593,"path_taken":["M","?","M","?","?","E","M","?","T","?","M","M","?","?","R","BOSS","M","M","M","M","M","R","M","M","T","R","?","R","M","M","R","BOSS"],"build_version":"2019-07-05","purchased_purges":0,"victory":false,"max_hp_per_floor":[80,80,80,80,80,80,80,80,80,80,80,80,80,80,80,80,80,83,83,86,86,86,86,89,92,92,92,97,97,100,100,100,100],"card_choices":[{"not_picked":["Clash","Thunderclap"],"picked":"Rampage","floor":1},{"not_picked":["Corruption","Anger"],"picked":"Pommel Strike","floor":3},{"not_picked":["Shrug It Off","Cleave"],"picked":"Thunderclap","floor":6},{"not_picked":["Anger","Hemokinesis"],"picked":"Fire Breathing","floor":7},{"not_picked":["Shockwave","Feel No Pain"],"picked":"Carnage","floor":11},{"not_picked":["Shockwave","Sword Boomerang"],"picked":"Flex","floor":12},{"not_picked":["Thunderclap","Flex"],"picked":"Feed","floor":13},{"not_picked":["Offering","Barricade"],"picked":"Feed","floor":16},{"not_picked":["Clash+1","Pommel Strike"],"picked":"Headbutt","floor":18},{"not_picked":["Headbutt","Sword Boomerang"],"picked":"Iron Wave","floor":19},{"not_picked":["Iron Wave","Carnage+1"],"picked":"Burning Pact+1","floor":20},{"not_picked":["Bludgeon","Perfected Strike"],"picked":"Battle Trance+1","floor":21},{"not_picked":["Battle Trance+1","Body Slam","Perfected Strike+1"],"picked":"SKIP","floor":22},{"not_picked":["True Grit","Headbutt"],"picked":"Dual Wield","floor":24},{"not_picked":["Heavy Blade","Iron Wave"],"picked":"Cleave+1","floor":25},{"not_picked":["Headbutt","Pommel Strike"],"picked":"Flex","floor":30},{"not_picked":["Bludgeon","Intimidate"],"picked":"True Grit+1","floor":31}],"player_experience":31688,"relics_obtained":[{"floor":6,"key":"Regal Pillow"},{"floor":9,"key":"Happy Flower"},{"floor":26,"key":"Blood Vial"}],"event_choices":[{"damage_healed":0,"gold_gain":75,"player_choice":"Gather Gold","damage_taken":11,"max_hp_gain":0,"max_hp_loss":0,"event_name":"World of Goop","floor":2,"gold_loss":0},{"cards_removed":["Strike_R"],"damage_healed":0,"gold_gain":0,"player_choice":"Card Removal","damage_taken":7,"max_hp_gain":0,"max_hp_loss":0,"event_name":"Golden Wing","floor":4,"gold_loss":0},{"damage_healed":20,"gold_gain":0,"player_choice":"Healed and dodged fight","damage_taken":0,"max_hp_gain":0,"max_hp_loss":0,"event_name":"Mushrooms","floor":8,"gold_loss":0,"cards_obtained":["Parasite"]},{"damage_healed":0,"gold_gain":0,"player_choice":"2 cards matched","damage_taken":0,"max_hp_gain":0,"max_hp_loss":0,"event_name":"Match and Keep!","floor":10,"gold_loss":0,"cards_obtained":["Bash","Ghostly Armor"]},{"damage_healed":0,"gold_gain":0,"player_choice":"Shed Blood","damage_taken":23,"max_hp_gain":5,"max_hp_loss":0,"event_name":"Forgotten Altar","floor":28,"gold_loss":0}],"is_beta":false,"boss_relics":[{"not_picked":["Fusion Hammer","White Beast Statue"],"picked":"Cursed Key"}],"items_purged_floors":[],"is_endless":false,"potions_floor_spawned":[3,7,11,12,13,18,19,21],"killed_by":"Champ","ascension_level":0}