{"gold_per_floor":[114,181,131,146,146,146,176,191,241,271,346,346,361,11,11,111,111,126,126,151,166,181,211,211,241,291,306,306,33,33,33,63,163,163,178,253,353,353,8,8,38,38,38,53,3,53,83,98,98,98],"floor_reached":51,"playtime":2793,"items_purged":["True Grit","Normality","Clumsy"],"score":997,"play_id":"b9030ed7-5258-4943-b213-c730879558b3","local_time":"20190801134337","daily_mods":["Insanity","Time Dilation","Night Terrors"],"is_ascension_mode":false,"campfire_choices":[{"data":"Disarm","floor":6,"key":"SMITH"},{"floor":12,"key":"DIG"},{"floor":15,"key":"DIG"},{"floor":24,"key":"DIG"},{"floor":28,"key":"DIG"},{"floor":30,"key":"DIG"},{"floor":32,"key":"DIG"},{"floor":40,"key":"DIG"},{"floor":42,"key":"DIG"},{"floor":49,"key":"DIG"}],"neow_cost":"","seed_source_timestamp":1868200052317900,"circlet_count":0,"master_deck":["Clash","Spot Weakness","Iron Wave","Carnage","Anger","Battle Trance","Body Slam","Shrug It Off","Pommel Strike","Disarm+1","Iron Wave","Havoc","Infernal Blade","Armaments","Cleave","Hemokinesis+1","Clash","Metallicize","Ghostly Armor+1","Warcry","Clothesline+1","Clash","Iron Wave","Intimidate","Sever Soul","Flex","Iron Wave","Combust","Cleave","True Grit","Clothesline","Clash","Reckless Charge","Sword Boomerang","Iron Wave","Headbutt","Heavy Blade","Heavy Blade","Shrug It Off+1","Warcry","Anger","Bloodletting","Flex","Anger","Spot Weakness","Wild Strike","Headbutt","Sentinel","Disarm","Shrug It Off","Corruption","Feed","Metallicize","Cleave+1","Immolate","Brutality","Twin Strike+1","Inflame","Reaper","Parasite","Sword Boomerang+1","Juggernaut","Disarm+1","Power Through+1","Transmutation+1","Havoc+1","Sword Boomerang+1","Power Through+1","Flex+1","Heavy Blade+1"],"special_seed":18109,"relics":["Burning Blood","Bag of Marbles","Oddly Smooth Stone","Shovel","Thread and Needle","Pen Nib","Sling","Mango","Fusion Hammer","Boot","Whetstone","Toxic Egg 2","Question Card","Orichalcum","Letter Opener","Membership Card","Blood Vial","Torii","Tiny Chest","Calling Bell","Vajra","Mercury Hourglass","Charon\u0027s Ashes","Meat on the Bone","Nunchaku","Incense Burner","Kunai","Smiling Mask","Bottled Flame","Paper Frog","Bronze Scales","Strawberry","War Paint"],"potions_floor_usage":[50,50,50],"damage_taken":[{"damage":5,"enemies":"Small Slimes","floor":1,"turns":3},{"damage":8,"enemies":"Jaw Worm","floor":4,"turns":2},{"damage":21,"enemies":"Lagavulin","floor":7,"turns":5},{"damage":2,"enemies":"2 Louse","floor":8,"turns":3},{"damage":3,"enemies":"Gremlin Nob","floor":10,"turns":2},{"damage":0,"enemies":"Blue Slaver","floor":13,"turns":1},{"damage":26,"enemies":"Hexaghost","floor":16,"turns":5},{"damage":0,"enemies":"3 Byrds","floor":18,"turns":3},{"damage":3,"enemies":"Chosen","floor":21,"turns":2},{"damage":0,"enemies":"Centurion and Healer","floor":22,"turns":4},{"damage":2,"enemies":"Book of Stabbing","floor":23,"turns":4},{"damage":0,"enemies":"Gremlin Leader","floor":25,"turns":4},{"damage":4,"enemies":"Snake Plant","floor":27,"turns":3},{"damage":42,"enemies":"Automaton","floor":33,"turns":7},{"damage":0,"enemies":"3 Shapes","floor":35,"turns":2},{"damage":5,"enemies":"Mind Bloom Boss Battle","floor":37,"turns":5},{"damage":11,"enemies":"Giant Head","floor":41,"turns":7},{"damage":0,"enemies":"3 Darklings","floor":44,"turns":1},{"damage":0,"enemies":"Nemesis","floor":47,"turns":3},{"damage":0,"enemies":"Transient","floor":48,"turns":5},{"damage":41,"enemies":"Awakened One","floor":50,"turns":9}],"seed_played":"-2020215649627898400","potions_obtained":[{"floor":4,"key":"Fire Potion"},{"floor":10,"key":"Poison Potion"},{"floor":13,"key":"Ancient Potion"},{"floor":25,"key":"EssenceOfSteel"},{"floor":33,"key":"Ancient Potion"},{"floor":41,"key":"Dexterity Potion"}],"is_trial":false,"path_per_floor":["M","?","?","M","$","R","E","M","T","E","?","R","M","$","R","B",null,"M","?","T","M","M","E","R","E","T","M","R","$","R","T","R","B",null,"M","T","?","?","$","R","E","R","T","M","$","T","E","M","R","B",null],"character_chosen":"IRONCLAD","items_purchased":["Pen Nib","Sling","Membership Card","Inflame","Incense Burner","Power Through+1","Transmutation+1","Havoc+1"],"campfire_rested":0,"item_purchase_floors":[14,14,29,29,39,39,39,39],"current_hp_per_floor":[80,80,80,78,78,78,63,67,67,70,59,59,65,65,79,59,94,94,94,94,94,94,94,94,94,94,94,94,94,94,94,94,58,94,94,94,97,97,97,97,92,92,92,97,97,97,107,107,107,91],"gold":98,"neow_bonus":"","is_prod":false,"is_daily":true,"chose_seed":false,"campfire_upgraded":1,"win_rate":1,"timestamp":1564688617,"path_taken":["M","?","?","M","$","R","E","M","T","E","?","R","M","?","R","BOSS","M","?","?","?","M","E","R","E","T","M","R","$","R","?","R","BOSS","M","?","?","?","$","R","E","R","T","?","?","?","E","M","R","BOSS"],"build_version":"2019-07-18","purchased_purges":3,"victory":true,"max_hp_per_floor":[80,80,80,80,80,80,80,80,80,80,80,80,80,80,94,94,94,94,94,94,94,94,94,94,94,94,94,94,94,94,94,94,94,94,94,94,97,97,97,97,97,97,97,97,97,97,107,107,107,107],"card_choices":[{"not_picked":["Searing Blow","Twin Strike"],"picked":"Disarm","floor":1},{"not_picked":["Whirlwind","Burning Pact"],"picked":"Shrug It Off","floor":4},{"not_picked":["Body Slam","Exhume","Heavy Blade"],"picked":"SKIP","floor":7},{"not_picked":["Searing Blow","Cleave","Rampage"],"picked":"SKIP","floor":8},{"not_picked":["Sever Soul","Clash","Fiend Fire"],"picked":"SKIP","floor":10},{"not_picked":["Twin Strike","Armaments"],"picked":"Corruption","floor":13},{"not_picked":["Berserk","Brutality"],"picked":"Feed","floor":16},{"not_picked":["Clothesline","Flex"],"picked":"Metallicize","floor":18},{"not_picked":["Heavy Blade","Clothesline"],"picked":"Cleave+1","floor":21},{"not_picked":["Evolve","Iron Wave","Headbutt"],"picked":"SKIP","floor":22},{"not_picked":["True Grit","Dropkick+1"],"picked":"Immolate","floor":23},{"not_picked":["Rage+1","Burning Pact+1"],"picked":"Brutality","floor":25},{"not_picked":["Sentinel+1","Headbutt","Anger+1"],"picked":"Twin Strike+1","floor":27},{"not_picked":["Exhume+1","Feed","Immolate"],"picked":"Reaper","floor":33},{"not_picked":["Headbutt","True Grit+1","Searing Blow"],"picked":"Sword Boomerang+1","floor":35},{"not_picked":["Pommel Strike","Shrug It Off+1","Clash"],"picked":"Juggernaut","floor":37},{"not_picked":["Headbutt","Wild Strike+1","Dual Wield+1"],"picked":"Sword Boomerang+1","floor":41},{"not_picked":["Bloodletting+1","Cleave+1","Clothesline+1"],"picked":"Power Through+1","floor":44},{"not_picked":["Anger","Spot Weakness+1","Rage+1"],"picked":"Flex+1","floor":47},{"not_picked":["Armaments+1","Seeing Red+1","Perfected Strike"],"picked":"Heavy Blade+1","floor":48}],"player_experience":38590,"relics_obtained":[{"floor":7,"key":"Bag of Marbles"},{"floor":9,"key":"Oddly Smooth Stone"},{"floor":10,"key":"Shovel"},{"floor":12,"key":"Thread and Needle"},{"floor":15,"key":"Mango"},{"floor":20,"key":"Boot"},{"floor":23,"key":"Whetstone"},{"floor":24,"key":"Toxic Egg 2"},{"floor":25,"key":"Question Card"},{"floor":26,"key":"Orichalcum"},{"floor":28,"key":"Letter Opener"},{"floor":30,"key":"Blood Vial"},{"floor":31,"key":"Torii"},{"floor":32,"key":"Tiny Chest"},{"floor":34,"key":"Vajra"},{"floor":34,"key":"Mercury Hourglass"},{"floor":34,"key":"Charon\u0027s Ashes"},{"floor":36,"key":"Meat on the Bone"},{"floor":37,"key":"Nunchaku"},{"floor":40,"key":"Kunai"},{"floor":41,"key":"Smiling Mask"},{"floor":42,"key":"Bottled Flame"},{"floor":43,"key":"Paper Frog"},{"floor":46,"key":"Bronze Scales"},{"floor":47,"key":"Strawberry"},{"floor":49,"key":"War Paint"}],"event_choices":[{"damage_healed":0,"gold_gain":67,"player_choice":"Gained Gold","damage_taken":0,"max_hp_gain":0,"max_hp_loss":0,"event_name":"Golden Wing","floor":2,"gold_loss":0},{"cards_removed":["Rampage"],"damage_healed":0,"gold_gain":0,"player_choice":"Card Removal","damage_taken":0,"max_hp_gain":0,"max_hp_loss":0,"event_name":"The Cleric","floor":3,"gold_loss":50},{"damage_healed":0,"gold_gain":75,"player_choice":"Gather Gold","damage_taken":11,"max_hp_gain":0,"max_hp_loss":0,"event_name":"World of Goop","floor":11,"gold_loss":0},{"damage_healed":0,"gold_gain":0,"player_choice":"Ignored","damage_taken":0,"max_hp_gain":0,"max_hp_loss":0,"event_name":"Ghosts","floor":19,"gold_loss":0},{"damage_healed":0,"gold_gain":0,"player_choice":"Fight","damage_taken":0,"max_hp_gain":0,"max_hp_loss":0,"event_name":"MindBloom","floor":37,"gold_loss":0},{"damage_healed":0,"gold_gain":0,"player_choice":"Copied","damage_taken":0,"max_hp_gain":0,"max_hp_loss":0,"event_name":"Duplicator","floor":38,"gold_loss":0,"cards_obtained":["Disarm"]}],"is_beta":true,"boss_relics":[{"not_picked":["Lizard Tail","Runic Cube"],"picked":"Fusion Hammer"},{"not_picked":["Runic Dome","Cursed Key"],"picked":"Calling Bell"}],"items_purged_floors":[29,39,45],"is_endless":false,"potions_floor_spawned":[4,10,13,16,25,27,33,41,47],"ascension_level":0}