{"gold_per_floor":[111,127,145,162,7,7,20,20,20,52,28,57,57,57,57,130,130,150,150,167,178,195,221,221,237,237,237,237,237],"floor_reached":29,"playtime":1059,"items_purged":["Strike_R"],"score":522,"play_id":"9fef3da1-6f1e-4788-b4b8-5e9aa2ae4874","local_time":"20190721012809","is_ascension_mode":true,"campfire_choices":[{"data":"Spot Weakness","floor":6,"key":"SMITH"},{"data":"Heavy Blade","floor":8,"key":"SMITH"},{"data":"Shockwave","floor":13,"key":"SMITH"},{"data":"Sword Boomerang","floor":15,"key":"SMITH"},{"floor":24,"key":"REST"},{"data":"Double Tap","floor":27,"key":"SMITH"}],"neow_cost":"NONE","seed_source_timestamp":17672166003049,"circlet_count":0,"master_deck":["AscendersBane","Strike_R","Strike_R","Strike_R","Defend_R","Defend_R","Defend_R","Defend_R","Bash+1","Spot Weakness+1","Shrug It Off+1","Shockwave+1","Heavy Blade+1","Sword Boomerang+1","Cleave","Dropkick","Headbutt","Feed+1","Double Tap+1","Thunderclap+1","Havoc+1","Armaments+1","Heavy Blade+1","Exhume"],"relics":["Burning Blood","PreservedInsect","Vajra","Molten Egg 2","Sozu","Centennial Puzzle","Meat on the Bone"],"potions_floor_usage":[16,16],"damage_taken":[{"damage":6,"enemies":"Cultist","floor":1,"turns":3},{"damage":4,"enemies":"Small Slimes","floor":2,"turns":3},{"damage":12,"enemies":"Jaw Worm","floor":3,"turns":2},{"damage":19,"enemies":"Blue Slaver","floor":4,"turns":5},{"damage":2,"enemies":"2 Fungi Beasts","floor":7,"turns":3},{"damage":9,"enemies":"Gremlin Nob","floor":10,"turns":3},{"damage":10,"enemies":"3 Sentries","floor":12,"turns":3},{"damage":32,"enemies":"The Guardian","floor":16,"turns":8},{"damage":0,"enemies":"Chosen","floor":18,"turns":2},{"damage":23,"enemies":"2 Thieves","floor":20,"turns":3},{"damage":22,"enemies":"Snecko","floor":21,"turns":4},{"damage":21,"enemies":"Centurion and Healer","floor":22,"turns":5},{"damage":31,"enemies":"Gremlin Leader","floor":23,"turns":6},{"damage":20,"enemies":"Sentry and Sphere","floor":25,"turns":5},{"damage":36,"enemies":"Slavers","floor":29,"turns":4}],"seed_played":"5438357421058631264","potions_obtained":[{"floor":3,"key":"Energy Potion"},{"floor":4,"key":"Regen Potion"}],"is_trial":false,"path_per_floor":["M","M","M","M","$","R","M","R","T","E","$","E","R","?","R","B",null,"M","?","M","M","M","E","R","M","T","R","?","E"],"character_chosen":"IRONCLAD","items_purchased":["Heavy Blade","Sword Boomerang","Headbutt"],"campfire_rested":1,"item_purchase_floors":[5,5,11],"current_hp_per_floor":[68,70,64,51,51,51,55,55,55,52,52,48,48,48,48,34,65,75,75,62,50,39,18,46,32,32,32,32,0],"gold":237,"neow_bonus":"UPGRADE_CARD","is_prod":false,"is_daily":false,"chose_seed":false,"campfire_upgraded":5,"win_rate":0,"timestamp":1563690489,"path_taken":["M","M","M","M","$","R","M","R","T","E","?","E","R","?","R","BOSS","M","?","?","M","M","E","R","M","T","R","?","E"],"build_version":"2019-07-17","purchased_purges":1,"victory":false,"max_hp_per_floor":[75,75,75,75,75,75,75,75,75,75,75,75,75,75,75,75,75,79,79,83,87,91,95,95,95,95,95,95,99],"card_choices":[{"not_picked":["True Grit","Clash"],"picked":"Spot Weakness","floor":1},{"not_picked":["Perfected Strike","Rupture"],"picked":"Shrug It Off","floor":2},{"not_picked":["Spot Weakness","Headbutt"],"picked":"Shockwave","floor":3},{"not_picked":["Perfected Strike","Evolve","Warcry"],"picked":"SKIP","floor":4},{"not_picked":["Infernal Blade","Sword Boomerang"],"picked":"Cleave","floor":7},{"not_picked":["Uppercut","Burning Pact"],"picked":"Dropkick","floor":10},{"not_picked":["Flex","Entrench"],"picked":"Feed","floor":12},{"not_picked":["Dark Embrace","Juggernaut"],"picked":"Double Tap","floor":16},{"not_picked":["Feel No Pain","Body Slam+1"],"picked":"Thunderclap+1","floor":18},{"not_picked":["Rampage+1","Sword Boomerang+1"],"picked":"Havoc","floor":20},{"not_picked":["Fire Breathing","Rage"],"picked":"Armaments+1","floor":21},{"not_picked":["Fire Breathing","Clothesline+1"],"picked":"Heavy Blade+1","floor":22},{"not_picked":["Body Slam+1","Clash+1"],"picked":"Exhume","floor":23},{"not_picked":["Heavy Blade+1","Twin Strike+1","Havoc"],"picked":"SKIP","floor":25}],"player_experience":510785,"relics_obtained":[{"floor":9,"key":"PreservedInsect"},{"floor":10,"key":"Vajra"},{"floor":12,"key":"Molten Egg 2"},{"floor":23,"key":"Centennial Puzzle"},{"floor":26,"key":"Meat on the Bone"}],"event_choices":[{"damage_healed":0,"gold_gain":0,"player_choice":"Grow","damage_taken":0,"max_hp_gain":0,"max_hp_loss":0,"event_name":"Living Wall","floor":14,"gold_loss":0,"cards_upgraded":["Shrug It Off"]},{"cards_removed":["Strike_R"],"damage_healed":0,"gold_gain":0,"player_choice":"Purged","damage_taken":0,"max_hp_gain":0,"max_hp_loss":0,"event_name":"Purifier","floor":19,"gold_loss":0},{"damage_healed":0,"gold_gain":0,"player_choice":"Upgraded","damage_taken":0,"max_hp_gain":0,"max_hp_loss":0,"event_name":"Upgrade Shrine","floor":28,"gold_loss":0,"cards_upgraded":["Havoc"]}],"is_beta":false,"boss_relics":[{"not_picked":["Orrery","Runic Dome"],"picked":"Sozu"}],"items_purged_floors":[5],"is_endless":false,"potions_floor_spawned":[3,4,7,12,18,22],"killed_by":"Slavers","ascension_level":19}