{"gold_per_floor":[117,128,145,145,165,165,192,192,215,243,6,6,36,49,49,150,150,161,161,161],"floor_reached":20,"playtime":1081,"items_purged":["Strike_R"],"score":278,"play_id":"df011e8c-e041-4e4e-b153-0dfe63b04066","local_time":"20190622103956","is_ascension_mode":true,"campfire_choices":[{"floor":6,"key":"REST"},{"floor":8,"key":"REST"},{"floor":12,"key":"REST"},{"floor":15,"key":"REST"}],"neow_cost":"NONE","seed_source_timestamp":227102773659964,"circlet_count":0,"master_deck":["Strike_R+1","Strike_R","Strike_R","Strike_R","Defend_R","Defend_R","Defend_R","Defend_R","Bash","Metallicize","Armaments","True Grit+1","Exhume","Evolve","Battle Trance","Combust","Flame Barrier","Whirlwind","Sentinel","Spot Weakness","Double Tap","Iron Wave+1"],"relics":["Burning Blood","Boot","Anchor","Omamori","Orichalcum","Eternal Feather"],"potions_floor_usage":[7,16,16,20],"damage_taken":[{"damage":1,"enemies":"Small Slimes","floor":1,"turns":4},{"damage":4,"enemies":"Jaw Worm","floor":2,"turns":4},{"damage":9,"enemies":"Cultist","floor":3,"turns":5},{"damage":40,"enemies":"Exordium Wildlife","floor":5,"turns":9},{"damage":22,"enemies":"Lagavulin","floor":7,"turns":10},{"damage":52,"enemies":"Gremlin Nob","floor":10,"turns":6},{"damage":21,"enemies":"3 Sentries","floor":13,"turns":6},{"damage":1,"enemies":"Blue Slaver","floor":14,"turns":6},{"damage":42,"enemies":"Slime Boss","floor":16,"turns":11},{"damage":8,"enemies":"3 Byrds","floor":18,"turns":4},{"damage":52,"enemies":"Masked Bandits","floor":20,"turns":3}],"seed_played":"-8339146806829856573","potions_obtained":[{"floor":5,"key":"PowerPotion"},{"floor":7,"key":"Dexterity Potion"},{"floor":13,"key":"EssenceOfSteel"},{"floor":18,"key":"Block Potion"}],"is_trial":false,"path_per_floor":["M","M","M","?","M","R","E","R","T","E","$","R","E","M","R","B",null,"M","?","?"],"character_chosen":"IRONCLAD","items_purchased":["Flame Barrier","Whirlwind"],"campfire_rested":4,"item_purchase_floors":[11,11],"current_hp_per_floor":[77,79,76,60,26,50,34,58,58,12,12,36,21,26,50,14,64,62,47,0],"gold":161,"neow_bonus":"THREE_CARDS","is_prod":false,"is_daily":false,"chose_seed":false,"campfire_upgraded":0,"win_rate":0,"timestamp":1561217996,"path_taken":["M","M","M","?","M","R","E","R","T","E","$","R","E","M","R","BOSS","M","?","?"],"build_version":"2019-01-23","purchased_purges":1,"victory":false,"max_hp_per_floor":[80,80,80,80,80,80,80,80,80,80,80,80,80,80,80,80,80,80,85,85],"card_choices":[{"not_picked":["Warcry","Headbutt"],"picked":"Metallicize","floor":0},{"not_picked":["Twin Strike","Sword Boomerang"],"picked":"Armaments","floor":1},{"not_picked":["Headbutt","Heavy Blade"],"picked":"True Grit","floor":2},{"not_picked":["Sentinel","Armaments"],"picked":"Exhume","floor":3},{"not_picked":["Clothesline","Bloodletting"],"picked":"Evolve","floor":5},{"not_picked":["Spot Weakness","Dual Wield"],"picked":"Battle Trance","floor":7},{"not_picked":["Heavy Blade","Iron Wave"],"picked":"Combust","floor":10},{"not_picked":["Anger","Searing Blow"],"picked":"Sentinel","floor":13},{"not_picked":["Metallicize","Armaments"],"picked":"Spot Weakness","floor":14},{"not_picked":["Exhume","Dark Embrace"],"picked":"Double Tap","floor":16},{"not_picked":["Cleave","Reckless Charge+1"],"picked":"Iron Wave+1","floor":18}],"player_experience":364272,"relics_obtained":[{"floor":7,"key":"Boot"},{"floor":9,"key":"Anchor"},{"floor":10,"key":"Omamori"},{"floor":13,"key":"Orichalcum"}],"event_choices":[{"damage_healed":0,"gold_gain":0,"player_choice":"Entered Light","damage_taken":16,"max_hp_gain":0,"max_hp_loss":0,"event_name":"Shining Light","floor":4,"gold_loss":0,"cards_upgraded":["Strike_R","True Grit"]},{"damage_healed":0,"gold_gain":0,"player_choice":"Shed Blood","damage_taken":20,"max_hp_gain":5,"max_hp_loss":0,"event_name":"Forgotten Altar","floor":19,"gold_loss":0},{"damage_healed":0,"gold_gain":0,"player_choice":"Fought Bandits","damage_taken":0,"max_hp_gain":0,"max_hp_loss":0,"event_name":"Masked Bandits","floor":20,"gold_loss":0}],"is_beta":false,"boss_relics":[{"not_picked":["Sozu","Lizard Tail"],"picked":"Eternal Feather"}],"items_purged_floors":[11],"is_endless":false,"potions_floor_spawned":[5,7,13,18],"killed_by":"Masked Bandits","ascension_level":9}