{"gold_per_floor":[112,112,112,123,141,169,169,180,180,199,213,213,223,223,223,223],"floor_reached":16,"playtime":604,"items_purged":[],"score":203,"play_id":"ccc6858a-ef5b-411d-b354-8af2145e38c0","local_time":"20190730200217","is_ascension_mode":true,"campfire_choices":[{"floor":7,"key":"REST"},{"data":"Whirlwind","floor":12,"key":"SMITH"},{"floor":15,"key":"REST"}],"neow_cost":"NONE","seed_source_timestamp":692762495994870,"circlet_count":0,"master_deck":["AscendersBane","Strike_R","Strike_R","Strike_R","Strike_R","Defend_R","Defend_R","Defend_R","Defend_R","Bash","Cleave","Shrug It Off","Pommel Strike","Corruption","Power Through","Shrug It Off","Clothesline","Whirlwind+1","Disarm+1"],"relics":["Burning Blood","NeowsBlessing","Regal Pillow","Gremlin Horn"],"potions_floor_usage":[6,6,10,16,16],"damage_taken":[{"damage":0,"enemies":"2 Louse","floor":1,"turns":1},{"damage":0,"enemies":"Cultist","floor":4,"turns":1},{"damage":0,"enemies":"Small Slimes","floor":5,"turns":1},{"damage":52,"enemies":"Lagavulin","floor":6,"turns":9},{"damage":0,"enemies":"2 Fungi Beasts","floor":8,"turns":3},{"damage":28,"enemies":"Exordium Wildlife","floor":10,"turns":7},{"damage":38,"enemies":"Exordium Thugs","floor":11,"turns":5},{"damage":12,"enemies":"2 Fungi Beasts","floor":13,"turns":3},{"damage":53,"enemies":"Slime Boss","floor":16,"turns":7}],"seed_played":"-5512310554108304093","potions_obtained":[{"floor":3,"key":"EntropicBrew"},{"floor":3,"key":"Ancient Potion"},{"floor":11,"key":"Fire Potion"}],"is_trial":false,"path_per_floor":["M","?","?","M","M","E","R","M","T","M","M","R","M","?","R","B"],"character_chosen":"IRONCLAD","items_purchased":[],"campfire_rested":2,"item_purchase_floors":[],"current_hp_per_floor":[74,74,74,75,75,29,66,72,72,50,18,18,12,12,49,0],"gold":223,"neow_bonus":"THREE_ENEMY_KILL","is_prod":false,"is_daily":false,"chose_seed":false,"campfire_upgraded":1,"win_rate":0,"timestamp":1564534937,"path_taken":["M","?","?","M","?","E","R","M","T","M","M","R","M","?","R","BOSS"],"build_version":"2019-07-17","purchased_purges":0,"victory":false,"max_hp_per_floor":[75,75,75,75,75,75,75,75,75,75,75,75,75,75,75,75],"card_choices":[{"not_picked":["Flex","Armaments"],"picked":"Cleave","floor":1},{"not_picked":["Havoc","Rampage"],"picked":"Pommel Strike","floor":4},{"not_picked":["Shrug It Off","Rampage"],"picked":"Corruption","floor":5},{"not_picked":["Dark Embrace","Heavy Blade"],"picked":"Power Through","floor":6},{"not_picked":["Clothesline","Hemokinesis"],"picked":"Shrug It Off","floor":8},{"not_picked":["Clash","Evolve"],"picked":"Clothesline","floor":10},{"not_picked":["Wild Strike","Iron Wave"],"picked":"Whirlwind","floor":11},{"not_picked":["Flex","Twin Strike"],"picked":"Disarm","floor":13}],"player_experience":544687,"relics_obtained":[{"floor":6,"key":"Regal Pillow"},{"floor":9,"key":"Gremlin Horn"}],"event_choices":[{"damage_healed":0,"gold_gain":0,"cards_transformed":["Strike_R"],"player_choice":"Change","damage_taken":0,"max_hp_gain":0,"max_hp_loss":0,"event_name":"Living Wall","floor":2,"gold_loss":0,"cards_obtained":["Shrug It Off"]},{"damage_healed":0,"gold_gain":0,"player_choice":"Got Potions","damage_taken":0,"max_hp_gain":0,"max_hp_loss":0,"event_name":"Lab","floor":3,"gold_loss":0},{"damage_healed":0,"gold_gain":0,"player_choice":"Upgraded","damage_taken":0,"max_hp_gain":0,"max_hp_loss":0,"event_name":"Upgrade Shrine","floor":14,"gold_loss":0,"cards_upgraded":["Disarm"]}],"is_beta":false,"boss_relics":[],"items_purged_floors":[],"is_endless":false,"potions_floor_spawned":[8,11,13],"killed_by":"Slime Boss","ascension_level":19}