{"gold_per_floor":[113,113,113,127,138,138,165,184,210,223,255,255,287,84,84,183,183,199,199,199,18,18,45,45,60,107,126,126,142,169,169,169,271,271,291,310,310,65,75,75,101,101,101,101,128,228,228,228,228,228],"floor_reached":51,"playtime":3914,"items_purged":["Strike_R","Strike_R"],"score":1053,"play_id":"0b3e846d-63cd-4b22-b64a-42a1d8898c11","local_time":"20190621135744","is_ascension_mode":true,"campfire_choices":[{"data":"Clothesline","floor":6,"key":"SMITH"},{"data":"Disarm","floor":12,"key":"SMITH"},{"floor":15,"key":"REST"},{"data":"RitualDagger","floor":24,"key":"SMITH"},{"data":"Evolve","floor":28,"key":"SMITH"},{"floor":32,"key":"REST"},{"data":"Immolate","floor":40,"key":"SMITH"},{"floor":42,"key":"REST"},{"data":"Spot Weakness","floor":49,"key":"SMITH"}],"neow_cost":"NONE","seed_source_timestamp":149731548754455,"circlet_count":0,"master_deck":["Strike_R+1","Strike_R+1","Defend_R+1","Defend_R+1","Defend_R+1","Defend_R+1","True Grit","Evolve+1","Burning Pact","Clothesline+1","Reaper","Disarm+1","Feel No Pain","Exhume","True Grit","Inflame","Shrug It Off","Immolate+1","Wild Strike","Power Through","Metallicize","Armaments","RitualDagger+1","Metallicize+1","Injury","Spot Weakness+1","Juggernaut","Intimidate+1","Headbutt+1","Shrug It Off","Entrench+1","Shame","Apotheosis","Metallicize"],"relics":["Burning Blood","Regal Pillow","Boot","PreservedInsect","Anchor","Smiling Mask","Cursed Key","Bottled Flame","Art of War","Bottled Lightning","Snecko Eye","Toy Ornithopter","Blue Candle","Mummified Hand","Strawberry","Mango"],"potions_floor_usage":[7,10,13,16,16,25,30,41,41,50,50],"damage_taken":[{"damage":8,"enemies":"Jaw Worm","floor":1,"turns":4},{"damage":0,"enemies":"2 Louse","floor":4,"turns":3},{"damage":7,"enemies":"Small Slimes","floor":5,"turns":4},{"damage":12,"enemies":"Gremlin Nob","floor":7,"turns":5},{"damage":19,"enemies":"3 Louse","floor":8,"turns":4},{"damage":35,"enemies":"Exordium Wildlife","floor":10,"turns":9},{"damage":23,"enemies":"3 Sentries","floor":11,"turns":8},{"damage":36,"enemies":"Gremlin Nob","floor":13,"turns":6},{"damage":51,"enemies":"Slime Boss","floor":16,"turns":13},{"damage":0,"enemies":"Chosen","floor":18,"turns":7},{"damage":59,"enemies":"Slavers","floor":23,"turns":8},{"damage":18,"enemies":"3 Byrds","floor":25,"turns":6},{"damage":11,"enemies":"Snecko","floor":27,"turns":6},{"damage":5,"enemies":"3 Cultists","floor":29,"turns":6},{"damage":10,"enemies":"Book of Stabbing","floor":30,"turns":5},{"damage":42,"enemies":"Champ","floor":33,"turns":25},{"damage":17,"enemies":"3 Darklings","floor":35,"turns":5},{"damage":3,"enemies":"Orb Walker","floor":36,"turns":4},{"damage":15,"enemies":"Spire Growth","floor":39,"turns":6},{"damage":60,"enemies":"Nemesis","floor":41,"turns":9},{"damage":12,"enemies":"Reptomancer","floor":45,"turns":7},{"damage":3,"enemies":"Mind Bloom Boss Battle","floor":46,"turns":7},{"damage":58,"enemies":"Time Eater","floor":50,"turns":15}],"seed_played":"-116903432010107449","potions_obtained":[{"floor":1,"key":"BloodPotion"},{"floor":5,"key":"Block Potion"},{"floor":10,"key":"SpeedPotion"},{"floor":13,"key":"Energy Potion"},{"floor":16,"key":"Energy Potion"},{"floor":23,"key":"PowerPotion"},{"floor":30,"key":"Swift Potion"},{"floor":36,"key":"Dexterity Potion"},{"floor":37,"key":"FairyPotion"},{"floor":37,"key":"SneckoOil"},{"floor":45,"key":"Swift Potion"},{"floor":46,"key":"Strength Potion"}],"is_trial":false,"path_per_floor":["M","?","?","M","M","R","E","M","T","M","E","R","E","$","R","B",null,"M","?","?","$","?","E","R","M","T","M","R","M","E","?","R","B",null,"M","M","?","$","M","R","E","R","T","?","E","?","?","?","R","B",null],"character_chosen":"IRONCLAD","items_purchased":["Inflame","PowerPotion","Shrug It Off","Metallicize","Armaments","Shrug It Off","Toy Ornithopter"],"campfire_rested":3,"item_purchase_floors":[14,14,14,21,21,38,38],"current_hp_per_floor":[70,54,54,60,59,59,53,55,55,44,42,42,12,12,51,31,68,80,80,80,80,74,36,36,39,39,46,46,48,44,44,80,44,71,80,80,80,80,71,71,26,65,65,65,81,101,96,96,96,49],"gold":228,"neow_bonus":"RANDOM_COMMON_RELIC","is_prod":false,"is_daily":false,"chose_seed":false,"campfire_upgraded":6,"win_rate":0,"timestamp":1561143464,"path_taken":["M","?","?","M","M","R","E","M","T","M","E","R","E","$","R","BOSS","M","?","?","$","?","E","R","?","T","M","R","M","E","?","R","BOSS","M","M","?","$","?","R","E","R","T","?","E","?","?","?","R","BOSS"],"build_version":"2019-01-23","purchased_purges":2,"victory":true,"max_hp_per_floor":[80,80,80,80,80,80,80,80,80,80,80,80,80,80,80,80,80,80,80,80,80,80,80,80,80,80,80,80,80,80,80,80,80,80,80,80,80,80,80,80,80,80,80,80,87,101,96,96,96,96],"card_choices":[{"not_picked":["Infernal Blade","Havoc"],"picked":"True Grit","floor":1},{"not_picked":["Anger","Body Slam"],"picked":"Burning Pact","floor":4},{"not_picked":["Warcry","Sword Boomerang"],"picked":"Clothesline","floor":5},{"not_picked":["Clothesline","Impervious"],"picked":"Reaper","floor":7},{"not_picked":["Heavy Blade","Headbutt"],"picked":"Disarm","floor":8},{"not_picked":["Twin Strike","Warcry"],"picked":"Feel No Pain","floor":10},{"not_picked":["Disarm","Shrug It Off"],"picked":"Exhume","floor":11},{"not_picked":["Evolve","Infernal Blade"],"picked":"True Grit","floor":13},{"not_picked":["Feed","Limit Break"],"picked":"Immolate","floor":16},{"not_picked":["True Grit+1","Shrug It Off+1"],"picked":"Wild Strike","floor":18},{"not_picked":["Heavy Blade","Perfected Strike+1","Rupture"],"picked":"SKIP","floor":23},{"not_picked":["Perfected Strike+1","Warcry"],"picked":"Metallicize+1","floor":25},{"not_picked":["Sword Boomerang","Heavy Blade","Twin Strike"],"picked":"SKIP","floor":27},{"not_picked":["Bloodletting","Rupture"],"picked":"Spot Weakness","floor":29},{"not_picked":["Armaments","Havoc+1","Immolate"],"picked":"SKIP","floor":30},{"not_picked":["Berserk","Barricade"],"picked":"Juggernaut","floor":33},{"not_picked":["Whirlwind+1","Anger"],"picked":"Intimidate+1","floor":35},{"not_picked":["Combust+1","Warcry+1"],"picked":"Headbutt+1","floor":36},{"not_picked":["True Grit","Pommel Strike+1"],"picked":"Entrench+1","floor":39},{"not_picked":["Warcry+1","Anger","Iron Wave+1"],"picked":"SKIP","floor":41},{"not_picked":["Purity","PanicButton"],"picked":"Apotheosis","floor":44},{"not_picked":["Cleave+1","Body Slam","Havoc"],"picked":"SKIP","floor":45},{"not_picked":["Cleave+1","Body Slam"],"picked":"Metallicize","floor":46}],"player_experience":354289,"relics_obtained":[{"floor":7,"key":"Boot"},{"floor":9,"key":"PreservedInsect"},{"floor":11,"key":"Anchor"},{"floor":13,"key":"Smiling Mask"},{"floor":23,"key":"Bottled Flame"},{"floor":26,"key":"Art of War"},{"floor":30,"key":"Bottled Lightning"},{"floor":41,"key":"Blue Candle"},{"floor":43,"key":"Mummified Hand"},{"floor":45,"key":"Strawberry"},{"floor":46,"key":"Mango"}],"event_choices":[{"damage_healed":0,"gold_gain":0,"player_choice":"Entered Light","damage_taken":16,"max_hp_gain":0,"max_hp_loss":0,"event_name":"Shining Light","floor":2,"gold_loss":0,"cards_upgraded":["Defend_R","Strike_R"]},{"damage_healed":0,"gold_gain":0,"cards_transformed":["Strike_R"],"player_choice":"Change","damage_taken":0,"max_hp_gain":0,"max_hp_loss":0,"event_name":"Living Wall","floor":3,"gold_loss":0,"cards_obtained":["Evolve"]},{"damage_healed":0,"gold_gain":0,"player_choice":"Read","damage_taken":0,"max_hp_gain":0,"max_hp_loss":0,"event_name":"The Library","floor":19,"gold_loss":0,"cards_obtained":["Power Through"]},{"damage_healed":0,"gold_gain":0,"player_choice":"Ignored","damage_taken":0,"max_hp_gain":0,"max_hp_loss":0,"event_name":"The Mausoleum","floor":20,"gold_loss":0},{"damage_healed":0,"gold_gain":0,"player_choice":"Joined the Cult","damage_taken":6,"max_hp_gain":0,"max_hp_loss":0,"event_name":"Nest","floor":22,"gold_loss":0,"cards_obtained":["RitualDagger"]},{"damage_healed":0,"gold_gain":0,"player_choice":"Simplicity","damage_taken":0,"max_hp_gain":0,"max_hp_loss":0,"event_name":"Back to Basics","floor":31,"gold_loss":0,"cards_upgraded":["Strike_R","Defend_R","Defend_R","Defend_R"]},{"damage_healed":0,"gold_gain":0,"player_choice":"Got Potions","damage_taken":0,"max_hp_gain":0,"max_hp_loss":0,"event_name":"Lab","floor":37,"gold_loss":0},{"damage_healed":0,"gold_gain":0,"player_choice":"Memory 1","damage_taken":0,"max_hp_gain":0,"max_hp_loss":0,"event_name":"SensoryStone","floor":44,"gold_loss":0},{"damage_healed":0,"gold_gain":0,"player_choice":"Fight","damage_taken":0,"max_hp_gain":0,"max_hp_loss":0,"event_name":"MindBloom","floor":46,"gold_loss":0},{"damage_healed":0,"gold_gain":0,"player_choice":"Max HP","damage_taken":0,"max_hp_gain":0,"max_hp_loss":5,"event_name":"Winding Halls","floor":47,"gold_loss":0},{"cards_removed":["Bash"],"damage_healed":0,"gold_gain":0,"player_choice":"Removed Attack","damage_taken":0,"max_hp_gain":0,"max_hp_loss":0,"event_name":"Falling","floor":48,"gold_loss":0}],"is_beta":false,"boss_relics":[{"not_picked":["Eternal Feather","Lizard Tail"],"picked":"Cursed Key"},{"not_picked":["Runic Dome","White Beast Statue"],"picked":"Snecko Eye"}],"items_purged_floors":[14,21],"is_endless":false,"potions_floor_spawned":[1,5,10,13,16,23,30,36,45,46],"ascension_level":8}