{"gold_per_floor":[117,117,26,42,42,42,69,69,69,69,85,85,103,138,138,209,209,220,30,42,54,54,114,125,125,148,148,160,160,160,190,190,264,264,284,284,21,33,33,33,33],"floor_reached":41,"playtime":1906,"items_purged":["Strike_R","Normality"],"score":852,"play_id":"cb0f2ec0-82db-4fd3-af0a-6fb8bd435126","local_time":"20190730211838","is_ascension_mode":true,"campfire_choices":[{"data":"Bash","floor":6,"key":"SMITH"},{"floor":8,"key":"REST"},{"data":"Carnage","floor":12,"key":"SMITH"},{"data":"Heavy Blade","floor":15,"key":"SMITH"},{"floor":25,"key":"RECALL"},{"floor":29,"key":"REST"},{"floor":32,"key":"REST"},{"floor":40,"key":"REST"}],"neow_cost":"PERCENT_DAMAGE","seed_source_timestamp":696018051309090,"circlet_count":0,"master_deck":["AscendersBane","Strike_R","Strike_R","Strike_R","Defend_R","Defend_R","Defend_R","Defend_R","Bash+1","Pummel","Battle Trance","Ghostly Armor","Inflame+1","Carnage+1","Heavy Blade+1","Fiend Fire","Shrug It Off","Corruption","Shrug It Off","Thunderclap","Power Through","Dropkick","Shrug It Off","Demon Form","Doubt","Doubt","Sword Boomerang+1","Immolate","Armaments"],"special_seed":0,"relics":["Burning Blood","Pocketwatch","Strawberry","Bronze Scales","Matryoshka","Bag of Marbles","Fusion Hammer","Ornamental Fan","Smiling Mask","Tiny Chest","Ancient Tea Set","Red Skull","Happy Flower","Calling Bell","Vajra","Meat on the Bone","Magic Flower"],"potions_floor_usage":[4,16,16,31,33,41,41,41,41],"damage_taken":[{"damage":7,"enemies":"Jaw Worm","floor":1,"turns":3},{"damage":3,"enemies":"Small Slimes","floor":4,"turns":3},{"damage":62,"enemies":"Lagavulin","floor":7,"turns":7},{"damage":3,"enemies":"2 Louse","floor":11,"turns":2},{"damage":11,"enemies":"Lots of Slimes","floor":13,"turns":4},{"damage":20,"enemies":"3 Sentries","floor":14,"turns":5},{"damage":11,"enemies":"Hexaghost","floor":16,"turns":7},{"damage":13,"enemies":"2 Thieves","floor":18,"turns":3},{"damage":0,"enemies":"Chosen","floor":20,"turns":3},{"damage":14,"enemies":"Snake Plant","floor":21,"turns":3},{"damage":10,"enemies":"Slavers","floor":23,"turns":6},{"damage":0,"enemies":"Centurion and Healer","floor":24,"turns":4},{"damage":6,"enemies":"Sentry and Sphere","floor":28,"turns":5},{"damage":61,"enemies":"Gremlin Leader","floor":31,"turns":5},{"damage":46,"enemies":"Automaton","floor":33,"turns":8},{"damage":44,"enemies":"3 Darklings","floor":35,"turns":4},{"damage":7,"enemies":"3 Shapes","floor":38,"turns":6},{"damage":96,"enemies":"Giant Head","floor":41,"turns":7}],"seed_played":"3073251124556166289","potions_obtained":[{"floor":1,"key":"Swift Potion"},{"floor":7,"key":"SteroidPotion"},{"floor":13,"key":"PowerPotion"},{"floor":23,"key":"GamblersBrew"},{"floor":24,"key":"FearPotion"},{"floor":31,"key":"Poison Potion"},{"floor":35,"key":"EntropicBrew"}],"is_trial":false,"path_per_floor":["M","?","$","M","?","R","E","R","T","?","M","R","M","E","R","B",null,"M","$","M","M","T","E","M","R","T","?","M","R","?","E","R","B",null,"M","?","$","M","?","R","E"],"character_chosen":"IRONCLAD","items_purchased":["Battle Trance","Block Potion","Corruption","Shrug It Off","Immolate","AttackPotion"],"campfire_rested":4,"item_purchase_floors":[3,3,19,19,37,37],"current_hp_per_floor":[49,45,45,48,75,75,19,43,43,43,46,46,41,27,27,22,67,60,60,66,58,58,54,60,60,60,60,60,82,82,27,51,11,64,47,47,47,49,49,72,0],"gold":33,"neow_bonus":"ONE_RARE_RELIC","is_prod":false,"is_daily":false,"chose_seed":false,"campfire_upgraded":3,"win_rate":0,"timestamp":1564539518,"path_taken":["M","?","$","M","?","R","E","R","T","?","M","R","M","E","R","BOSS","M","?","M","M","?","E","M","R","T","?","M","R","?","E","R","BOSS","M","?","$","M","?","R","E"],"build_version":"2019-07-17","purchased_purges":2,"victory":false,"max_hp_per_floor":[75,82,82,82,82,82,82,82,82,82,82,82,82,82,82,82,82,82,82,82,82,82,82,82,82,82,82,82,82,82,82,82,82,82,82,78,78,78,78,78,78],"card_choices":[{"not_picked":["Clash","Perfected Strike"],"picked":"Pummel","floor":1},{"not_picked":["Wild Strike","Flex"],"picked":"Ghostly Armor","floor":4},{"not_picked":["Headbutt","Cleave"],"picked":"Inflame","floor":7},{"not_picked":["Cleave","Anger"],"picked":"Carnage","floor":11},{"not_picked":["Rampage","Body Slam"],"picked":"Heavy Blade","floor":13},{"not_picked":["Bloodletting","Reckless Charge","Clash"],"picked":"SKIP","floor":14},{"not_picked":["Berserk","Brutality"],"picked":"Fiend Fire","floor":16},{"not_picked":["Twin Strike","Infernal Blade"],"picked":"Shrug It Off","floor":18},{"not_picked":["Clash","Searing Blow"],"picked":"Thunderclap","floor":20},{"not_picked":["Sever Soul","Clothesline"],"picked":"Power Through","floor":21},{"not_picked":["Searing Blow","Pommel Strike","Armaments"],"picked":"SKIP","floor":23},{"not_picked":["Heavy Blade","Havoc"],"picked":"Dropkick","floor":24},{"not_picked":["Brutality","Heavy Blade","Body Slam"],"picked":"SKIP","floor":28},{"not_picked":["Warcry","True Grit"],"picked":"Shrug It Off","floor":31},{"not_picked":["Reaper","Barricade"],"picked":"Demon Form","floor":33},{"not_picked":["Rupture","Wild Strike"],"picked":"Sword Boomerang+1","floor":35},{"not_picked":["Sword Boomerang+1","Searing Blow"],"picked":"Armaments","floor":38}],"player_experience":545291,"relics_obtained":[{"floor":7,"key":"Bronze Scales"},{"floor":9,"key":"Matryoshka"},{"floor":14,"key":"Bag of Marbles"},{"floor":22,"key":"Ornamental Fan"},{"floor":22,"key":"Smiling Mask"},{"floor":23,"key":"Tiny Chest"},{"floor":26,"key":"Ancient Tea Set"},{"floor":26,"key":"Red Skull"},{"floor":31,"key":"Happy Flower"},{"floor":34,"key":"Vajra"},{"floor":34,"key":"Meat on the Bone"},{"floor":34,"key":"Magic Flower"}],"event_choices":[{"damage_healed":0,"gold_gain":0,"player_choice":"Success","damage_taken":11,"relics_obtained":["Strawberry"],"max_hp_gain":0,"max_hp_loss":0,"event_name":"Scrap Ooze","floor":2,"gold_loss":0},{"damage_healed":27,"gold_gain":0,"player_choice":"Banana","damage_taken":0,"max_hp_gain":0,"max_hp_loss":0,"event_name":"Big Fish","floor":5,"gold_loss":0},{"damage_healed":0,"gold_gain":0,"player_choice":"Upgraded","damage_taken":0,"max_hp_gain":0,"max_hp_loss":0,"event_name":"Upgrade Shrine","floor":10,"gold_loss":0,"cards_upgraded":["Inflame"]},{"damage_healed":0,"gold_gain":0,"player_choice":"Ignored","damage_taken":0,"max_hp_gain":0,"max_hp_loss":0,"event_name":"Ghosts","floor":27,"gold_loss":0},{"damage_healed":0,"gold_gain":0,"player_choice":"Ignored","damage_taken":0,"max_hp_gain":0,"max_hp_loss":0,"event_name":"Vampires","floor":30,"gold_loss":0},{"damage_healed":0,"gold_gain":0,"player_choice":"Max HP","damage_taken":0,"max_hp_gain":0,"max_hp_loss":4,"event_name":"Winding Halls","floor":36,"gold_loss":0},{"cards_removed":["Strike_R"],"damage_healed":0,"gold_gain":0,"player_choice":"Removed Attack","damage_taken":0,"max_hp_gain":0,"max_hp_loss":0,"event_name":"Falling","floor":39,"gold_loss":0}],"is_beta":false,"boss_relics":[{"not_picked":["Tiny House","Black Blood"],"picked":"Fusion Hammer"},{"not_picked":["Runic Dome","Coffee Dripper"],"picked":"Calling Bell"}],"items_purged_floors":[19,37],"is_endless":false,"potions_floor_spawned":[1,7,13,23,24,31,35,38],"killed_by":"Giant Head","ascension_level":19}