{"gold_per_floor":[117,127,143,157,175,175,175,203,230,230,242,4,4,21,21,126,126,140,55,55,75,89,89,119,119,119,130,164,179,30,48,48,48],"floor_reached":33,"playtime":1566,"items_purged":[],"score":512,"play_id":"1e0ba4b6-587d-4581-a6ab-21d7d61000a8","local_time":"20190615130540","is_ascension_mode":true,"campfire_choices":[{"data":"Carnage","floor":6,"key":"SMITH"},{"data":"1","floor":10,"key":"LIFT"},{"data":"2","floor":13,"key":"LIFT"},{"data":"3","floor":15,"key":"LIFT"},{"data":"Shockwave","floor":23,"key":"SMITH"},{"data":"Limit Break","floor":25,"key":"SMITH"},{"floor":32,"key":"REST"}],"neow_cost":"NONE","seed_source_timestamp":13144573494506,"circlet_count":0,"master_deck":["Strike_R","Strike_R","Strike_R+1","Strike_R","Defend_R","Defend_R","Defend_R","Defend_R","Bash+1","Clothesline+1","Power Through","Cleave","Carnage+1","Barricade","Second Wind","Pommel Strike","Offering","Sentinel","Shockwave+1","Limit Break+1","True Grit+1","Headbutt","Dual Wield+1","Evolve"],"relics":["Burning Blood","Gremlin Horn","Girya","Whetstone","ClockworkSouvenir","Velvet Choker","Blue Candle","Bronze Scales","Omamori","Bag of Marbles","Blood Vial"],"potions_floor_usage":[14,16,24,29,33],"damage_taken":[{"damage":6,"enemies":"Cultist","floor":1,"turns":4},{"damage":9,"enemies":"Jaw Worm","floor":2,"turns":3},{"damage":5,"enemies":"2 Louse","floor":3,"turns":3},{"damage":7,"enemies":"2 Fungi Beasts","floor":4,"turns":5},{"damage":14,"enemies":"Looter","floor":5,"turns":3},{"damage":13,"enemies":"Gremlin Nob","floor":8,"turns":4},{"damage":10,"enemies":"Red Slaver","floor":11,"turns":5},{"damage":6,"enemies":"Large Slime","floor":14,"turns":2},{"damage":0,"enemies":"Slime Boss","floor":16,"turns":5},{"damage":16,"enemies":"3 Byrds","floor":18,"turns":4},{"damage":18,"enemies":"2 Thieves","floor":21,"turns":3},{"damage":8,"enemies":"Snake Plant","floor":22,"turns":4},{"damage":29,"enemies":"Slavers","floor":24,"turns":4},{"damage":18,"enemies":"Centurion and Healer","floor":27,"turns":6},{"damage":6,"enemies":"Gremlin Leader","floor":28,"turns":6},{"damage":14,"enemies":"3 Cultists","floor":29,"turns":4},{"damage":5,"enemies":"Shelled Parasite and Fungi","floor":31,"turns":4},{"damage":46,"enemies":"Collector","floor":33,"turns":6}],"seed_played":"3849747120106365007","potions_obtained":[{"floor":2,"key":"Block Potion"},{"floor":8,"key":"Explosive Potion"},{"floor":14,"key":"GamblersBrew"},{"floor":21,"key":"Fire Potion"},{"floor":28,"key":"LiquidBronze"},{"floor":29,"key":"Explosive Potion"}],"is_trial":false,"path_per_floor":["M","M","M","M","M","R","T","E","T","R","M","$","R","M","R","B",null,"M","?","?","M","M","R","E","R","T","M","E","M","$","M","R","B"],"character_chosen":"IRONCLAD","items_purchased":["ClockworkSouvenir","Pommel Strike","Blood Vial"],"campfire_rested":1,"item_purchase_floors":[12,12,30],"current_hp_per_floor":[72,69,70,69,61,61,61,54,54,54,50,50,50,50,50,56,74,64,64,64,52,50,50,27,27,27,15,15,7,7,10,34,0],"gold":48,"neow_bonus":"UPGRADE_CARD","is_prod":false,"is_daily":false,"chose_seed":false,"campfire_upgraded":3,"win_rate":0,"timestamp":1560621940,"path_taken":["M","?","M","M","M","R","?","E","T","R","M","$","R","M","R","BOSS","M","?","?","M","M","R","E","R","T","M","E","M","$","M","R","BOSS"],"build_version":"2019-01-23","purchased_purges":0,"victory":false,"max_hp_per_floor":[80,80,80,80,80,80,80,80,80,80,80,80,80,80,80,80,80,80,80,80,80,80,80,80,80,80,80,80,80,80,80,80,80],"card_choices":[{"not_picked":["Twin Strike","Evolve"],"picked":"Clothesline","floor":1},{"not_picked":["Body Slam","Havoc","Evolve"],"picked":"SKIP","floor":2},{"not_picked":["Havoc","Infernal Blade"],"picked":"Power Through","floor":3},{"not_picked":["Warcry","Body Slam"],"picked":"Cleave","floor":4},{"not_picked":["Sever Soul","Flex"],"picked":"Carnage","floor":5},{"not_picked":["Anger","Thunderclap"],"picked":"Barricade","floor":8},{"not_picked":["Clash","Havoc"],"picked":"Second Wind","floor":11},{"not_picked":["Warcry","Perfected Strike","Pommel Strike"],"picked":"SKIP","floor":14},{"not_picked":["Barricade","Dark Embrace"],"picked":"Offering","floor":16},{"not_picked":["Body Slam","Havoc","Perfected Strike+1"],"picked":"SKIP","floor":18},{"not_picked":["Flex+1","Wild Strike"],"picked":"Sentinel","floor":21},{"not_picked":["Anger","Barricade"],"picked":"Shockwave","floor":22},{"not_picked":["Pummel+1","Inflame"],"picked":"Limit Break","floor":24},{"not_picked":["Bloodletting","Clash"],"picked":"True Grit+1","floor":27},{"not_picked":["Dual Wield","Cleave"],"picked":"Headbutt","floor":28},{"not_picked":["Pummel+1","Shrug It Off"],"picked":"Dual Wield+1","floor":29},{"not_picked":["Twin Strike+1","Pummel+1"],"picked":"Evolve","floor":31}],"player_experience":328453,"relics_obtained":[{"floor":7,"key":"Gremlin Horn"},{"floor":8,"key":"Girya"},{"floor":9,"key":"Whetstone"},{"floor":24,"key":"Bronze Scales"},{"floor":26,"key":"Omamori"},{"floor":28,"key":"Bag of Marbles"}],"event_choices":[{"damage_healed":0,"gold_gain":0,"player_choice":"Obtained Relic","damage_taken":0,"relics_obtained":["Blue Candle"],"max_hp_gain":0,"max_hp_loss":0,"event_name":"Addict","floor":19,"gold_loss":85},{"cards_removed":["Strike_R"],"damage_healed":0,"gold_gain":0,"player_choice":"Purged","damage_taken":0,"max_hp_gain":0,"max_hp_loss":0,"event_name":"Purifier","floor":20,"gold_loss":0}],"is_beta":false,"boss_relics":[{"not_picked":["Sozu","White Beast Statue"],"picked":"Velvet Choker"}],"items_purged_floors":[],"is_endless":false,"potions_floor_spawned":[2,8,14,21,28,29],"killed_by":"Collector","ascension_level":8}