{"gold_per_floor":[118,138,149,149,166,495,495,524,524,538,554,554,554],"floor_reached":13,"playtime":422,"items_purged":[],"score":170,"play_id":"2728368f-4685-4638-830a-40f024dcaaa1","local_time":"20190701232022","is_ascension_mode":true,"campfire_choices":[{"data":"Immolate","floor":7,"key":"SMITH"},{"floor":12,"key":"REST"}],"neow_cost":"TEN_PERCENT_HP_LOSS","seed_source_timestamp":293734834043768,"circlet_count":0,"master_deck":["AscendersBane","Strike_R","Strike_R","Strike_R","Strike_R","Strike_R","Defend_R","Defend_R","Defend_R","Defend_R","Bash","Immolate+1","Havoc","True Grit","Twin Strike","Dark Embrace","Rupture","Bloodletting"],"relics":["Burning Blood","Old Coin","Dodecahedron","Shuriken"],"potions_floor_usage":[11],"damage_taken":[{"damage":0,"enemies":"Small Slimes","floor":1,"turns":2},{"damage":4,"enemies":"Jaw Worm","floor":2,"turns":3},{"damage":0,"enemies":"Cultist","floor":3,"turns":2},{"damage":11,"enemies":"Lots of Slimes","floor":5,"turns":2},{"damage":25,"enemies":"3 Sentries","floor":6,"turns":5},{"damage":26,"enemies":"Gremlin Nob","floor":8,"turns":4},{"damage":16,"enemies":"Exordium Thugs","floor":10,"turns":3},{"damage":15,"enemies":"Looter","floor":11,"turns":3},{"damage":35,"enemies":"Lagavulin","floor":13,"turns":5}],"seed_played":"5549953305745562745","potions_obtained":[{"floor":2,"key":"LiquidBronze"},{"floor":5,"key":"Dexterity Potion"},{"floor":6,"key":"Explosive Potion"},{"floor":8,"key":"AttackPotion"},{"floor":11,"key":"LiquidBronze"}],"is_trial":false,"path_per_floor":["M","M","M","?","M","E","R","E","T","M","M","R","E"],"character_chosen":"IRONCLAD","items_purchased":[],"campfire_rested":1,"item_purchase_floors":[],"current_hp_per_floor":[68,68,68,73,68,49,49,29,29,19,10,31,0],"gold":554,"neow_bonus":"THREE_RARE_CARDS","is_prod":false,"is_daily":false,"chose_seed":false,"campfire_upgraded":1,"win_rate":0,"timestamp":1562041222,"path_taken":["M","M","M","?","M","E","R","E","T","M","M","R","E"],"build_version":"2019-07-01","purchased_purges":0,"victory":false,"max_hp_per_floor":[68,68,68,73,73,73,73,73,73,73,73,73,73],"card_choices":[{"not_picked":["Feed","Reaper"],"picked":"Immolate","floor":0},{"not_picked":["Clash","Wild Strike"],"picked":"Havoc","floor":1},{"not_picked":["Wild Strike","Clash","Perfected Strike"],"picked":"SKIP","floor":2},{"not_picked":["Intimidate","Rampage"],"picked":"True Grit","floor":3},{"not_picked":["Uppercut","Flex"],"picked":"Twin Strike","floor":5},{"not_picked":["Bloodletting","Sentinel"],"picked":"Dark Embrace","floor":6},{"not_picked":["Wild Strike","Clash"],"picked":"Rupture","floor":8},{"not_picked":["Cleave","Whirlwind"],"picked":"Bloodletting","floor":10},{"not_picked":["Iron Wave","Anger","Clash"],"picked":"SKIP","floor":11}],"player_experience":435366,"relics_obtained":[{"floor":6,"key":"Old Coin"},{"floor":8,"key":"Dodecahedron"},{"floor":9,"key":"Shuriken"}],"event_choices":[{"damage_healed":0,"gold_gain":0,"player_choice":"Donut","damage_taken":0,"max_hp_gain":5,"max_hp_loss":0,"event_name":"Big Fish","floor":4,"gold_loss":0}],"is_beta":false,"boss_relics":[],"items_purged_floors":[],"is_endless":false,"potions_floor_spawned":[2,5,6,8,11],"killed_by":"Lagavulin","ascension_level":15}