{"gold_per_floor":[115,130,130,130,130,162,162,197,273,301,313,326,326,352,352,450,450,467,479,479,479,327,327,358,377,377,389,389,389,407,440,440,535,535,551,114,214,228,242,242,271,271,295,312,344,373,385,429,441,453],"floor_reached":51,"playtime":4160,"items_purged":["Pain","Strike_R"],"score":1226,"play_id":"94b49e25-6bcb-4ecb-a5b1-ceb15589ed7f","local_time":"20190623181019","is_ascension_mode":true,"campfire_choices":[{"data":"Bludgeon","floor":7.0,"key":"SMITH"},{"data":"Second Wind","floor":15.0,"key":"SMITH"},{"data":"Demon Form","floor":23.0,"key":"SMITH"},{"data":"Barricade","floor":28.0,"key":"SMITH"},{"data":"Whirlwind","floor":32.0,"key":"SMITH"},{"data":"Mind Blast","floor":40.0,"key":"SMITH"},{"data":"Shockwave","floor":42,"key":"SMITH"},{"floor":49,"key":"REST"}],"neow_cost":"NONE","seed_source_timestamp":337297615608995,"circlet_count":0,"master_deck":["Strike_R+1","Strike_R","Strike_R","Defend_R","Defend_R+1","Defend_R","Defend_R","Bash","Exhume","True Grit","Bludgeon+1","Shrug It Off","Body Slam","Second Wind+1","Wild Strike","Evolve","Demon Form+1","Seeing Red+1","Pommel Strike+1","Flame Barrier","Rupture","Armaments","Barricade+1","Whirlwind+1","Sentinel+1","Heavy Blade","Power Through","Entrench","Headbutt","Spot Weakness","Shockwave+1","Mind Blast+1","Reaper","Metallicize+1","Intimidate+1","Combust+1","Sentinel+1","Double Tap"],"special_seed":0,"relics":["Burning Blood","PreservedInsect","Pocketwatch","Calipers","Art of War","WarpedTongs","Vajra","Sozu","Pantograph","Nunchaku","Enchiridion","Dream Catcher","Orrery","Question Card","Du-Vu Doll","Centennial Puzzle","Bag of Marbles","MawBank","Mummified Hand"],"potions_floor_usage":[46,46],"damage_taken":[{"damage":3.0,"enemies":"2 Louse","floor":1.0,"turns":4.0},{"damage":17.0,"enemies":"Small Slimes","floor":2.0,"turns":5.0},{"damage":29.0,"enemies":"3 Sentries","floor":6.0,"turns":8.0},{"damage":3.0,"enemies":"Lagavulin","floor":8.0,"turns":3.0},{"damage":20.0,"enemies":"3 Sentries","floor":10.0,"turns":5.0},{"damage":0.0,"enemies":"Cultist","floor":11.0,"turns":2.0},{"damage":7.0,"enemies":"Large Slime","floor":12.0,"turns":4.0},{"damage":1.0,"enemies":"Gremlin Nob","floor":14.0,"turns":2.0},{"damage":42.0,"enemies":"Hexaghost","floor":16.0,"turns":9.0},{"damage":19.0,"enemies":"Spheric Guardian","floor":18.0,"turns":4.0},{"damage":17.0,"enemies":"Shell Parasite","floor":19.0,"turns":5.0},{"damage":5.0,"enemies":"Book of Stabbing","floor":24.0,"turns":3.0},{"damage":3.0,"enemies":"Shelled Parasite and Fungi","floor":25.0,"turns":4.0},{"damage":28.0,"enemies":"Chosen and Byrds","floor":27.0,"turns":5.0},{"damage":2.0,"enemies":"Snecko","floor":30.0,"turns":3.0},{"damage":6.0,"enemies":"Gremlin Leader","floor":31.0,"turns":4.0},{"damage":17.0,"enemies":"Champ","floor":33.0,"turns":8.0},{"damage":19.0,"enemies":"Orb Walker","floor":35.0,"turns":5.0},{"damage":27.0,"enemies":"Mind Bloom Boss Battle","floor":37.0,"turns":6.0},{"damage":0.0,"enemies":"3 Darklings","floor":38.0,"turns":4.0},{"damage":10.0,"enemies":"Spire Growth","floor":39.0,"turns":5.0},{"damage":20,"enemies":"Nemesis","floor":41,"turns":7},{"damage":8,"enemies":"4 Shapes","floor":44,"turns":7},{"damage":40,"enemies":"Reptomancer","floor":45,"turns":5},{"damage":43,"enemies":"3 Darklings","floor":46,"turns":5},{"damage":33,"enemies":"Giant Head","floor":48,"turns":8},{"damage":68,"enemies":"Awakened One","floor":50,"turns":12}],"seed_played":"5922073069615161998","potions_obtained":[{"floor":2.0,"key":"Fruit Juice"},{"floor":6.0,"key":"BloodPotion"},{"floor":8.0,"key":"Strength Potion"},{"floor":14.0,"key":"SpeedPotion"},{"floor":16.0,"key":"Strength Potion"}],"is_trial":false,"path_per_floor":["M","M","?","?","?","E","R","E","T","E","M","M","?","E","R","B",null,"M","M","?","?","$","R","E","M","T","M","R","?","M","E","R","B",null,"M","$","?","M","M","R","E","R","T","M","E","M","?","E","R","B",null],"character_chosen":"IRONCLAD","items_purchased":["Flame Barrier","Question Card","Mind Blast"],"campfire_rested":1,"item_purchase_floors":[22,36,36],"current_hp_per_floor":[75,64,48,74,62,44,44,47,47,33,39,38,38,43,43,15,68,55,44,72,72,72,72,73,76,76,54,54,38,42,42,42,56,78,65,65,64,85,81,81,71,71,71,69,35,34,34,16,41,23],"gold":465,"neow_bonus":"ONE_RANDOM_RARE_CARD","is_prod":false,"is_daily":false,"chose_seed":false,"campfire_upgraded":7,"win_rate":0,"timestamp":1561331419,"path_taken":["M","M","?","?","?","E","R","E","T","E","M","M","?","E","R","BOSS","M","?","?","?","$","R","E","M","T","M","R","?","M","E","R","BOSS","M","$","?","M","M","R","E","R","T","M","E","M","?","E","R","BOSS"],"build_version":"2019-01-23","purchased_purges":2,"victory":true,"max_hp_per_floor":[80,80,80,80,80,85,85,85,85,85,85,85,85,85,85,85,85,85,85,85,85,85,85,85,85,85,85,85,85,85,85,85,85,85,85,85,85,85,85,85,85,85,85,85,85,85,85,85,85,85],"card_choices":[{"not_picked":["Wild Strike","Havoc"],"picked":"True Grit","floor":1.0},{"not_picked":["Warcry","Anger"],"picked":"Hemokinesis","floor":2.0},{"not_picked":["Fire Breathing","Armaments"],"picked":"Bludgeon","floor":6.0},{"not_picked":["Anger","Flex"],"picked":"Shrug It Off","floor":8.0},{"not_picked":["Anger","Havoc"],"picked":"Body Slam","floor":10.0},{"not_picked":["Wild Strike","Pommel Strike"],"picked":"Second Wind","floor":11.0},{"not_picked":["Berserk","Corruption"],"picked":"Wild Strike","floor":12.0},{"not_picked":["Burning Pact","Disarm"],"picked":"Evolve","floor":14.0},{"not_picked":["Berserk","Immolate"],"picked":"Demon Form","floor":16.0},{"not_picked":["Heavy Blade","Thunderclap"],"picked":"Seeing Red+1","floor":18.0},{"not_picked":["Flex","Heavy Blade+1"],"picked":"Pommel Strike+1","floor":19.0},{"not_picked":["Berserk","Searing Blow+1"],"picked":"Rupture","floor":24.0},{"not_picked":["Iron Wave","Havoc"],"picked":"Armaments","floor":25.0},{"not_picked":["Body Slam","Havoc+1"],"picked":"Barricade","floor":27.0},{"not_picked":["Havoc","Thunderclap+1"],"picked":"Whirlwind","floor":30.0},{"not_picked":["Power Through","Cleave"],"picked":"Sentinel+1","floor":31.0},{"not_picked":["True Grit","Infernal Blade"],"picked":"Heavy Blade","floor":34.0},{"not_picked":["Flex+1","Thunderclap"],"picked":"Power Through","floor":34.0},{"not_picked":["Headbutt","Rampage"],"picked":"Entrench","floor":34.0},{"not_picked":["Dual Wield","Hemokinesis"],"picked":"Headbutt","floor":34.0},{"not_picked":["Sever Soul","Wild Strike"],"picked":"Spot Weakness","floor":34.0},{"not_picked":["Dropkick+1","Uppercut+1"],"picked":"Shockwave","floor":35.0},{"not_picked":["Wild Strike","Body Slam","Seeing Red+1"],"picked":"Reaper","floor":37.0},{"not_picked":["Dual Wield+1","Whirlwind","Sever Soul"],"picked":"Metallicize+1","floor":38.0},{"not_picked":["Flex","Sever Soul","Clash"],"picked":"Intimidate+1","floor":39.0},{"not_picked":["Burning Pact+1","Flex","Ghostly Armor"],"picked":"Combust+1","floor":41},{"not_picked":["Pommel Strike+1","Shrug It Off+1","Burning Pact+1","Evolve"],"picked":"SKIP","floor":44},{"not_picked":["Immolate","Intimidate+1","Pommel Strike","Havoc"],"picked":"SKIP","floor":45},{"not_picked":["Evolve+1","Body Slam+1","Pommel Strike+1"],"picked":"Sentinel+1","floor":46},{"not_picked":["Perfected Strike","Intimidate+1","Hemokinesis"],"picked":"Double Tap","floor":48}],"player_experience":375463,"relics_obtained":[{"floor":6.0,"key":"Pocketwatch"},{"floor":8.0,"key":"Calipers"},{"floor":10.0,"key":"Art of War"},{"floor":14.0,"key":"Vajra"},{"floor":24.0,"key":"Pantograph"},{"floor":26.0,"key":"Nunchaku"},{"floor":29.0,"key":"Enchiridion"},{"floor":31.0,"key":"Dream Catcher"},{"floor":37.0,"key":"Du-Vu Doll"},{"floor":41,"key":"Centennial Puzzle"},{"floor":43,"key":"Bag of Marbles"},{"floor":45,"key":"MawBank"},{"floor":48,"key":"Mummified Hand"}],"event_choices":[{"damage_healed":0.0,"max_hp_gain":0.0,"max_hp_loss":0.0,"gold_gain":0.0,"event_name":"Shining Light","player_choice":"Entered Light","floor":3.0,"gold_loss":0.0,"damage_taken":16.0,"cards_upgraded":["Defend_R","Strike_R"]},{"damage_healed":26.0,"max_hp_gain":0.0,"max_hp_loss":0.0,"gold_gain":0.0,"event_name":"Big Fish","player_choice":"Banana","floor":4.0,"gold_loss":0.0,"damage_taken":0.0},{"damage_healed":0.0,"max_hp_gain":0.0,"max_hp_loss":0.0,"gold_gain":0.0,"event_name":"Scrap Ooze","player_choice":"Success","floor":5.0,"gold_loss":0.0,"damage_taken":12.0,"relics_obtained":["PreservedInsect"]},{"damage_healed":0.0,"max_hp_gain":0.0,"max_hp_loss":0.0,"gold_gain":0.0,"event_name":"Accursed Blacksmith","player_choice":"Rummage","floor":13.0,"gold_loss":0.0,"damage_taken":0.0,"relics_obtained":["WarpedTongs"],"cards_obtained":["Pain"]},{"damage_healed":28.0,"max_hp_gain":0.0,"max_hp_loss":0.0,"gold_gain":0.0,"event_name":"The Library","player_choice":"Heal","floor":20.0,"gold_loss":0.0,"damage_taken":0.0},{"cards_removed":["Strike_R"],"damage_healed":0.0,"max_hp_gain":0.0,"max_hp_loss":0.0,"gold_gain":0.0,"event_name":"Back to Basics","player_choice":"Elegance","floor":21.0,"gold_loss":0.0,"damage_taken":0.0},{"damage_healed":0.0,"max_hp_gain":0.0,"max_hp_loss":0.0,"gold_gain":0.0,"event_name":"Cursed Tome","player_choice":"Obtained Book","floor":29.0,"gold_loss":0.0,"damage_taken":16.0},{"damage_healed":0.0,"max_hp_gain":0.0,"max_hp_loss":0.0,"gold_gain":0.0,"event_name":"MindBloom","player_choice":"Fight","floor":37.0,"gold_loss":0.0,"damage_taken":0.0},{"cards_removed":["Hemokinesis"],"damage_healed":0,"gold_gain":0,"player_choice":"Removed Attack","damage_taken":0,"max_hp_gain":0,"max_hp_loss":0,"event_name":"Falling","floor":47,"gold_loss":0}],"is_beta":false,"boss_relics":[{"not_picked":["Philosopher\u0027s Stone","Calling Bell"],"picked":"Sozu"},{"not_picked":["Lizard Tail","Astrolabe"],"picked":"Orrery"}],"items_purged_floors":[22,36],"is_endless":false,"potions_floor_spawned":[2,6,8,14,16,27,30,31,35,38,39,41,48],"ascension_level":9}