{"gold_per_floor":[113,42,42,42,63,63,101,101,101,101,126,106,150,5,5,98,98,122,143,159,8,31,31,51,71,71,71,111,111,111,111],"floor_reached":31,"playtime":1124,"items_purged":["Strike_R"],"score":504,"play_id":"b24826bb-cec0-421a-a8db-98c9906e8fd0","local_time":"20190701235854","is_ascension_mode":true,"campfire_choices":[{"data":"Heavy Blade","floor":6,"key":"SMITH"},{"data":"Inflame","floor":8,"key":"SMITH"},{"data":"Havoc","floor":10,"key":"SMITH"},{"data":"Bludgeon","floor":15,"key":"SMITH"},{"data":"Limit Break","floor":27,"key":"SMITH"},{"data":"Fiend Fire","floor":29,"key":"SMITH"}],"neow_cost":"NONE","seed_source_timestamp":295343731507610,"circlet_count":0,"master_deck":["AscendersBane","Strike_R","Strike_R","Strike_R","Defend_R","Defend_R+1","Defend_R","Defend_R","Bash","Heavy Blade+1","Shrug It Off+1","Armaments","Power Through","Inflame+1","Havoc+1","Cleave","Bludgeon+1","Inflame","Limit Break+1","Corruption","Corruption+1","Shrug It Off","Impervious","Exhume","Fiend Fire+1"],"relics":["Burning Blood","NeowsBlessing","Golden Idol","War Paint","PreservedInsect","Mercury Hourglass","Eternal Feather","Ornamental Fan","Red Skull"],"potions_floor_usage":[16,19,19,22,24,28,30],"damage_taken":[{"damage":0,"enemies":"Jaw Worm","floor":1,"turns":1},{"damage":0,"enemies":"2 Louse","floor":5,"turns":1},{"damage":0,"enemies":"Lagavulin","floor":7,"turns":2},{"damage":0,"enemies":"Cultist","floor":11,"turns":3},{"damage":16,"enemies":"Gremlin Nob","floor":13,"turns":3},{"damage":3,"enemies":"Hexaghost","floor":16,"turns":9},{"damage":19,"enemies":"Shell Parasite","floor":18,"turns":4},{"damage":22,"enemies":"3 Byrds","floor":19,"turns":3},{"damage":2,"enemies":"Snake Plant","floor":20,"turns":4},{"damage":27,"enemies":"Chosen and Byrds","floor":22,"turns":7},{"damage":15,"enemies":"Cultist and Chosen","floor":24,"turns":7},{"damage":2,"enemies":"Snake Plant","floor":25,"turns":5},{"damage":30,"enemies":"Slavers","floor":28,"turns":7},{"damage":26,"enemies":"Colosseum Slavers","floor":30,"turns":5},{"damage":20,"enemies":"3 Cultists","floor":31,"turns":4}],"seed_played":"4527355208739070450","potions_obtained":[{"floor":5,"key":"LiquidBronze"},{"floor":12,"key":"Poison Potion"},{"floor":13,"key":"SkillPotion"},{"floor":16,"key":"Regen Potion"},{"floor":20,"key":"Energy Potion"},{"floor":22,"key":"Block Potion"},{"floor":25,"key":"Fire Potion"},{"floor":28,"key":"GamblersBrew"}],"is_trial":false,"path_per_floor":["M","$","?","?","M","R","E","R","T","R","M","?","E","$","R","B",null,"M","M","M","$","M","$","M","M","T","R","E","R","?","M"],"character_chosen":"IRONCLAD","items_purchased":["Shrug It Off","Armaments","Inflame","Impervious"],"campfire_rested":0,"item_purchase_floors":[2,2,14,21],"current_hp_per_floor":[74,74,74,48,54,54,60,60,60,60,66,66,56,56,56,59,71,58,51,55,55,34,34,25,29,29,41,17,32,12,0],"gold":111,"neow_bonus":"THREE_ENEMY_KILL","is_prod":false,"is_daily":false,"chose_seed":false,"campfire_upgraded":6,"win_rate":0,"timestamp":1562043534,"path_taken":["M","$","?","?","M","R","E","R","T","R","M","?","E","$","R","BOSS","M","M","M","?","M","$","M","M","T","R","E","R","?","M"],"build_version":"2019-07-01","purchased_purges":1,"victory":false,"max_hp_per_floor":[75,75,75,75,75,75,75,75,75,75,75,75,75,75,75,75,75,75,75,75,75,75,75,75,75,75,75,75,75,75,75],"card_choices":[{"not_picked":["Carnage","Thunderclap"],"picked":"Heavy Blade","floor":1},{"not_picked":["Flex","Anger"],"picked":"Inflame","floor":5},{"not_picked":["Sword Boomerang","Clothesline"],"picked":"Havoc","floor":7},{"not_picked":["Power Through","Havoc"],"picked":"Cleave","floor":11},{"not_picked":["Searing Blow","Flex"],"picked":"Bludgeon","floor":13},{"not_picked":["Barricade","Berserk"],"picked":"Limit Break","floor":16},{"not_picked":["Wild Strike","Flex+1"],"picked":"Corruption","floor":18},{"not_picked":["Sentinel","Bloodletting"],"picked":"Corruption+1","floor":19},{"not_picked":["Dropkick","Thunderclap"],"picked":"Shrug It Off","floor":20},{"not_picked":["Reckless Charge+1","Bloodletting","Twin Strike"],"picked":"SKIP","floor":22},{"not_picked":["Second Wind","Intimidate+1"],"picked":"Exhume","floor":24},{"not_picked":["Entrench","Armaments","Sentinel"],"picked":"SKIP","floor":25},{"not_picked":["Rage","Combust"],"picked":"Fiend Fire","floor":28}],"player_experience":435788,"relics_obtained":[{"floor":7,"key":"War Paint"},{"floor":9,"key":"PreservedInsect"},{"floor":13,"key":"Mercury Hourglass"},{"floor":26,"key":"Ornamental Fan"},{"floor":28,"key":"Red Skull"}],"event_choices":[{"damage_healed":0,"gold_gain":0,"cards_transformed":["Strike_R"],"player_choice":"Change","damage_taken":0,"max_hp_gain":0,"max_hp_loss":0,"event_name":"Living Wall","floor":3,"gold_loss":0,"cards_obtained":["Power Through"]},{"damage_healed":0,"gold_gain":0,"player_choice":"Take Damage","damage_taken":26,"relics_obtained":["Golden Idol"],"max_hp_gain":0,"max_hp_loss":0,"event_name":"Golden Idol","floor":4,"gold_loss":0},{"damage_healed":0,"gold_gain":0,"player_choice":"Bought 1 Potion","damage_taken":0,"max_hp_gain":0,"max_hp_loss":0,"event_name":"The Woman in Blue","floor":12,"gold_loss":0},{"damage_healed":0,"gold_gain":0,"player_choice":"Fight","damage_taken":0,"max_hp_gain":0,"max_hp_loss":0,"event_name":"Colosseum","floor":30,"gold_loss":0},{"damage_healed":0,"gold_gain":0,"player_choice":"Fled From Nobs","damage_taken":0,"max_hp_gain":0,"max_hp_loss":0,"event_name":"Colosseum","floor":30,"gold_loss":0}],"is_beta":false,"boss_relics":[{"not_picked":["Runic Dome","Empty Cage"],"picked":"Eternal Feather"}],"items_purged_floors":[14],"is_endless":false,"potions_floor_spawned":[5,13,16,20,22,25,28],"killed_by":"3 Cultists","ascension_level":15}