{"gold_per_floor":[113,113,113,129,129,157,157,171,171,171,201,201,214,233,233,311,311,325,338,135,135,151,151,169,169,169,21,36,47,47,0,0,0],"floor_reached":33,"playtime":750,"items_purged":[],"score":494,"play_id":"39b23ae7-d628-4650-987a-f5e9b731999b","local_time":"20190722223313","is_ascension_mode":true,"campfire_choices":[{"data":"Biased Cognition","floor":7.0,"key":"SMITH"},{"floor":12.0,"key":"REST"},{"floor":15.0,"key":"REST"},{"floor":23.0,"key":"REST"},{"floor":32,"key":"REST"}],"neow_cost":"NONE","seed_source_timestamp":7319332684000,"circlet_count":0,"master_deck":["AscendersBane","Strike_B","Strike_B","Strike_B","Strike_B","Defend_B","Defend_B","Defend_B","Defend_B","Zap+1","Dualcast","Cold Snap","Biased Cognition+1","Gash","Ball Lightning","Melter","Electrodynamics","BootSequence+1","Conserve Battery","Injury","Go for the Eyes","Conserve Battery"],"special_seed":0,"relics":["Cracked Core","NeowsBlessing","Matryoshka","Blue Candle","Pen Nib","Potion Belt","Cursed Key","Toy Ornithopter","MutagenicStrength","Pantograph","Bottled Lightning","Lantern"],"potions_floor_usage":[28,28,28,33,33],"damage_taken":[{"damage":0.0,"enemies":"2 Louse","floor":1.0,"turns":1.0},{"damage":0.0,"enemies":"Small Slimes","floor":4.0,"turns":1.0},{"damage":0.0,"enemies":"Gremlin Nob","floor":6.0,"turns":1.0},{"damage":0.0,"enemies":"Jaw Worm","floor":8.0,"turns":4.0},{"damage":13.0,"enemies":"3 Sentries","floor":11.0,"turns":5.0},{"damage":12.0,"enemies":"3 Louse","floor":13.0,"turns":3.0},{"damage":5.0,"enemies":"Exordium Wildlife","floor":14.0,"turns":4.0},{"damage":21.0,"enemies":"Slime Boss","floor":16.0,"turns":9.0},{"damage":17.0,"enemies":"2 Thieves","floor":18.0,"turns":2.0},{"damage":12.0,"enemies":"Shell Parasite","floor":19.0,"turns":4.0},{"damage":20.0,"enemies":"Snecko","floor":22.0,"turns":4.0},{"damage":0.0,"enemies":"Cultist and Chosen","floor":24.0,"turns":5.0},{"damage":11,"enemies":"Centurion and Healer","floor":28,"turns":5},{"damage":34,"enemies":"Snake Plant","floor":29,"turns":4},{"damage":91,"enemies":"Champ","floor":33,"turns":10}],"seed_played":"-2664878370787423931","potions_obtained":[{"floor":4.0,"key":"Explosive Potion"},{"floor":6.0,"key":"Weak Potion"},{"floor":13.0,"key":"SpeedPotion"},{"floor":16.0,"key":"FairyPotion"},{"floor":22.0,"key":"Weak Potion"},{"floor":24.0,"key":"SpeedPotion"},{"floor":28,"key":"AttackPotion"},{"floor":29,"key":"AttackPotion"}],"is_trial":false,"path_per_floor":["M","?","$","M","?","E","R","M","T","?","E","R","M","M","R","B",null,"M","M","$","?","M","R","M","?","T","$","M","M","?","?","R","B"],"character_chosen":"DEFECT","items_purchased":["Toy Ornithopter","Lantern"],"campfire_rested":4,"item_purchase_floors":[20,27],"current_hp_per_floor":[64,64,64,64,64,64,64,64,64,64,51,71,59,54,71,50,66,49,37,37,37,22,43,43,43,43,43,47,13,27,27,48,0],"gold":0,"neow_bonus":"THREE_ENEMY_KILL","is_prod":false,"is_daily":false,"chose_seed":false,"campfire_upgraded":1,"win_rate":0,"timestamp":1563827593,"path_taken":["M","?","$","M","?","E","R","M","T","?","E","R","M","M","R","BOSS","M","M","$","?","M","R","M","?","T","$","?","M","?","?","R","BOSS"],"build_version":"2019-07-17","purchased_purges":0,"victory":false,"max_hp_per_floor":[71,71,71,71,71,71,71,71,71,71,71,71,71,71,71,71,71,71,71,71,71,71,71,71,71,71,71,71,71,71,71,71,71],"card_choices":[{"not_picked":["Sweeping Beam","Ball Lightning"],"picked":"Cold Snap","floor":1.0},{"not_picked":["Beam Cell","Aggregate","Sweeping Beam"],"picked":"SKIP","floor":4.0},{"not_picked":["Redo","Hologram"],"picked":"Biased Cognition","floor":6.0},{"not_picked":["Rebound","Beam Cell"],"picked":"Gash","floor":8.0},{"not_picked":["Melter","Go for the Eyes"],"picked":"Ball Lightning","floor":11.0},{"not_picked":["Redo","Beam Cell","Streamline"],"picked":"SKIP","floor":13.0},{"not_picked":["Gash","Hologram"],"picked":"Melter","floor":14.0},{"not_picked":["Meteor Strike","Multi-Cast"],"picked":"Electrodynamics","floor":16.0},{"not_picked":["Steam Power","Loop","Beam Cell"],"picked":"SKIP","floor":18.0},{"not_picked":["Steam Power+1","Steam"],"picked":"BootSequence+1","floor":19.0},{"not_picked":["Darkness","Scrape","Compile Driver"],"picked":"SKIP","floor":22.0},{"not_picked":["Reprogram","Sweeping Beam"],"picked":"Conserve Battery","floor":24.0},{"not_picked":["Recycle","Skim"],"picked":"Go for the Eyes","floor":28},{"not_picked":["Tempest","Compile Driver"],"picked":"Conserve Battery","floor":29}],"player_experience":367824,"relics_obtained":[{"floor":6.0,"key":"Matryoshka"},{"floor":9.0,"key":"Blue Candle"},{"floor":9.0,"key":"Pen Nib"},{"floor":11.0,"key":"Potion Belt"},{"floor":26.0,"key":"Pantograph"},{"floor":26.0,"key":"Bottled Lightning"}],"event_choices":[{"damage_healed":0.0,"max_hp_gain":0.0,"max_hp_loss":0.0,"gold_gain":0.0,"event_name":"The Cleric","player_choice":"Leave","floor":2.0,"gold_loss":0.0,"damage_taken":0.0},{"damage_healed":0.0,"max_hp_gain":0.0,"max_hp_loss":0.0,"gold_gain":0.0,"event_name":"Living Wall","player_choice":"Grow","floor":5.0,"gold_loss":0.0,"damage_taken":0.0,"cards_upgraded":["Zap"]},{"damage_healed":0.0,"max_hp_gain":0.0,"max_hp_loss":0.0,"gold_gain":0.0,"event_name":"Liars Game","player_choice":"Ignored","floor":10.0,"gold_loss":0.0,"damage_taken":0.0},{"damage_healed":0.0,"max_hp_gain":0.0,"max_hp_loss":0.0,"gold_gain":0.0,"event_name":"Drug Dealer","player_choice":"Inject Mutagens","floor":21.0,"gold_loss":0.0,"damage_taken":0.0,"relics_obtained":["MutagenicStrength"]},{"damage_healed":0.0,"max_hp_gain":0.0,"max_hp_loss":0.0,"gold_gain":0.0,"event_name":"Ghosts","player_choice":"Ignored","floor":25.0,"gold_loss":0.0,"damage_taken":0.0},{"damage_healed":14,"gold_gain":0,"player_choice":"Heal","damage_taken":0,"max_hp_gain":0,"max_hp_loss":0,"event_name":"The Library","floor":30,"gold_loss":0},{"damage_healed":0,"gold_gain":0,"player_choice":"Paid Fearfully","damage_taken":0,"max_hp_gain":0,"max_hp_loss":0,"event_name":"Masked Bandits","floor":31,"gold_loss":47}],"is_beta":false,"boss_relics":[{"not_picked":["Black Star","Coffee Dripper"],"picked":"Cursed Key"}],"items_purged_floors":[],"is_endless":false,"potions_floor_spawned":[4,6,13,16,22,24,28,29],"killed_by":"Champ","ascension_level":15}