{"gold_per_floor":[19,19,32,45,61,61,85,116,116,116,116,129,164,187,187,310,310,329,329,0,21,21,21,55,74,74,74,117,130,146,161,161,290,290,308,308,308,321,446,486,509,522,522,542,1,1,1,14,14,14],"floor_reached":50,"playtime":7368,"items_purged":["Injury"],"score":576,"play_id":"2bb4db3a-8cdf-482a-96f8-ea698745ad81","local_time":"20190728191609","is_ascension_mode":false,"campfire_choices":[{"data":"Backflip","floor":6.0,"key":"SMITH"},{"floor":10.0,"key":"REST"},{"floor":15.0,"key":"REST"},{"floor":23.0,"key":"REST"},{"floor":27.0,"key":"REST"},{"data":"Adrenaline","floor":32.0,"key":"SMITH"},{"floor":49,"key":"REST"}],"neow_cost":"NO_GOLD","seed_source_timestamp":0,"circlet_count":0,"master_deck":["Strike_G","Strike_G","Strike_G","Defend_G","Defend_G","Defend_G","Defend_G","Defend_G","Survivor","Neutralize","Terror","Backflip+1","Deadly Poison","Infinite Blades","PiercingWail","Deadly Poison","Skewer","Malaise","Dash","Tactician","Sucker Punch","Corpse Explosion+1","Blade Dance","Sucker Punch+1","Distraction+1","Quick Slash+1","Adrenaline+1","Dagger Throw+1","Bane","Bane","Venomology","Backflip+1","Leg Sweep+1","Bullet Time","Dodge and Roll+1","Caltrops","Poisoned Stab+1","Thinking Ahead","Burst","Night Terror"],"special_seed":0,"relics":["Ring of the Serpent","Torii","Golden Idol","Bag of Marbles","Happy Flower","PreservedInsect","Snake Skull","Orrery","Nilry\u0027s Codex","Mercury Hourglass","Meat on the Bone","Ornamental Fan","Pantograph","Unceasing Top","Potion Belt","Mummified Hand","Chemical X"],"potions_floor_usage":[42,44,48,48,50,50,50],"damage_taken":[{"damage":1.0,"enemies":"Cultist","floor":1.0,"turns":5.0},{"damage":1.0,"enemies":"Small Slimes","floor":3.0,"turns":4.0},{"damage":1.0,"enemies":"Jaw Worm","floor":4.0,"turns":4.0},{"damage":3.0,"enemies":"3 Louse","floor":5.0,"turns":4.0},{"damage":0.0,"enemies":"Looter","floor":7.0,"turns":4.0},{"damage":15.0,"enemies":"Lagavulin","floor":8.0,"turns":6.0},{"damage":7.0,"enemies":"Lots of Slimes","floor":12.0,"turns":6.0},{"damage":43.0,"enemies":"Gremlin Nob","floor":13.0,"turns":5.0},{"damage":23.0,"enemies":"The Guardian","floor":16.0,"turns":10.0},{"damage":3.0,"enemies":"Chosen","floor":18.0,"turns":4.0},{"damage":3.0,"enemies":"Spheric Guardian","floor":21.0,"turns":5.0},{"damage":12.0,"enemies":"Slavers","floor":24.0,"turns":5.0},{"damage":5.0,"enemies":"Snake Plant","floor":25.0,"turns":4.0},{"damage":0.0,"enemies":"Gremlin Leader","floor":28.0,"turns":4.0},{"damage":2.0,"enemies":"Centurion and Healer","floor":29.0,"turns":4.0},{"damage":2.0,"enemies":"Cultist and Chosen","floor":30.0,"turns":5.0},{"damage":6.0,"enemies":"Sentry and Sphere","floor":31.0,"turns":3.0},{"damage":48.0,"enemies":"Champ","floor":33.0,"turns":13.0},{"damage":9.0,"enemies":"Orb Walker","floor":35.0,"turns":3.0},{"damage":6.0,"enemies":"3 Shapes","floor":38.0,"turns":3.0},{"damage":0.0,"enemies":"Mind Bloom Boss Battle","floor":39.0,"turns":7.0},{"damage":13.0,"enemies":"Reptomancer","floor":40.0,"turns":6.0},{"damage":1.0,"enemies":"Maw","floor":41.0,"turns":6.0},{"damage":27,"enemies":"3 Darklings","floor":42,"turns":8},{"damage":32,"enemies":"Transient","floor":44,"turns":5},{"damage":11,"enemies":"Spire Growth","floor":48,"turns":4},{"damage":79,"enemies":"Awakened One","floor":50,"turns":9}],"seed_played":"-2782267336966040460","potions_obtained":[{"floor":3.0,"key":"Ancient Potion"},{"floor":4.0,"key":"Dexterity Potion"},{"floor":7.0,"key":"Weak Potion"},{"floor":13.0,"key":"Swift Potion"},{"floor":16.0,"key":"Ancient Potion"},{"floor":18.0,"key":"Fire Potion"},{"floor":29.0,"key":"Ancient Potion"},{"floor":31.0,"key":"GhostInAJar"},{"floor":39.0,"key":"EssenceOfSteel"},{"floor":40.0,"key":"Block Potion"},{"floor":44,"key":"SkillPotion"},{"floor":48,"key":"Energy Potion"}],"is_trial":false,"path_per_floor":["M","?","M","M","M","R","M","E","T","R","?","M","E","T","R","B",null,"M","?","$","M","?","R","E","M","T","R","E","M","M","M","R","B",null,"M","?","?","M","?","E","M","M","T","M","$","?","$","M","R","B"],"character_chosen":"THE_SILENT","items_purchased":["Mercury Hourglass","Chemical X","Thinking Ahead","Burst"],"campfire_rested":5,"item_purchase_floors":[20,45,45,45],"current_hp_per_floor":[69,69,68,67,64,64,64,49,49,70,63,56,13,13,34,11,70,67,51,51,48,48,69,57,52,52,70,70,68,66,60,60,34,70,61,61,61,55,70,57,56,41,41,21,21,21,21,31,52,0],"gold":14,"neow_bonus":"ONE_RARE_RELIC","is_prod":false,"is_daily":false,"chose_seed":false,"campfire_upgraded":2,"win_rate":0.0,"timestamp":1564355769,"path_taken":["M","?","M","M","M","R","M","E","T","R","?","M","E","?","R","BOSS","M","?","$","M","?","R","E","M","T","R","E","M","M","?","R","BOSS","M","?","?","M","?","E","M","M","T","M","$","?","$","M","R","BOSS"],"build_version":"2019-07-17","purchased_purges":1,"victory":false,"max_hp_per_floor":[70,70,70,70,70,70,70,70,70,70,70,70,70,70,70,70,70,70,70,70,70,70,70,70,70,70,70,70,70,70,70,70,70,70,70,70,70,70,70,70,70,70,70,70,70,70,70,70,70,70],"card_choices":[{"not_picked":["Prepared","Poisoned Stab"],"picked":"Terror","floor":1.0},{"not_picked":["Masterful Stab","Bane"],"picked":"Deflect","floor":3.0},{"not_picked":["Quick Slash","Bane"],"picked":"Backflip","floor":4.0},{"not_picked":["Dagger Spray","Blade Dance"],"picked":"Deadly Poison","floor":5.0},{"not_picked":["Quick Slash","Prepared"],"picked":"Infinite Blades","floor":7.0},{"not_picked":["Blade Dance","Expertise"],"picked":"PiercingWail","floor":8.0},{"not_picked":["Dagger Throw","Acrobatics"],"picked":"Deadly Poison","floor":12.0},{"not_picked":["Quick Slash","Distraction"],"picked":"Skewer","floor":13.0},{"not_picked":["A Thousand Cuts","Doppelganger"],"picked":"Malaise","floor":16.0},{"not_picked":["Deadly Poison","Flying Knee"],"picked":"Dash","floor":17.0},{"not_picked":["Quick Slash","Backflip"],"picked":"Tactician","floor":17.0},{"not_picked":["Outmaneuver","Choke"],"picked":"Sucker Punch","floor":17.0},{"not_picked":["Eviscerate","Underhanded Strike"],"picked":"Corpse Explosion","floor":17.0},{"not_picked":["Dagger Throw","Dodge and Roll"],"picked":"Blade Dance","floor":17.0},{"not_picked":["Reflex","Blade Dance+1"],"picked":"Sucker Punch+1","floor":18.0},{"not_picked":["Acrobatics","Backflip"],"picked":"Distraction+1","floor":21.0},{"not_picked":["Underhanded Strike","Dagger Spray"],"picked":"Quick Slash+1","floor":24.0},{"not_picked":["Blur","Masterful Stab+1"],"picked":"Adrenaline","floor":25.0},{"not_picked":["Outmaneuver","Crippling Poison","Acrobatics+1"],"picked":"SKIP","floor":28.0},{"not_picked":["Underhanded Strike+1","Riddle With Holes"],"picked":"Dagger Throw+1","floor":29.0},{"not_picked":["Skewer","Acrobatics+1"],"picked":"Bane","floor":30.0},{"not_picked":["Acrobatics","Tactician"],"picked":"Bane","floor":31.0},{"not_picked":["Die Die Die","Burst"],"picked":"Venomology","floor":33.0},{"not_picked":["Predator","PiercingWail+1"],"picked":"Backflip+1","floor":35.0},{"not_picked":["Calculated Gamble","Masterful Stab","Eviscerate"],"picked":"SKIP","floor":38.0},{"not_picked":["Eviscerate","Bane+1"],"picked":"Leg Sweep+1","floor":39.0},{"not_picked":["Quick Slash","Riddle With Holes"],"picked":"Bullet Time","floor":40.0},{"not_picked":["Flying Knee","Prepared+1"],"picked":"Dodge and Roll+1","floor":41},{"not_picked":["Crippling Poison","Infinite Blades+1"],"picked":"Caltrops","floor":42},{"not_picked":["Dagger Spray+1","Prepared+1"],"picked":"Poisoned Stab+1","floor":44},{"not_picked":["Acrobatics+1","Heel Hook+1"],"picked":"Night Terror","floor":48}],"player_experience":72206,"relics_obtained":[{"floor":8.0,"key":"Bag of Marbles"},{"floor":9.0,"key":"Happy Flower"},{"floor":13.0,"key":"PreservedInsect"},{"floor":14.0,"key":"Snake Skull"},{"floor":19.0,"key":"Nilry\u0027s Codex"},{"floor":24.0,"key":"Meat on the Bone"},{"floor":26.0,"key":"Ornamental Fan"},{"floor":28.0,"key":"Pantograph"},{"floor":39.0,"key":"Unceasing Top"},{"floor":40.0,"key":"Potion Belt"},{"floor":43,"key":"Mummified Hand"}],"event_choices":[{"damage_healed":0.0,"max_hp_gain":0.0,"max_hp_loss":0.0,"gold_gain":0.0,"event_name":"Golden Idol","player_choice":"Take Wound","floor":2.0,"gold_loss":0.0,"damage_taken":0.0,"relics_obtained":["Golden Idol"],"cards_obtained":["Injury"]},{"cards_removed":["Strike_G"],"damage_healed":0.0,"max_hp_gain":0.0,"max_hp_loss":0.0,"gold_gain":0.0,"event_name":"Golden Wing","player_choice":"Card Removal","floor":11.0,"gold_loss":0.0,"damage_taken":7.0},{"damage_healed":0.0,"max_hp_gain":0.0,"max_hp_loss":0.0,"gold_gain":0.0,"event_name":"Cursed Tome","player_choice":"Obtained Book","floor":19.0,"gold_loss":0.0,"damage_taken":16.0},{"damage_healed":0.0,"max_hp_gain":0.0,"max_hp_loss":0.0,"gold_gain":0.0,"event_name":"Accursed Blacksmith","player_choice":"Forge","floor":22.0,"gold_loss":0.0,"damage_taken":0.0,"cards_upgraded":["Corpse Explosion"]},{"damage_healed":0.0,"max_hp_gain":0.0,"max_hp_loss":0.0,"gold_gain":0.0,"event_name":"Tomb of Lord Red Mask","player_choice":"Ignored","floor":36.0,"gold_loss":0.0,"damage_taken":0.0},{"cards_removed":["Deflect"],"damage_healed":0.0,"max_hp_gain":0.0,"max_hp_loss":0.0,"gold_gain":0.0,"event_name":"Falling","player_choice":"Removed Skill","floor":37.0,"gold_loss":0.0,"damage_taken":0.0},{"damage_healed":0.0,"max_hp_gain":0.0,"max_hp_loss":0.0,"gold_gain":0.0,"event_name":"MindBloom","player_choice":"Fight","floor":39.0,"gold_loss":0.0,"damage_taken":0.0},{"cards_removed":["Strike_G"],"damage_healed":0,"gold_gain":0,"player_choice":"Purged","damage_taken":0,"max_hp_gain":0,"max_hp_loss":0,"event_name":"Purifier","floor":46,"gold_loss":0}],"is_beta":false,"boss_relics":[{"not_picked":["Calling Bell","Busted Crown"],"picked":"Orrery"},{"not_picked":["Tiny House","White Beast Statue"],"picked":"Ring of the Serpent"}],"items_purged_floors":[20],"is_endless":false,"potions_floor_spawned":[3,4,7,13,16,18,29,31,39,40,44,48],"killed_by":"Awakened One","ascension_level":0}