{"gold_per_floor":[111,111,111,111,111,136,136,166,193,205,229,241,218,243,255,344,356,387,399,147,162,178,178,508,508,508,522,547,547,51,70,70,149,149,162,104,104,204,37,37,37],"floor_reached":41,"playtime":1910,"items_purged":["Defend_B","Defend_B"],"score":995,"play_id":"0dbdbdc3-877e-4f50-a9b6-d19ee239025c","local_time":"20190802160318","is_ascension_mode":true,"campfire_choices":[{"data":"Zap","floor":7.0,"key":"SMITH"},{"data":"Dualcast","floor":10.0,"key":"SMITH"},{"data":"Defragment","floor":15.0,"key":"SMITH"},{"floor":23.0,"key":"REST"},{"floor":25.0,"key":"REST"},{"floor":29.0,"key":"REST"},{"floor":32.0,"key":"REST"},{"data":"Consume","floor":40.0,"key":"SMITH"}],"neow_cost":"NONE","seed_source_timestamp":0,"circlet_count":0,"master_deck":["AscendersBane","Strike_B","Strike_B","Strike_B","Defend_B","Defend_B","Zap+1","Dualcast+1","Defragment+1","Scrape","BootSequence","Conserve Battery","Electrodynamics","Biased Cognition","Leap","Self Repair","Reinforced Body","Cold Snap","Machine Learning","Streamline+1","Chill","Conserve Battery","Auto Shields","Gash","Consume+1","All For One","Go for the Eyes","Ball Lightning"],"special_seed":0,"relics":["Cracked Core","NeowsBlessing","Dream Catcher","Du-Vu Doll","MawBank","Nuclear Battery","Old Coin","Gremlin Horn","Happy Flower","Pantograph","Coffee Dripper","Ice Cream","Juzu Bracelet"],"potions_floor_usage":[],"damage_taken":[{"damage":0.0,"enemies":"2 Louse","floor":1.0,"turns":1.0},{"damage":0.0,"enemies":"3 Sentries","floor":6.0,"turns":2.0},{"damage":0.0,"enemies":"Gremlin Nob","floor":8.0,"turns":1.0},{"damage":0.0,"enemies":"Cultist","floor":11.0,"turns":3.0},{"damage":0.0,"enemies":"Jaw Worm","floor":14.0,"turns":3.0},{"damage":39.0,"enemies":"Hexaghost","floor":16.0,"turns":9.0},{"damage":12.0,"enemies":"Shell Parasite","floor":18.0,"turns":3.0},{"damage":0.0,"enemies":"3 Byrds","floor":19.0,"turns":1.0},{"damage":51.0,"enemies":"Shelled Parasite and Fungi","floor":21.0,"turns":5.0},{"damage":8.0,"enemies":"Centurion and Healer","floor":22.0,"turns":5.0},{"damage":0.0,"enemies":"Gremlin Leader","floor":24.0,"turns":5.0},{"damage":7.0,"enemies":"Chosen and Byrds","floor":27.0,"turns":5.0},{"damage":62.0,"enemies":"Book of Stabbing","floor":28.0,"turns":7.0},{"damage":5.0,"enemies":"Sentry and Sphere","floor":31.0,"turns":6.0},{"damage":79.0,"enemies":"Automaton","floor":33.0,"turns":12.0},{"damage":1.0,"enemies":"3 Shapes","floor":35.0,"turns":2.0},{"damage":31.0,"enemies":"Mind Bloom Boss Battle","floor":38.0,"turns":9.0},{"damage":70,"enemies":"Giant Head","floor":41,"turns":6}],"seed_played":"-195328580510335049","potions_obtained":[{"floor":1.0,"key":"SmokeBomb"},{"floor":2.0,"key":"Fruit Juice"},{"floor":2.0,"key":"Strength Potion"},{"floor":6.0,"key":"Dexterity Potion"},{"floor":16.0,"key":"GamblersBrew"},{"floor":24.0,"key":"SteroidPotion"},{"floor":27.0,"key":"Regen Potion"}],"is_trial":false,"path_per_floor":["M","?","$","?","?","E","R","E","T","R","M","?","?","M","R","B",null,"M","M","$","M","M","R","E","R","T","M","E","R","$","M","R","B",null,"M","$","?","?","$","R","E"],"character_chosen":"DEFECT","items_purchased":["Explosive Potion","Energy Potion","Self Repair","Pantograph","FocusPotion","PowerPotion","Go for the Eyes","Juzu Bracelet"],"campfire_rested":4,"item_purchase_floors":[20,20,20,30,30,30,36,39],"current_hp_per_floor":[64,69,69,62,67,67,67,67,67,67,67,67,81,81,81,42,71,59,59,59,15,14,38,45,69,69,69,28,52,52,54,78,9,63,62,62,62,57,57,57,0],"gold":37,"neow_bonus":"THREE_ENEMY_KILL","is_prod":false,"is_daily":false,"chose_seed":false,"campfire_upgraded":4,"win_rate":0,"timestamp":1564754598,"path_taken":["M","?","?","?","?","E","R","E","T","R","M","?","?","M","R","BOSS","M","M","$","M","M","R","E","R","T","M","E","R","$","M","R","BOSS","M","$","?","?","$","R","E"],"build_version":"2019-07-17","purchased_purges":2,"victory":false,"max_hp_per_floor":[71,76,76,76,81,81,81,81,81,81,81,81,81,81,81,81,81,81,81,81,81,81,81,81,81,81,81,81,81,81,81,81,81,81,81,81,81,81,81,81,81],"card_choices":[{"not_picked":["Go for the Eyes","Ball Lightning"],"picked":"Defragment","floor":1.0},{"not_picked":["Rebound","Beam Cell"],"picked":"Scrape","floor":6.0},{"not_picked":["Doom and Gloom","Steam"],"picked":"BootSequence","floor":8.0},{"not_picked":["Turbo","Redo"],"picked":"Conserve Battery","floor":11.0},{"not_picked":["Force Field","Scrape"],"picked":"Electrodynamics","floor":14.0},{"not_picked":["Electrodynamics","Creative AI"],"picked":"Biased Cognition","floor":16.0},{"not_picked":["Fusion","Rip and Tear"],"picked":"Leap","floor":18.0},{"not_picked":["Ball Lightning","Beam Cell"],"picked":"Skim","floor":21.0},{"not_picked":["Sweeping Beam+1","Steam"],"picked":"Reinforced Body","floor":22.0},{"not_picked":["Steam","Hologram"],"picked":"Cold Snap","floor":23.0},{"not_picked":["Conserve Battery","Static Discharge"],"picked":"Machine Learning","floor":24.0},{"not_picked":["Barrage","Cold Snap"],"picked":"Streamline+1","floor":25.0},{"not_picked":["Beam Cell","Melter+1"],"picked":"Chill","floor":27.0},{"not_picked":["Sweeping Beam","Cold Snap"],"picked":"Conserve Battery","floor":28.0},{"not_picked":["Hologram","Leap"],"picked":"Auto Shields","floor":29.0},{"not_picked":["Coolheaded","Electrodynamics"],"picked":"Gash","floor":31.0},{"not_picked":["Cold Snap","Beam Cell"],"picked":"Consume","floor":32.0},{"not_picked":["Hyperbeam","Reboot"],"picked":"All For One","floor":33.0},{"not_picked":["Turbo+1","Coolheaded","Tempest"],"picked":"SKIP","floor":35.0},{"not_picked":["Stack","Hologram+1"],"picked":"Ball Lightning","floor":38.0}],"player_experience":393075,"relics_obtained":[{"floor":6.0,"key":"Dream Catcher"},{"floor":8.0,"key":"Du-Vu Doll"},{"floor":9.0,"key":"MawBank"},{"floor":24.0,"key":"Old Coin"},{"floor":26.0,"key":"Gremlin Horn"},{"floor":28.0,"key":"Happy Flower"},{"floor":38.0,"key":"Ice Cream"}],"event_choices":[{"damage_healed":0.0,"max_hp_gain":0.0,"max_hp_loss":0.0,"gold_gain":0.0,"event_name":"Lab","player_choice":"Got Potions","floor":2.0,"gold_loss":0.0,"damage_taken":0.0},{"cards_removed":["Strike_B"],"damage_healed":0.0,"max_hp_gain":0.0,"max_hp_loss":0.0,"gold_gain":0.0,"event_name":"Golden Wing","player_choice":"Card Removal","floor":4.0,"gold_loss":0.0,"damage_taken":7.0},{"damage_healed":0.0,"max_hp_gain":5.0,"max_hp_loss":0.0,"gold_gain":0.0,"event_name":"Big Fish","player_choice":"Donut","floor":5.0,"gold_loss":0.0,"damage_taken":0.0},{"damage_healed":0.0,"max_hp_gain":0.0,"max_hp_loss":0.0,"gold_gain":0.0,"event_name":"Dead Adventurer","player_choice":"Searched \u00270\u0027 times","floor":12.0,"gold_loss":0.0,"damage_taken":0.0},{"damage_healed":20.0,"max_hp_gain":0.0,"max_hp_loss":0.0,"gold_gain":0.0,"event_name":"The Cleric","player_choice":"Healed","floor":13.0,"gold_loss":35.0,"damage_taken":0.0},{"cards_removed":["Skim"],"damage_healed":0.0,"max_hp_gain":0.0,"max_hp_loss":0.0,"gold_gain":0.0,"event_name":"Falling","player_choice":"Removed Skill","floor":37.0,"gold_loss":0.0,"damage_taken":0.0},{"damage_healed":0.0,"max_hp_gain":0.0,"max_hp_loss":0.0,"gold_gain":0.0,"event_name":"MindBloom","player_choice":"Fight","floor":38.0,"gold_loss":0.0,"damage_taken":0.0}],"is_beta":false,"boss_relics":[{"not_picked":["Sozu","Velvet Choker"],"picked":"Nuclear Battery"},{"not_picked":["Pandora\u0027s Box","Snecko Eye"],"picked":"Coffee Dripper"}],"items_purged_floors":[20,30],"is_endless":false,"potions_floor_spawned":[1,6,16,19,21,24,27,31],"killed_by":"Giant Head","ascension_level":19}