{"gold_per_floor":[19,19,19,19,39,39,79,354,401,401,440,440,473,496,496,589,589,613,191,191,19,19,19,19,19,44,44,84,108,131,155,155,248,248,273,292,306,40,63,63,79,100,100,100,115,115,139,96,96,96],"floor_reached":51,"playtime":1743,"items_purged":["Regret"],"score":1182,"play_id":"4b718ae9-b4ee-4685-8aad-ae7bc250f5df","local_time":"20190726231155","is_ascension_mode":true,"campfire_choices":[{"data":"Zap","floor":6.0,"key":"SMITH"},{"floor":10.0,"key":"REST"},{"floor":12.0,"key":"REST"},{"floor":15,"key":"REST"},{"data":"Defragment","floor":23,"key":"SMITH"},{"data":"Biased Cognition","floor":25,"key":"SMITH"},{"data":"Dualcast","floor":27,"key":"SMITH"},{"data":"Scrape","floor":32,"key":"SMITH"},{"data":"Glacier","floor":40,"key":"SMITH"},{"floor":44,"key":"REST"},{"data":"Reinforced Body","floor":49,"key":"SMITH"}],"neow_cost":"NO_GOLD","seed_source_timestamp":354214304663800,"circlet_count":0,"master_deck":["AscendersBane","Strike_B","Strike_B","Defend_B","Defend_B","Zap+1","Dualcast+1","Glacier+1","Gash","Scrape+1","Biased Cognition+1","Defragment+1","Go for the Eyes","Core Surge","Go for the Eyes+1","Gash","Loop","Reinforced Body+1"],"special_seed":0,"relics":["Cracked Core","Golden Idol","Dodecahedron","DataDisk","Bottled Lightning","Lantern","Busted Crown","ClockworkSouvenir","Blood Vial","MutagenicStrength","Bronze Scales","Red Mask","Inserter","Singing Bowl","Ornamental Fan"],"potions_floor_usage":[13,16,33,39,50],"damage_taken":[{"damage":3.0,"enemies":"2 Louse","floor":1.0,"turns":2.0},{"damage":0.0,"enemies":"Small Slimes","floor":5.0,"turns":4.0},{"damage":36.0,"enemies":"Gremlin Nob","floor":7.0,"turns":5.0},{"damage":12.0,"enemies":"3 Sentries","floor":11.0,"turns":9.0},{"damage":8,"enemies":"Lagavulin","floor":13,"turns":8},{"damage":1,"enemies":"Cultist","floor":14,"turns":3},{"damage":45,"enemies":"The Guardian","floor":16,"turns":12},{"damage":5,"enemies":"Shell Parasite","floor":18,"turns":6},{"damage":1,"enemies":"Masked Bandits","floor":28,"turns":4},{"damage":0,"enemies":"2 Thieves","floor":29,"turns":4},{"damage":0,"enemies":"Chosen and Byrds","floor":30,"turns":4},{"damage":1,"enemies":"Centurion and Healer","floor":31,"turns":6},{"damage":23,"enemies":"Collector","floor":33,"turns":10},{"damage":2,"enemies":"3 Darklings","floor":35,"turns":6},{"damage":0,"enemies":"3 Shapes","floor":36,"turns":5},{"damage":0,"enemies":"Transient","floor":37,"turns":5},{"damage":0,"enemies":"4 Shapes","floor":39,"turns":6},{"damage":1,"enemies":"3 Darklings","floor":41,"turns":4},{"damage":34,"enemies":"Writhing Mass","floor":42,"turns":7},{"damage":0,"enemies":"Sphere and 2 Shapes","floor":45,"turns":4},{"damage":0,"enemies":"3 Darklings","floor":47,"turns":6},{"damage":16,"enemies":"Donu and Deca","floor":50,"turns":11}],"seed_played":"196173309943592397","potions_obtained":[{"floor":1.0,"key":"EssenceOfSteel"},{"floor":11.0,"key":"EssenceOfSteel"},{"floor":13,"key":"Poison Potion"},{"floor":20,"key":"Swift Potion"},{"floor":29,"key":"Energy Potion"},{"floor":33,"key":"Swift Potion"},{"floor":42,"key":"Swift Potion"},{"floor":47,"key":"SmokeBomb"}],"is_trial":false,"path_per_floor":["M","?","?","$","M","R","E","?","T","R","E","R","E","M","R","B",null,"M","$","?","$","?","R","?","R","T","R","?","M","M","M","R","B",null,"M","M","M","$","M","R","M","M","T","R","M","?","M","$","R","B",null],"character_chosen":"DEFECT","items_purchased":["Defragment","ClockworkSouvenir","Regen Potion","Blood Vial","Singing Bowl","Reinforced Body"],"campfire_rested":4,"item_purchase_floors":[19,19,19,21,38,48],"current_hp_per_floor":[61,61,54,54,54,54,18,18,18,37,25,44,36,35,54,9,50,45,45,45,45,58,58,58,58,58,58,59,61,63,63,63,41,58,58,60,62,62,66,66,67,36,36,57,61,61,63,63,63,62],"gold":96,"neow_bonus":"REMOVE_TWO","is_prod":false,"is_daily":false,"chose_seed":false,"campfire_upgraded":7,"win_rate":0,"timestamp":1564175515,"path_taken":["M","?","?","$","M","R","E","?","T","R","E","R","E","?","R","BOSS","M","$","?","?","?","R","?","R","T","R","?","M","M","M","R","BOSS","M","M","M","$","M","R","M","M","T","R","M","?","?","?","R","BOSS"],"build_version":"2019-07-17","purchased_purges":1,"victory":true,"max_hp_per_floor":[71,64,64,64,64,64,64,64,64,64,64,64,64,64,64,64,64,64,64,64,64,64,64,64,64,64,64,64,64,64,64,64,64,64,64,64,64,64,66,66,68,70,70,70,72,72,72,72,72,72],"card_choices":[{"not_picked":["Chill","Consume"],"picked":"Glacier","floor":1.0},{"not_picked":["Coolheaded","Ball Lightning","Steam"],"picked":"SKIP","floor":5.0},{"not_picked":["Steam","Turbo"],"picked":"Gash","floor":7.0},{"not_picked":["Doom and Gloom","Conserve Battery","Compile Driver"],"picked":"SKIP","floor":11.0},{"not_picked":["Force Field","Steam","Beam Cell"],"picked":"SKIP","floor":13},{"not_picked":["Coolheaded","Chill"],"picked":"Scrape","floor":14},{"not_picked":["Buffer","Electrodynamics"],"picked":"Biased Cognition","floor":16},{"not_picked":["Redo"],"picked":"SKIP","floor":18},{"not_picked":["Turbo"],"picked":"SKIP","floor":29},{"not_picked":[],"picked":"Go for the Eyes","floor":30},{"not_picked":["Fusion"],"picked":"SKIP","floor":31},{"not_picked":[],"picked":"Core Surge","floor":33},{"not_picked":[],"picked":"Go for the Eyes+1","floor":35},{"not_picked":["Hologram+1"],"picked":"SKIP","floor":36},{"not_picked":[],"picked":"Gash","floor":37},{"not_picked":["Ball Lightning+1"],"picked":"Singing Bowl","floor":39},{"not_picked":["Capacitor+1"],"picked":"Singing Bowl","floor":41},{"not_picked":["Conserve Battery+1"],"picked":"Singing Bowl","floor":42},{"not_picked":["Undo"],"picked":"Singing Bowl","floor":45},{"not_picked":[],"picked":"Loop","floor":47}],"player_experience":375621,"relics_obtained":[{"floor":7.0,"key":"Dodecahedron"},{"floor":9.0,"key":"DataDisk"},{"floor":11.0,"key":"Bottled Lightning"},{"floor":13,"key":"Lantern"},{"floor":26,"key":"Bronze Scales"},{"floor":28,"key":"Red Mask"},{"floor":43,"key":"Ornamental Fan"}],"event_choices":[{"damage_healed":0.0,"max_hp_gain":0.0,"max_hp_loss":7.0,"gold_gain":0.0,"event_name":"Golden Idol","player_choice":"Lose Max HP","floor":2.0,"gold_loss":0.0,"damage_taken":0.0,"relics_obtained":["Golden Idol"]},{"cards_removed":["Defend_B"],"damage_healed":0.0,"max_hp_gain":0.0,"max_hp_loss":0.0,"gold_gain":0.0,"event_name":"Golden Wing","player_choice":"Card Removal","floor":3.0,"gold_loss":0.0,"damage_taken":7.0},{"damage_healed":0.0,"max_hp_gain":0.0,"max_hp_loss":0.0,"gold_gain":275.0,"event_name":"Golden Shrine","player_choice":"Desecrate","floor":8.0,"gold_loss":0.0,"damage_taken":0.0,"cards_obtained":["Regret"]},{"damage_healed":0,"gold_gain":0,"player_choice":"Got Potions","damage_taken":0,"max_hp_gain":0,"max_hp_loss":0,"event_name":"Lab","floor":20,"gold_loss":0},{"damage_healed":13,"gold_gain":0,"player_choice":"Heal","damage_taken":0,"max_hp_gain":0,"max_hp_loss":0,"event_name":"The Library","floor":22,"gold_loss":0},{"damage_healed":0,"gold_gain":0,"player_choice":"Inject Mutagens","damage_taken":0,"relics_obtained":["MutagenicStrength"],"max_hp_gain":0,"max_hp_loss":0,"event_name":"Drug Dealer","floor":24,"gold_loss":0},{"damage_healed":0,"gold_gain":0,"player_choice":"Fought Bandits","damage_taken":0,"max_hp_gain":0,"max_hp_loss":0,"event_name":"Masked Bandits","floor":28,"gold_loss":0},{"cards_removed":["Strike_B"],"damage_healed":0,"gold_gain":0,"player_choice":"Offered Basic","damage_taken":0,"max_hp_gain":0,"max_hp_loss":0,"event_name":"Bonfire Elementals","floor":46,"gold_loss":0}],"is_beta":false,"boss_relics":[{"not_picked":["Lizard Tail","Astrolabe"],"picked":"Busted Crown"},{"not_picked":["Coffee Dripper","Runic Dome"],"picked":"Inserter"}],"items_purged_floors":[19],"is_endless":false,"potions_floor_spawned":[1,11,13,29,30,33,42,47],"ascension_level":16}