{"gold_per_floor":[117,117,117,117,117,117,142,159,159,159,178,6,21,102,102,176,176,187,187,97,47,67,67,67],"floor_reached":24,"playtime":472,"items_purged":[],"score":434,"play_id":"35e745e2-601d-427d-ba9b-2cf9bb19855c","local_time":"20190803201249","is_ascension_mode":true,"campfire_choices":[{"data":"Zap","floor":6.0,"key":"SMITH"},{"data":"Streamline","floor":10.0,"key":"SMITH"},{"data":"Consume","floor":15.0,"key":"SMITH"},{"floor":23,"key":"REST"}],"neow_cost":"NONE","seed_source_timestamp":1035895645260400,"circlet_count":0,"master_deck":["AscendersBane","Defend_B","Defend_B","Defend_B","Zap+1","Dualcast","Double Energy+1","Biased Cognition+1","Streamline+1","Consume+1","Seek","Storm+1","Fission+1","Steam Power+1","Auto Shields+1","Chill","Go for the Eyes+1"],"special_seed":0,"relics":["Cracked Core","NeowsBlessing","PreservedInsect","Blue Candle","Oddly Smooth Stone","Molten Egg 2","Astrolabe"],"potions_floor_usage":[16,18],"damage_taken":[{"damage":0.0,"enemies":"Cultist","floor":1.0,"turns":1.0},{"damage":0.0,"enemies":"Gremlin Nob","floor":7.0,"turns":1.0},{"damage":0.0,"enemies":"Jaw Worm","floor":8.0,"turns":1.0},{"damage":0.0,"enemies":"Small Slimes","floor":11.0,"turns":2.0},{"damage":6.0,"enemies":"Exordium Thugs","floor":13.0,"turns":4.0},{"damage":40,"enemies":"The Guardian","floor":16,"turns":9},{"damage":31,"enemies":"Chosen","floor":18,"turns":6},{"damage":6,"enemies":"3 Byrds","floor":22,"turns":4},{"damage":54,"enemies":"Cultist and Chosen","floor":24,"turns":7}],"seed_played":"3686663896154853066","potions_obtained":[{"floor":11.0,"key":"Fire Potion"},{"floor":16,"key":"Weak Potion"}],"is_trial":false,"path_per_floor":["M","?","$","?","?","R","E","M","T","R","M","$","M","T","R","B",null,"M","?","$","?","M","R","M"],"character_chosen":"DEFECT","items_purchased":["Oddly Smooth Stone","Chill"],"campfire_rested":1,"item_purchase_floors":[12,20],"current_hp_per_floor":[64,64,64,57,57,57,57,57,57,57,57,57,51,51,51,11,56,25,39,39,39,33,54,0],"gold":67,"neow_bonus":"THREE_ENEMY_KILL","is_prod":false,"is_daily":false,"chose_seed":false,"campfire_upgraded":3,"win_rate":0,"timestamp":1564855969,"path_taken":["M","?","$","?","?","R","E","M","T","R","?","$","M","?","R","BOSS","M","?","$","?","?","R","M"],"build_version":"2019-07-17","purchased_purges":0,"victory":false,"max_hp_per_floor":[71,71,71,71,71,71,71,71,71,71,71,71,71,71,71,71,71,71,71,71,71,71,71,71],"card_choices":[{"not_picked":["Sweeping Beam","Redo"],"picked":"Double Energy","floor":1.0},{"not_picked":["Conserve Battery","Barrage"],"picked":"Biased Cognition","floor":7.0},{"not_picked":["Heatsinks","Sweeping Beam"],"picked":"Streamline","floor":8.0},{"not_picked":["Beam Cell","Redo"],"picked":"Consume","floor":11.0},{"not_picked":["Sunder","Sweeping Beam","Hologram"],"picked":"SKIP","floor":13.0},{"not_picked":["Meteor Strike+1","Buffer"],"picked":"Seek","floor":16},{"not_picked":["Lockon+1","Rebound+1"],"picked":"Auto Shields","floor":18},{"not_picked":["Turbo","Compile Driver+1"],"picked":"Go for the Eyes+1","floor":22}],"player_experience":407132,"relics_obtained":[{"floor":7.0,"key":"PreservedInsect"},{"floor":9.0,"key":"Blue Candle"},{"floor":14.0,"key":"Molten Egg 2"}],"event_choices":[{"damage_healed":0.0,"max_hp_gain":0.0,"max_hp_loss":0.0,"gold_gain":0.0,"event_name":"Living Wall","player_choice":"Grow","floor":2.0,"gold_loss":0.0,"damage_taken":0.0,"cards_upgraded":["Double Energy"]},{"cards_removed":["Strike_B"],"damage_healed":0.0,"max_hp_gain":0.0,"max_hp_loss":0.0,"gold_gain":0.0,"event_name":"Golden Wing","player_choice":"Card Removal","floor":4.0,"gold_loss":0.0,"damage_taken":7.0},{"cards_removed":["Defend_B"],"damage_healed":0.0,"max_hp_gain":0.0,"max_hp_loss":0.0,"gold_gain":0.0,"event_name":"Purifier","player_choice":"Purged","floor":5.0,"gold_loss":0.0,"damage_taken":0.0},{"damage_healed":14,"gold_gain":0,"player_choice":"Heal","damage_taken":0,"max_hp_gain":0,"max_hp_loss":0,"event_name":"The Library","floor":19,"gold_loss":0},{"damage_healed":0,"gold_gain":0,"player_choice":"Upgraded Two","damage_taken":0,"max_hp_gain":0,"max_hp_loss":0,"event_name":"Designer","floor":21,"gold_loss":50,"cards_upgraded":["Biased Cognition","Auto Shields"]}],"is_beta":false,"boss_relics":[{"not_picked":["Calling Bell","Lizard Tail"],"picked":"Astrolabe"}],"items_purged_floors":[],"is_endless":false,"potions_floor_spawned":[11,16],"killed_by":"Cultist and Chosen","ascension_level":20}