{"gold_per_floor":[115,134,149,149,161,161,181,193,218,218,248,248,267,286,286,383,383,402,413,43,54,73,73,88,88,88,88,88,88,13,42,42,140,140,155,155,155],"floor_reached":37,"playtime":3454,"items_purged":["Defend_R"],"score":443,"play_id":"dd9dc93b-26e3-42e7-a040-d4ee4cd21eaa","local_time":"20190706154016","is_ascension_mode":false,"campfire_choices":[{"data":"Pommel Strike","floor":6,"key":"SMITH"},{"data":"Rage","floor":10,"key":"SMITH"},{"data":"Inflame","floor":12,"key":"SMITH"},{"data":"Twin Strike","floor":15,"key":"SMITH"},{"data":"Perfected Strike","floor":23,"key":"SMITH"},{"floor":25,"key":"REST"},{"data":"Pommel Strike","floor":29,"key":"SMITH"},{"floor":32,"key":"REST"}],"neow_cost":"NONE","seed_source_timestamp":1278595394722599,"circlet_count":0,"master_deck":["Strike_R","Strike_R","Strike_R","Strike_R","Strike_R","Perfected Strike+1","Pommel Strike+1","Rage+1","Inflame+1","Battle Trance","Twin Strike+1","Pommel Strike+1","Pommel Strike","Impervious","Body Slam+1","Perfected Strike+1","Pommel Strike+1","Burning Pact","Inflame","Power Through","Reaper","Dual Wield+1"],"relics":["Burning Blood","Pen Nib","Potion Belt","Astrolabe","Ornamental Fan","Mercury Hourglass","Ancient Tea Set","Mark of Pain"],"potions_floor_usage":[16,16,16,33,37,37,37],"damage_taken":[{"damage":5,"enemies":"Small Slimes","floor":1,"turns":3},{"damage":6,"enemies":"Cultist","floor":2,"turns":3},{"damage":2,"enemies":"2 Louse","floor":3,"turns":2},{"damage":2,"enemies":"Blue Slaver","floor":5,"turns":3},{"damage":8,"enemies":"Exordium Thugs","floor":7,"turns":5},{"damage":0,"enemies":"Large Slime","floor":8,"turns":4},{"damage":22,"enemies":"3 Sentries","floor":11,"turns":7},{"damage":13,"enemies":"Red Slaver","floor":13,"turns":2},{"damage":0,"enemies":"Blue Slaver","floor":14,"turns":2},{"damage":21,"enemies":"Hexaghost","floor":16,"turns":6},{"damage":0,"enemies":"Spheric Guardian","floor":18,"turns":3},{"damage":15,"enemies":"3 Byrds","floor":19,"turns":7},{"damage":11,"enemies":"Snake Plant","floor":21,"turns":3},{"damage":10,"enemies":"Cultist and Chosen","floor":22,"turns":4},{"damage":15,"enemies":"Chosen and Byrds","floor":24,"turns":4},{"damage":30,"enemies":"Slavers","floor":31,"turns":4},{"damage":46,"enemies":"Champ","floor":33,"turns":7},{"damage":0,"enemies":"3 Shapes","floor":35,"turns":3},{"damage":104,"enemies":"Awakened One","floor":37,"turns":6}],"seed_played":"-5803824121247337251","potions_obtained":[{"floor":1,"key":"Explosive Potion"},{"floor":3,"key":"Block Potion"},{"floor":5,"key":"LiquidBronze"},{"floor":13,"key":"Fire Potion"},{"floor":18,"key":"SkillPotion"},{"floor":22,"key":"Weak Potion"},{"floor":33,"key":"FearPotion"}],"is_trial":false,"path_per_floor":["M","M","M","?","M","R","M","M","T","R","E","R","M","M","R","B",null,"M","M","$","M","M","R","M","R","T","?","?","R","?","E","R","B",null,"M","?","B"],"character_chosen":"IRONCLAD","items_purchased":["Perfected Strike","Ornamental Fan"],"campfire_rested":2,"item_purchase_floors":[20,20],"current_hp_per_floor":[80,80,80,80,80,80,78,80,80,80,64,64,57,63,63,48,80,80,71,71,66,62,62,53,77,77,77,77,77,77,53,77,37,80,80,80,0],"gold":155,"neow_bonus":"UPGRADE_CARD","is_prod":false,"is_daily":false,"chose_seed":false,"campfire_upgraded":6,"win_rate":0.0,"timestamp":1562442016,"path_taken":["M","M","M","?","M","R","M","M","T","R","E","R","M","M","R","BOSS","M","M","$","M","M","R","M","R","T","?","?","R","?","E","R","BOSS","M","?","BOSS"],"build_version":"2019-07-05","purchased_purges":1,"victory":false,"max_hp_per_floor":[80,80,80,80,80,80,80,80,80,80,80,80,80,80,80,80,80,80,80,80,80,80,80,80,80,80,80,80,80,80,80,80,80,80,80,80,80],"card_choices":[{"not_picked":["Pommel Strike","Sever Soul"],"picked":"Perfected Strike","floor":1},{"not_picked":["Cleave","Twin Strike"],"picked":"Pommel Strike","floor":2},{"not_picked":["Shrug It Off","Body Slam"],"picked":"Rage","floor":3},{"not_picked":["Whirlwind","Fiend Fire"],"picked":"Inflame","floor":5},{"not_picked":["Headbutt","Flex"],"picked":"Battle Trance","floor":7},{"not_picked":["Intimidate","Armaments"],"picked":"Twin Strike","floor":8},{"not_picked":["Thunderclap","Flex"],"picked":"Pommel Strike","floor":11},{"not_picked":["Thunderclap","Shrug It Off"],"picked":"Pommel Strike","floor":13},{"not_picked":["Sword Boomerang","Thunderclap","Armaments"],"picked":"SKIP","floor":14},{"not_picked":["Juggernaut","Brutality"],"picked":"Impervious","floor":16},{"not_picked":["Clash","Combust","Cleave"],"picked":"SKIP","floor":18},{"not_picked":["Corruption+1","Whirlwind+1","Sword Boomerang"],"picked":"SKIP","floor":19},{"not_picked":["Corruption","Fire Breathing","Searing Blow"],"picked":"SKIP","floor":21},{"not_picked":["Intimidate","Headbutt+1"],"picked":"Pommel Strike+1","floor":22},{"not_picked":["Anger","Entrench","Clash"],"picked":"SKIP","floor":24},{"not_picked":["Searing Blow+1","Dual Wield"],"picked":"Power Through","floor":31},{"not_picked":["Offering","Juggernaut"],"picked":"Reaper","floor":33},{"not_picked":["Second Wind","Anger"],"picked":"Dual Wield+1","floor":35}],"player_experience":3866,"relics_obtained":[{"floor":9,"key":"Pen Nib"},{"floor":11,"key":"Potion Belt"},{"floor":26,"key":"Mercury Hourglass"},{"floor":31,"key":"Ancient Tea Set"}],"event_choices":[{"damage_healed":0,"gold_gain":0,"player_choice":"Upgraded","damage_taken":0,"max_hp_gain":0,"max_hp_loss":0,"event_name":"Upgrade Shrine","floor":4,"gold_loss":0,"cards_upgraded":["Perfected Strike"]},{"damage_healed":0,"gold_gain":0,"player_choice":"Ignored","damage_taken":0,"max_hp_gain":0,"max_hp_loss":0,"event_name":"Vampires","floor":27,"gold_loss":0},{"damage_healed":0,"gold_gain":0,"cards_transformed":["Dark Embrace","Barricade"],"player_choice":"Became Test Subject","damage_taken":0,"max_hp_gain":0,"max_hp_loss":0,"event_name":"Drug Dealer","floor":28,"gold_loss":0,"cards_obtained":["Burning Pact","Inflame"]},{"cards_removed":["Bash"],"damage_healed":0,"gold_gain":0,"player_choice":"Gave Gold","damage_taken":0,"max_hp_gain":0,"max_hp_loss":0,"event_name":"Beggar","floor":30,"gold_loss":75},{"damage_healed":0,"gold_gain":0,"player_choice":"Took Portal","damage_taken":0,"max_hp_gain":0,"max_hp_loss":0,"event_name":"SecretPortal","floor":36,"gold_loss":0}],"is_beta":false,"boss_relics":[{"not_picked":["Philosopher\u0027s Stone","Busted Crown"],"picked":"Astrolabe"},{"not_picked":["Sozu","White Beast Statue"],"picked":"Mark of Pain"}],"items_purged_floors":[20],"is_endless":false,"potions_floor_spawned":[1,3,5,13,18,22,33],"killed_by":"Awakened One","ascension_level":0}