{"gold_per_floor":[110,125,125,142,158,158,191,211,211,15,15,35,35,35,35,35],"floor_reached":16,"playtime":1406,"items_purged":[],"score":122,"play_id":"86713d31-8f67-4ae5-bbd2-5a0b81121a1f","local_time":"20190525215647","is_ascension_mode":true,"campfire_choices":[{"data":"Whirlwind","floor":6,"key":"SMITH"},{"data":"Flex","floor":11,"key":"SMITH"},{"data":"Double Tap","floor":13,"key":"SMITH"},{"data":"Pummel","floor":15,"key":"SMITH"}],"neow_cost":"NONE","seed_source_timestamp":102519113242701,"circlet_count":0,"master_deck":["Strike_R","Strike_R","Strike_R","Strike_R","Defend_R","Defend_R","Defend_R","Defend_R","Bash","Whirlwind+1","Pummel+1","Flex+1","Double Tap+1","True Grit","Pommel Strike","Shrug It Off","Sentinel"],"relics":["Burning Blood","Dream Catcher","Bottled Lightning","Vajra"],"potions_floor_usage":[16,16],"damage_taken":[{"damage":6,"enemies":"Cultist","floor":1,"turns":3},{"damage":21,"enemies":"Jaw Worm","floor":2,"turns":4},{"damage":10,"enemies":"2 Louse","floor":4,"turns":2},{"damage":0,"enemies":"Gremlin Gang","floor":5,"turns":2},{"damage":30,"enemies":"Lagavulin","floor":7,"turns":5},{"damage":18,"enemies":"Red Slaver","floor":8,"turns":3},{"damage":0,"enemies":"2 Fungi Beasts","floor":12,"turns":2},{"damage":41,"enemies":"The Guardian","floor":16,"turns":7}],"seed_played":"-6543825623818654593","potions_obtained":[{"floor":2,"key":"Poison Potion"},{"floor":4,"key":"FearPotion"}],"is_trial":false,"path_per_floor":["M","M","?","M","M","R","E","M","T","$","R","M","R","$","R","B"],"character_chosen":"IRONCLAD","items_purchased":["Vajra","Shrug It Off"],"campfire_rested":0,"item_purchase_floors":[10,10],"current_hp_per_floor":[88,73,66,62,68,68,44,32,32,32,32,38,38,38,38,0],"gold":35,"neow_bonus":"TEN_PERCENT_HP_BONUS","is_prod":false,"is_daily":false,"chose_seed":false,"campfire_upgraded":4,"win_rate":0,"timestamp":1558839407,"path_taken":["M","M","?","M","M","R","E","M","T","$","R","M","R","?","R","BOSS"],"build_version":"2019-01-23","purchased_purges":0,"victory":false,"max_hp_per_floor":[88,88,88,88,88,88,88,88,88,88,88,88,88,88,88,88],"card_choices":[{"not_picked":["Warcry","Uppercut"],"picked":"Whirlwind","floor":1},{"not_picked":["Iron Wave","Havoc"],"picked":"Pummel","floor":2},{"not_picked":["Clothesline","Whirlwind"],"picked":"Flex","floor":4},{"not_picked":["Dual Wield","Perfected Strike"],"picked":"Double Tap","floor":5},{"not_picked":["Reckless Charge","Evolve"],"picked":"True Grit","floor":7},{"not_picked":["Rage","Cleave"],"picked":"Pommel Strike","floor":8},{"not_picked":["Power Through","Cleave"],"picked":"Sentinel","floor":12}],"player_experience":195589,"relics_obtained":[{"floor":7,"key":"Dream Catcher"},{"floor":9,"key":"Bottled Lightning"}],"event_choices":[{"cards_removed":["Strike_R"],"damage_healed":0,"gold_gain":0,"player_choice":"Card Removal","damage_taken":7,"max_hp_gain":0,"max_hp_loss":0,"event_name":"Golden Wing","floor":3,"gold_loss":0}],"is_beta":false,"boss_relics":[],"items_purged_floors":[],"is_endless":false,"potions_floor_spawned":[2,4],"killed_by":"The Guardian","ascension_level":4}