{"gold_per_floor":[20,34,109,121,91,91,121,121,168,138,156,190,202,215,215,310,310,323,323,8,0],"floor_reached":21,"playtime":1256,"items_purged":["Strike_R"],"score":299,"play_id":"97cf136e-67ab-46df-9f22-abb218cf58e1","local_time":"20190622235030","is_ascension_mode":true,"campfire_choices":[{"data":"Disarm","floor":6,"key":"SMITH"},{"floor":8,"key":"REST"},{"floor":15,"key":"REST"}],"neow_cost":"NO_GOLD","seed_source_timestamp":274361928891557,"circlet_count":0,"master_deck":["Strike_R","Strike_R","Strike_R","Strike_R","Defend_R","Defend_R","Defend_R","Defend_R","Bash","Burning Pact","Iron Wave","True Grit","Disarm+1","Sword Boomerang","Headbutt","Dark Embrace","Combust","Uppercut","Immolate","Shockwave","Disarm","Rupture","Ghostly Armor","Searing Blow"],"relics":["Burning Blood","Bag of Marbles","Regal Pillow","Du-Vu Doll","Orrery","Darkstone Periapt"],"potions_floor_usage":[10,11,13,13,16,16,18],"damage_taken":[{"damage":8,"enemies":"2 Louse","floor":1,"turns":4},{"damage":7,"enemies":"Small Slimes","floor":2,"turns":5},{"damage":1,"enemies":"Cultist","floor":4,"turns":4},{"damage":11,"enemies":"Looter","floor":5,"turns":4},{"damage":55,"enemies":"3 Sentries","floor":7,"turns":14},{"damage":22,"enemies":"Exordium Thugs","floor":11,"turns":6},{"damage":30,"enemies":"Gremlin Nob","floor":12,"turns":5},{"damage":14,"enemies":"Red Slaver","floor":13,"turns":5},{"damage":15,"enemies":"Large Slime","floor":14,"turns":8},{"damage":42,"enemies":"The Guardian","floor":16,"turns":19},{"damage":26,"enemies":"Shell Parasite","floor":18,"turns":5},{"damage":41,"enemies":"Colosseum Slavers","floor":19,"turns":3},{"damage":27,"enemies":"2 Thieves","floor":21,"turns":3}],"seed_played":"869816585596027554","potions_obtained":[{"floor":2,"key":"SpeedPotion"},{"floor":10,"key":"Fruit Juice"},{"floor":10,"key":"Dexterity Potion"},{"floor":11,"key":"Energy Potion"},{"floor":12,"key":"Regen Potion"},{"floor":14,"key":"SpeedPotion"},{"floor":16,"key":"PowerPotion"}],"is_trial":false,"path_per_floor":["M","M","?","M","M","R","E","R","T","?","M","E","M","M","R","B",null,"M","?","$","M"],"character_chosen":"IRONCLAD","items_purchased":["Darkstone Periapt"],"campfire_rested":2,"item_purchase_floors":[20],"current_hp_per_floor":[86,85,74,79,74,74,25,53,53,58,42,18,24,15,60,24,82,62,27,27,0],"gold":0,"neow_bonus":"TWENTY_PERCENT_HP_BONUS","is_prod":false,"is_daily":false,"chose_seed":false,"campfire_upgraded":1,"win_rate":0,"timestamp":1561265430,"path_taken":["M","M","?","M","M","R","E","R","T","?","M","E","M","?","R","BOSS","M","?","$","M"],"build_version":"2019-01-23","purchased_purges":1,"victory":false,"max_hp_per_floor":[96,96,96,96,96,96,96,96,96,101,101,101,101,101,101,101,101,101,101,101,101],"card_choices":[{"not_picked":["Heavy Blade","Wild Strike"],"picked":"Burning Pact","floor":1},{"not_picked":["Warcry","Anger"],"picked":"Iron Wave","floor":2},{"not_picked":["Infernal Blade","Second Wind"],"picked":"True Grit","floor":4},{"not_picked":["Ghostly Armor","Cleave"],"picked":"Disarm","floor":5},{"not_picked":["Burning Pact","Sever Soul"],"picked":"Sword Boomerang","floor":7},{"not_picked":["Burning Pact","Rupture"],"picked":"Headbutt","floor":11},{"not_picked":["Sword Boomerang","Dropkick"],"picked":"Dark Embrace","floor":12},{"not_picked":["Dropkick","Rampage"],"picked":"Combust","floor":13},{"not_picked":["Hemokinesis","Intimidate"],"picked":"Uppercut","floor":14},{"not_picked":["Offering","Limit Break"],"picked":"Immolate","floor":16},{"not_picked":["Disarm","Heavy Blade"],"picked":"Shockwave","floor":17},{"not_picked":["Metallicize","Pommel Strike"],"picked":"Disarm","floor":17},{"not_picked":["Hemokinesis","Fire Breathing"],"picked":"Rupture","floor":17},{"not_picked":["Pommel Strike","Thunderclap"],"picked":"Ghostly Armor","floor":17},{"not_picked":["Clash","Wild Strike"],"picked":"Searing Blow","floor":18}],"player_experience":371417,"relics_obtained":[{"floor":7,"key":"Bag of Marbles"},{"floor":9,"key":"Regal Pillow"},{"floor":12,"key":"Du-Vu Doll"}],"event_choices":[{"damage_healed":0,"gold_gain":75,"player_choice":"Gather Gold","damage_taken":11,"max_hp_gain":0,"max_hp_loss":0,"event_name":"World of Goop","floor":3,"gold_loss":0},{"damage_healed":0,"gold_gain":0,"player_choice":"Bought 2 Potions","damage_taken":0,"max_hp_gain":0,"max_hp_loss":0,"event_name":"The Woman in Blue","floor":10,"gold_loss":0},{"damage_healed":0,"gold_gain":0,"player_choice":"Fight","damage_taken":0,"max_hp_gain":0,"max_hp_loss":0,"event_name":"Colosseum","floor":19,"gold_loss":0},{"damage_healed":0,"gold_gain":0,"player_choice":"Fled From Nobs","damage_taken":0,"max_hp_gain":0,"max_hp_loss":0,"event_name":"Colosseum","floor":19,"gold_loss":0}],"is_beta":false,"boss_relics":[{"not_picked":["Runic Dome","Lizard Tail"],"picked":"Orrery"}],"items_purged_floors":[20],"is_endless":false,"potions_floor_spawned":[2,11,12,14,16],"killed_by":"2 Thieves","ascension_level":9}