{"gold_per_floor":[115,129,229,240,315,315,343,343,343,376,391,391,84,84,84,84],"floor_reached":16,"playtime":642,"items_purged":["Strike_B"],"score":167,"play_id":"6ff44e58-ae6e-4f60-ba6d-7f45969e66ac","local_time":"20190728042345","is_ascension_mode":true,"campfire_choices":[{"data":"Doom and Gloom","floor":6,"key":"SMITH"},{"floor":8,"key":"REST"},{"data":"Redo","floor":12,"key":"SMITH"},{"data":"Dualcast","floor":15,"key":"SMITH"}],"neow_cost":"NONE","seed_source_timestamp":1495168861856200,"circlet_count":0,"master_deck":["AscendersBane","Strike_B","Strike_B","Strike_B","Defend_B","Defend_B+1","Defend_B","Defend_B","Zap+1","Dualcast+1","Doom and Gloom+1","Stack","Conserve Battery","Core Surge","Redo+1","Genetic Algorithm+1","Self Repair"],"relics":["Cracked Core","Letter Opener","Mercury Hourglass","Nunchaku","Art of War"],"potions_floor_usage":[11],"damage_taken":[{"damage":0,"enemies":"2 Louse","floor":1,"turns":2},{"damage":6,"enemies":"Cultist","floor":2,"turns":3},{"damage":13,"enemies":"Jaw Worm","floor":4,"turns":4},{"damage":23,"enemies":"Lagavulin","floor":7,"turns":8},{"damage":5,"enemies":"3 Sentries","floor":10,"turns":4},{"damage":0,"enemies":"Blue Slaver","floor":11,"turns":2},{"damage":22,"enemies":"The Guardian","floor":16,"turns":7}],"seed_played":"-1178887885273905146","potions_obtained":[{"floor":1,"key":"GamblersBrew"}],"is_trial":false,"path_per_floor":["M","M","?","M","?","R","E","R","T","E","M","R","$","?","R","B"],"character_chosen":"DEFECT","items_purchased":["Art of War","Self Repair"],"campfire_rested":1,"item_purchase_floors":[13,13],"current_hp_per_floor":[68,62,62,49,38,38,15,37,37,32,32,32,32,17,17,0],"gold":84,"neow_bonus":"UPGRADE_CARD","is_prod":false,"is_daily":false,"chose_seed":false,"campfire_upgraded":3,"win_rate":0,"timestamp":1564309425,"path_taken":["M","M","?","?","?","R","E","R","T","E","M","R","$","?","R","BOSS"],"build_version":"2019-07-18","purchased_purges":1,"victory":false,"max_hp_per_floor":[75,75,75,75,75,75,75,75,75,75,75,75,75,75,75,75],"card_choices":[{"not_picked":["Melter","Ball Lightning"],"picked":"Doom and Gloom","floor":1},{"not_picked":["Aggregate","Barrage"],"picked":"Stack","floor":2},{"not_picked":["Go for the Eyes","Hologram"],"picked":"Conserve Battery","floor":4},{"not_picked":["Reprogram","Consume"],"picked":"Core Surge","floor":7},{"not_picked":["Go for the Eyes","Doom and Gloom"],"picked":"Redo","floor":10},{"not_picked":["Gash","Hologram"],"picked":"Genetic Algorithm","floor":11}],"player_experience":411204,"relics_obtained":[{"floor":7,"key":"Letter Opener"},{"floor":9,"key":"Mercury Hourglass"},{"floor":10,"key":"Nunchaku"}],"event_choices":[{"damage_healed":0,"gold_gain":100,"player_choice":"Gold","damage_taken":0,"max_hp_gain":0,"max_hp_loss":0,"event_name":"Wheel of Change","floor":3,"gold_loss":0},{"damage_healed":0,"gold_gain":75,"player_choice":"Gather Gold","damage_taken":11,"max_hp_gain":0,"max_hp_loss":0,"event_name":"World of Goop","floor":5,"gold_loss":0},{"damage_healed":0,"gold_gain":0,"player_choice":"Entered Light","damage_taken":15,"max_hp_gain":0,"max_hp_loss":0,"event_name":"Shining Light","floor":14,"gold_loss":0,"cards_upgraded":["Defend_B","Genetic Algorithm"]}],"is_beta":true,"boss_relics":[],"items_purged_floors":[13],"is_endless":false,"potions_floor_spawned":[1],"killed_by":"The Guardian","ascension_level":11}