{"gold_per_floor":[11,11,23,39,56,83,83,110,134,168,180,330,330,330,330,330],"floor_reached":16,"playtime":520,"items_purged":[],"score":228,"play_id":"d2456055-6886-4918-920c-e4882ce1ab55","local_time":"20190710190642","is_ascension_mode":true,"campfire_choices":[{"data":"Immolate","floor":7,"key":"SMITH"},{"data":"True Grit","floor":13,"key":"SMITH"},{"floor":15,"key":"REST"}],"neow_cost":"NO_GOLD","seed_source_timestamp":3702161798952,"circlet_count":0,"master_deck":["AscendersBane","Strike_R","Strike_R","Strike_R","Strike_R","Defend_R","Defend_R","Defend_R","Defend_R","Bash","Immolate+1","Shrug It Off","Sword Boomerang","True Grit+1","Twin Strike","Disarm","Wild Strike"],"relics":["Burning Blood","Art of War","PreservedInsect","Bag of Preparation","Orichalcum"],"potions_floor_usage":[6,8,16,16],"damage_taken":[{"damage":0,"enemies":"2 Louse","floor":1,"turns":2},{"damage":0,"enemies":"Small Slimes","floor":3,"turns":2},{"damage":0,"enemies":"Cultist","floor":4,"turns":2},{"damage":0,"enemies":"Gremlin Gang","floor":5,"turns":1},{"damage":44,"enemies":"Lagavulin","floor":6,"turns":6},{"damage":10,"enemies":"3 Sentries","floor":8,"turns":5},{"damage":23,"enemies":"Gremlin Nob","floor":10,"turns":4},{"damage":2,"enemies":"Red Slaver","floor":11,"turns":3},{"damage":38,"enemies":"Slime Boss","floor":16,"turns":9}],"seed_played":"6181322772498093601","potions_obtained":[{"floor":5,"key":"Energy Potion"},{"floor":6,"key":"SteroidPotion"},{"floor":10,"key":"SpeedPotion"},{"floor":11,"key":"Explosive Potion"}],"is_trial":false,"path_per_floor":["M","?","M","M","M","E","R","E","T","E","M","?","R","?","R","B"],"character_chosen":"IRONCLAD","items_purchased":[],"campfire_rested":1,"item_purchase_floors":[],"current_hp_per_floor":[74,74,75,75,75,37,37,33,33,16,20,20,20,13,35,0],"gold":330,"neow_bonus":"THREE_RARE_CARDS","is_prod":false,"is_daily":false,"chose_seed":false,"campfire_upgraded":2,"win_rate":0,"timestamp":1562803602,"path_taken":["M","?","M","M","M","E","R","E","T","E","M","?","R","?","R","BOSS"],"build_version":"2019-07-05","purchased_purges":0,"victory":false,"max_hp_per_floor":[75,75,75,75,75,75,75,75,75,75,75,75,75,75,75,75],"card_choices":[{"not_picked":["Impervious","Reaper"],"picked":"Immolate","floor":0},{"not_picked":["True Grit","Clash"],"picked":"Shrug It Off","floor":1},{"not_picked":["Ghostly Armor","Feel No Pain"],"picked":"True Grit","floor":3},{"not_picked":["Havoc","Thunderclap","Fire Breathing"],"picked":"SKIP","floor":4},{"not_picked":["Havoc","Thunderclap","Fire Breathing"],"picked":"SKIP","floor":4},{"not_picked":["Flex","Body Slam"],"picked":"Twin Strike","floor":5},{"not_picked":["Barricade","Sword Boomerang"],"picked":"Disarm","floor":6},{"not_picked":["Twin Strike","Body Slam","Carnage"],"picked":"SKIP","floor":8},{"not_picked":["Sever Soul","Flex","Anger"],"picked":"SKIP","floor":10},{"not_picked":["Perfected Strike","Havoc"],"picked":"Wild Strike","floor":11}],"player_experience":464598,"relics_obtained":[{"floor":6,"key":"Art of War"},{"floor":8,"key":"PreservedInsect"},{"floor":9,"key":"Bag of Preparation"},{"floor":10,"key":"Orichalcum"}],"event_choices":[{"damage_healed":0,"gold_gain":0,"cards_transformed":["Strike_R"],"player_choice":"Change","damage_taken":0,"max_hp_gain":0,"max_hp_loss":0,"event_name":"Living Wall","floor":2,"gold_loss":0,"cards_obtained":["Sword Boomerang"]},{"damage_healed":0,"gold_gain":150,"player_choice":"AGREE","damage_taken":0,"max_hp_gain":0,"max_hp_loss":0,"event_name":"Liars Game","floor":12,"gold_loss":0,"cards_obtained":["Doubt"]},{"cards_removed":["Doubt"],"damage_healed":0,"gold_gain":0,"player_choice":"Card Removal","damage_taken":7,"max_hp_gain":0,"max_hp_loss":0,"event_name":"Golden Wing","floor":14,"gold_loss":0}],"is_beta":false,"boss_relics":[],"items_purged_floors":[],"is_endless":false,"potions_floor_spawned":[5,6,10,11],"killed_by":"Slime Boss","ascension_level":18}