{"gold_per_floor":[116,116,135,135,135,135,135,164,164,180,196,196,221,170,170,241,241,255,255,272,284,14,14,26,26,26,42,42,42],"floor_reached":29,"playtime":991,"items_purged":[],"score":439,"play_id":"4b8cbe07-6d77-48b8-90eb-9be846d9ebeb","local_time":"20190720000859","is_ascension_mode":true,"campfire_choices":[{"floor":6.0,"key":"REST"},{"floor":12.0,"key":"REST"},{"floor":15.0,"key":"REST"},{"floor":23.0,"key":"REST"},{"floor":25.0,"key":"REST"}],"neow_cost":"NONE","seed_source_timestamp":502452647018700,"circlet_count":0,"master_deck":["AscendersBane","Strike_B","Defend_B","Defend_B","Defend_B+1","Defend_B+1","Zap","Dualcast","Defragment","Flash of Steel","Cold Snap","Electrodynamics","Hologram+1","Fission+1","Heatsinks+1","Glacier","Pain","Cold Snap","White Noise","BootSequence"],"special_seed":0,"relics":["Cracked Core","NeowsBlessing","Boot","Unceasing Top","Potion Belt","Astrolabe","WarpedTongs","ClockworkSouvenir","Symbiotic Virus"],"potions_floor_usage":[28],"damage_taken":[{"damage":0.0,"enemies":"Cultist","floor":1.0,"turns":1.0},{"damage":4.0,"enemies":"Small Slimes","floor":3.0,"turns":2.0},{"damage":0.0,"enemies":"Lagavulin","floor":8.0,"turns":2.0},{"damage":0.0,"enemies":"Jaw Worm","floor":10.0,"turns":3.0},{"damage":37.0,"enemies":"Gremlin Gang","floor":11.0,"turns":5.0},{"damage":31.0,"enemies":"3 Sentries","floor":13.0,"turns":9.0},{"damage":49.0,"enemies":"Slime Boss","floor":16.0,"turns":12.0},{"damage":7.0,"enemies":"Spheric Guardian","floor":18.0,"turns":4.0},{"damage":22.0,"enemies":"3 Byrds","floor":20.0,"turns":3.0},{"damage":8.0,"enemies":"3 Cultists","floor":21.0,"turns":4.0},{"damage":29.0,"enemies":"Snake Plant","floor":24.0,"turns":6.0},{"damage":7.0,"enemies":"Snecko","floor":27.0,"turns":4.0},{"damage":9,"enemies":"Colosseum Slavers","floor":28,"turns":6},{"damage":16,"enemies":"3 Cultists","floor":29,"turns":3}],"seed_played":"-8549751831516578886","potions_obtained":[{"floor":1.0,"key":"Regen Potion"},{"floor":3.0,"key":"GamblersBrew"},{"floor":13.0,"key":"Poison Potion"},{"floor":16.0,"key":"Dexterity Potion"},{"floor":20.0,"key":"EssenceOfSteel"},{"floor":24.0,"key":"LiquidBronze"},{"floor":27.0,"key":"Weak Potion"}],"is_trial":false,"path_per_floor":["M","$","M","?","$","R","?","E","T","M","M","R","E","$","R","B",null,"M","?","M","M","$","R","M","R","T","M","?","M"],"character_chosen":"DEFECT","items_purchased":["AttackPotion","White Noise","ClockworkSouvenir"],"campfire_rested":5,"item_purchase_floors":[14,22,22],"current_hp_per_floor":[64,64,60,46,46,67,67,67,67,67,30,51,35,35,56,7,55,48,48,26,18,18,39,10,31,31,24,15,0],"gold":42,"neow_bonus":"THREE_ENEMY_KILL","is_prod":false,"is_daily":false,"chose_seed":false,"campfire_upgraded":0,"win_rate":0,"timestamp":1563574139,"path_taken":["M","?","?","?","$","R","?","E","T","M","?","R","E","$","R","BOSS","M","?","M","?","$","R","M","R","T","?","?","M"],"build_version":"2019-07-17","purchased_purges":0,"victory":false,"max_hp_per_floor":[71,71,71,71,71,71,71,71,71,71,71,71,71,71,71,71,71,71,71,71,71,71,71,71,71,71,71,71,71],"card_choices":[{"not_picked":["Force Field","Leap","Conserve Battery"],"picked":"SKIP","floor":1.0},{"not_picked":["Leap","Coolheaded"],"picked":"Defragment","floor":3.0},{"not_picked":["Conserve Battery","Steam","Streamline"],"picked":"SKIP","floor":8.0},{"not_picked":["Aggregate","Leap","Conserve Battery"],"picked":"SKIP","floor":10.0},{"not_picked":["Compile Driver","Redo","Hologram"],"picked":"SKIP","floor":11.0},{"not_picked":["Gash","Amplify"],"picked":"Cold Snap","floor":13.0},{"not_picked":["Meteor Strike","Core Surge"],"picked":"Electrodynamics","floor":16.0},{"not_picked":["Stack","Rebound"],"picked":"Glacier","floor":18.0},{"not_picked":["Turbo","Leap"],"picked":"Cold Snap","floor":20.0},{"not_picked":["Multi-Cast","Sweeping Beam","Fusion"],"picked":"SKIP","floor":21.0},{"not_picked":["Auto Shields","Compile Driver","Leap"],"picked":"SKIP","floor":24.0},{"not_picked":["Barrage","Streamline"],"picked":"BootSequence","floor":27.0}],"player_experience":353119,"relics_obtained":[{"floor":8.0,"key":"Boot"},{"floor":9.0,"key":"Unceasing Top"},{"floor":13.0,"key":"Potion Belt"},{"floor":26.0,"key":"Symbiotic Virus"}],"event_choices":[{"damage_healed":0.0,"max_hp_gain":0.0,"max_hp_loss":0.0,"gold_gain":0.0,"event_name":"Shining Light","player_choice":"Entered Light","floor":4.0,"gold_loss":0.0,"damage_taken":14.0,"cards_upgraded":["Defend_B","Defend_B"]},{"damage_healed":0.0,"max_hp_gain":0.0,"max_hp_loss":0.0,"gold_gain":0.0,"event_name":"Match and Keep!","player_choice":"1 cards matched","floor":7.0,"gold_loss":0.0,"damage_taken":0.0,"cards_obtained":["Flash of Steel"]},{"damage_healed":0.0,"max_hp_gain":0.0,"max_hp_loss":0.0,"gold_gain":0.0,"event_name":"Accursed Blacksmith","player_choice":"Rummage","floor":19.0,"gold_loss":0.0,"damage_taken":0.0,"relics_obtained":["WarpedTongs"],"cards_obtained":["Pain"]},{"damage_healed":0,"gold_gain":0,"player_choice":"Fight","damage_taken":0,"max_hp_gain":0,"max_hp_loss":0,"event_name":"Colosseum","floor":28,"gold_loss":0},{"damage_healed":0,"gold_gain":0,"player_choice":"Fled From Nobs","damage_taken":0,"max_hp_gain":0,"max_hp_loss":0,"event_name":"Colosseum","floor":28,"gold_loss":0}],"is_beta":false,"boss_relics":[{"not_picked":["Eternal Feather","Runic Pyramid"],"picked":"Astrolabe"}],"items_purged_floors":[],"is_endless":false,"potions_floor_spawned":[1,3,13,16,20,24,27],"killed_by":"3 Cultists","ascension_level":14}