{"gold_per_floor":[110,121,139,153,153,153,188,188,213,213,213,223,248,259,259,359,359,375,575,587,587,587,612,612,612,638,638,213,226,240,254,254,353,353,369,387,401,413,167,167,196,210,210,210,210,160,160,173,173,173],"floor_reached":51,"playtime":2817,"items_purged":["Strike_B","Strike_B","Strike_B"],"score":940,"play_id":"a640294d-5981-48d3-809c-9d352a914154","local_time":"20181026145332","is_ascension_mode":true,"campfire_choices":[{"data":"Multi-Cast","floor":6,"key":"SMITH"},{"data":"Zap","floor":8,"key":"SMITH"},{"data":"Dualcast","floor":10,"key":"SMITH"},{"floor":15,"key":"REST"},{"floor":25,"key":"REST"},{"data":"Auto Shields","floor":27,"key":"SMITH"},{"floor":32,"key":"REST"},{"data":"Reinforced Body","floor":40,"key":"SMITH"},{"data":"Reinforced Body","floor":45,"key":"SMITH"},{"data":"Conserve Battery","floor":47,"key":"SMITH"},{"floor":49,"key":"REST"}],"neow_cost":"NONE","seed_source_timestamp":0,"circlet_count":0,"master_deck":["Strike_B","Defend_B","Defend_B+1","Defend_B","Defend_B","Zap+1","Dualcast+1","Multi-Cast+1","Doom and Gloom+1","Conserve Battery+1","Reinforced Body+1","Auto Shields+1","FTL","Doom and Gloom","Reboot","Self Repair","Go for the Eyes+1","Defragment+1","Panache","Loop+1","Hologram+1","Stack","Machine Learning","Defragment+1","Barrage+1","Reinforced Body+1"],"special_seed":0,"relics":["Cracked Core","Smiling Mask","DataDisk","Bronze Scales","Nuclear Battery","MutagenicStrength","Blue Candle","Nilry\u0027s Codex","Strawberry","ClockworkSouvenir","Busted Crown","Chemical X","Anchor","Bottled Lightning"],"potions_floor_usage":[23,30,33,37],"damage_taken":[{"damage":0,"enemies":"Cultist","floor":1,"turns":4},{"damage":4,"enemies":"Jaw Worm","floor":2,"turns":4},{"damage":0,"enemies":"Small Slimes","floor":3,"turns":4},{"damage":9,"enemies":"Red Slaver","floor":4,"turns":4},{"damage":2,"enemies":"3 Sentries","floor":7,"turns":6},{"damage":0,"enemies":"Lots of Slimes","floor":12,"turns":1},{"damage":33,"enemies":"Gremlin Nob","floor":13,"turns":4},{"damage":0,"enemies":"Looter","floor":14,"turns":2},{"damage":13,"enemies":"Slime Boss","floor":16,"turns":8},{"damage":0,"enemies":"Chosen","floor":18,"turns":3},{"damage":17,"enemies":"2 Thieves","floor":20,"turns":4},{"damage":18,"enemies":"Gremlin Leader","floor":23,"turns":4},{"damage":5,"enemies":"3 Cultists","floor":29,"turns":4},{"damage":14,"enemies":"Snake Plant","floor":30,"turns":2},{"damage":11,"enemies":"Snecko","floor":31,"turns":4},{"damage":33,"enemies":"Automaton","floor":33,"turns":7},{"damage":0,"enemies":"3 Shapes","floor":35,"turns":4},{"damage":3,"enemies":"Orb Walker","floor":36,"turns":3},{"damage":25,"enemies":"Spire Growth","floor":37,"turns":4},{"damage":19,"enemies":"Sphere and 2 Shapes","floor":38,"turns":4},{"damage":3,"enemies":"Giant Head","floor":41,"turns":4},{"damage":6,"enemies":"4 Shapes","floor":42,"turns":4},{"damage":18,"enemies":"3 Darklings","floor":48,"turns":4},{"damage":48,"enemies":"Donu and Deca","floor":50,"turns":6}],"seed_played":"-6428938233364330106","potions_obtained":[{"floor":1,"key":"FearPotion"},{"floor":2,"key":"SneckoOil"},{"floor":13,"key":"Weak Potion"},{"floor":14,"key":"Poison Potion"},{"floor":16,"key":"Dexterity Potion"},{"floor":23,"key":"Fruit Juice"},{"floor":29,"key":"LiquidBronze"},{"floor":31,"key":"Block Potion"},{"floor":33,"key":"FairyPotion"},{"floor":37,"key":"Fire Potion"},{"floor":41,"key":"FearPotion"}],"is_trial":false,"path_per_floor":["M","M","M","M","?","R","E","R","T","R","?","M","E","M","R","B",null,"M","?","M","?","?","E","?","R","T","R","$","M","M","M","R","B",null,"M","M","M","M","$","R","E","M","T","?","R","$","R","M","R","B"],"character_chosen":"DEFECT","items_purchased":["Panache","ClockworkSouvenir","Chemical X"],"campfire_rested":4,"item_purchase_floors":[28,28,39],"current_hp_per_floor":[68,64,64,55,40,40,38,38,38,38,38,38,5,5,27,14,60,60,60,50,50,36,23,7,32,39,39,39,34,27,23,50,24,75,82,86,68,56,56,56,60,61,61,61,61,61,61,50,77,36],"gold":173,"neow_bonus":"ONE_RANDOM_RARE_CARD","is_prod":false,"is_daily":false,"chose_seed":false,"campfire_upgraded":7,"win_rate":0,"timestamp":1540587212,"path_taken":["M","?","M","M","?","R","E","R","T","R","?","M","E","M","R","BOSS","M","?","M","?","?","E","?","R","T","R","$","M","?","M","R","BOSS","M","M","M","M","$","R","E","M","T","?","R","$","R","M","R","BOSS"],"build_version":"2018-10-25v2","purchased_purges":3,"victory":true,"max_hp_per_floor":[75,75,75,75,75,75,75,75,75,75,75,75,75,75,75,75,75,75,75,75,75,80,85,85,85,92,92,92,92,92,92,92,92,92,92,92,92,92,92,92,92,92,92,92,92,92,92,92,92,92],"card_choices":[{"not_picked":["Leap","Beam Cell"],"picked":"Doom and Gloom","floor":1},{"not_picked":["Streamline","Compile Driver"],"picked":"Conserve Battery","floor":2},{"not_picked":["Double Energy","Force Field"],"picked":"Reinforced Body","floor":3},{"not_picked":["Leap","Stack"],"picked":"Auto Shields","floor":4},{"not_picked":["Thunder Strike","Steam Power","Glacier"],"picked":"SKIP","floor":7},{"not_picked":["Cold Snap","Storm"],"picked":"FTL","floor":12},{"not_picked":["Storm","Ball Lightning","Streamline"],"picked":"SKIP","floor":13},{"not_picked":["Turbo","Rebound"],"picked":"Doom and Gloom","floor":14},{"not_picked":["Meteor Strike","Thunder Strike"],"picked":"Reboot","floor":16},{"not_picked":["Melter","Turbo"],"picked":"Self Repair","floor":18},{"not_picked":["FTL+1","Conserve Battery"],"picked":"Go for the Eyes+1","floor":20},{"not_picked":["Self Repair","Turbo"],"picked":"Defragment+1","floor":23},{"not_picked":["Genetic Algorithm+1","Reprogram"],"picked":"Loop+1","floor":29},{"not_picked":["Electrodynamics","Cold Snap"],"picked":"Hologram+1","floor":30},{"not_picked":["Beam Cell","Scrape"],"picked":"Stack","floor":31},{"not_picked":["Buffer","Meteor Strike"],"picked":"Machine Learning","floor":33},{"not_picked":["Beam Cell+1"],"picked":"SKIP","floor":35},{"not_picked":["Sweeping Beam+1"],"picked":"SKIP","floor":36},{"not_picked":[],"picked":"Defragment+1","floor":37},{"not_picked":[],"picked":"Barrage+1","floor":38},{"not_picked":[],"picked":"Reinforced Body","floor":41},{"not_picked":["Sweeping Beam+1"],"picked":"SKIP","floor":42},{"not_picked":["Compile Driver"],"picked":"SKIP","floor":48}],"player_experience":176255,"relics_obtained":[{"floor":7,"key":"Smiling Mask"},{"floor":9,"key":"DataDisk"},{"floor":13,"key":"Bronze Scales"},{"floor":23,"key":"Blue Candle"},{"floor":24,"key":"Nilry\u0027s Codex"},{"floor":26,"key":"Strawberry"},{"floor":41,"key":"Anchor"},{"floor":43,"key":"Bottled Lightning"}],"event_choices":[{"damage_healed":0,"gold_gain":0,"player_choice":"Entered Light","damage_taken":15,"max_hp_gain":0,"max_hp_loss":0,"event_name":"Shining Light","floor":5,"gold_loss":0,"cards_upgraded":["Defend_B","Doom and Gloom"]},{"damage_healed":0,"gold_gain":0,"player_choice":"Bought 0 Potions","damage_taken":0,"max_hp_gain":0,"max_hp_loss":0,"event_name":"The Woman in Blue","floor":11,"gold_loss":0},{"damage_healed":0,"gold_gain":200,"player_choice":"Gold","damage_taken":0,"max_hp_gain":0,"max_hp_loss":0,"event_name":"Wheel of Change","floor":19,"gold_loss":0},{"damage_healed":0,"gold_gain":0,"player_choice":"Inject Mutagens","damage_taken":0,"relics_obtained":["MutagenicStrength"],"max_hp_gain":0,"max_hp_loss":0,"event_name":"Drug Dealer","floor":21,"gold_loss":0},{"damage_healed":0,"gold_gain":0,"player_choice":"Shed Blood","damage_taken":19,"max_hp_gain":5,"max_hp_loss":0,"event_name":"Forgotten Altar","floor":22,"gold_loss":0},{"damage_healed":0,"gold_gain":0,"player_choice":"Obtained Book","damage_taken":16,"max_hp_gain":0,"max_hp_loss":0,"event_name":"Cursed Tome","floor":24,"gold_loss":0},{"damage_healed":0,"gold_gain":0,"player_choice":"Ignored","damage_taken":0,"max_hp_gain":0,"max_hp_loss":0,"event_name":"Tomb of Lord Red Mask","floor":44,"gold_loss":0}],"is_beta":true,"boss_relics":[{"not_picked":["Ectoplasm","Velvet Choker"],"picked":"Nuclear Battery"},{"not_picked":["Lizard Tail","Black Star"],"picked":"Busted Crown"}],"items_purged_floors":[28,39,46],"is_endless":false,"potions_floor_spawned":[1,2,13,14,16,23,29,31,33,37,41,42],"ascension_level":7}