{"gold_per_floor":[109,109,34,34,49,78,139,154,184,184,204,204,169,195,195,195],"floor_reached":16,"playtime":656,"items_purged":["Regret"],"score":157,"play_id":"22d04541-deb3-41f9-a299-b31c4da419e1","local_time":"20190622012003","is_ascension_mode":true,"campfire_choices":[{"floor":10,"key":"REST"},{"floor":12,"key":"REST"},{"data":"Searing Blow","floor":15,"key":"SMITH"}],"neow_cost":"TEN_PERCENT_HP_LOSS","seed_source_timestamp":193934230193694,"circlet_count":0,"master_deck":["Strike_R","Strike_R","Strike_R+1","Strike_R","Strike_R","Defend_R","Defend_R","Defend_R","Defend_R","Bash+1","Flame Barrier","Twin Strike","Combust","Searing Blow+1","Second Wind"],"relics":["Burning Blood","Champion Belt","Mummified Hand","StoneCalendar","Matryoshka","Tiny Chest","Boot","Frozen Egg 2"],"potions_floor_usage":[7,7,8],"damage_taken":[{"damage":5,"enemies":"Cultist","floor":1,"turns":5},{"damage":4,"enemies":"Small Slimes","floor":5,"turns":4},{"damage":47,"enemies":"Lagavulin","floor":6,"turns":8},{"damage":19,"enemies":"3 Sentries","floor":7,"turns":7},{"damage":10,"enemies":"2 Louse","floor":8,"turns":2},{"damage":10,"enemies":"2 Fungi Beasts","floor":11,"turns":3},{"damage":30,"enemies":"3 Sentries","floor":14,"turns":6},{"damage":42,"enemies":"Hexaghost","floor":16,"turns":9}],"seed_played":"3828953849183219088","potions_obtained":[{"floor":1,"key":"BloodPotion"},{"floor":6,"key":"Block Potion"},{"floor":7,"key":"Weak Potion"}],"is_trial":false,"path_per_floor":["M","?","$","?","M","E","?","M","T","R","M","R","?","E","R","B"],"character_chosen":"IRONCLAD","items_purchased":[],"campfire_rested":2,"item_purchase_floors":[],"current_hp_per_floor":[72,72,72,58,60,19,13,9,9,30,26,47,65,41,41,0],"gold":195,"neow_bonus":"ONE_RARE_RELIC","is_prod":false,"is_daily":false,"chose_seed":false,"campfire_upgraded":1,"win_rate":0,"timestamp":1561184403,"path_taken":["M","?","$","?","M","E","?","M","T","R","M","R","?","E","R","BOSS"],"build_version":"2019-01-23","purchased_purges":1,"victory":false,"max_hp_per_floor":[72,72,72,72,72,72,72,72,72,72,72,72,72,72,72,72],"card_choices":[{"not_picked":["Dropkick","Rupture"],"picked":"Flame Barrier","floor":1},{"not_picked":["Clash","Burning Pact"],"picked":"Twin Strike","floor":5},{"not_picked":["Cleave","Battle Trance"],"picked":"Combust","floor":6},{"not_picked":["Shrug It Off","Cleave"],"picked":"Searing Blow","floor":7},{"not_picked":["Combust","Warcry","Thunderclap"],"picked":"SKIP","floor":8},{"not_picked":["Thunderclap","Flame Barrier","Heavy Blade"],"picked":"SKIP","floor":11},{"not_picked":["Cleave","Entrench"],"picked":"Second Wind","floor":14}],"player_experience":362600,"relics_obtained":[{"floor":6,"key":"StoneCalendar"},{"floor":9,"key":"Tiny Chest"},{"floor":9,"key":"Boot"},{"floor":14,"key":"Frozen Egg 2"}],"event_choices":[{"damage_healed":0,"gold_gain":0,"player_choice":"Box","damage_taken":0,"relics_obtained":["Mummified Hand"],"max_hp_gain":0,"max_hp_loss":0,"event_name":"Big Fish","floor":2,"gold_loss":0,"cards_obtained":["Regret"]},{"damage_healed":0,"gold_gain":0,"player_choice":"Entered Light","damage_taken":14,"max_hp_gain":0,"max_hp_loss":0,"event_name":"Shining Light","floor":4,"gold_loss":0,"cards_upgraded":["Strike_R","Bash"]},{"damage_healed":0,"gold_gain":0,"player_choice":"Searched \u00273\u0027 times","damage_taken":0,"relics_obtained":["Matryoshka"],"max_hp_gain":0,"max_hp_loss":0,"event_name":"Dead Adventurer","floor":7,"gold_loss":0},{"damage_healed":18,"gold_gain":0,"player_choice":"Healed","damage_taken":0,"max_hp_gain":0,"max_hp_loss":0,"event_name":"The Cleric","floor":13,"gold_loss":35}],"is_beta":false,"boss_relics":[],"items_purged_floors":[3],"is_endless":false,"potions_floor_spawned":[1,6,7],"killed_by":"Hexaghost","ascension_level":9}