{"gold_per_floor":[114,114,129,149,149,149,167,196,196,196,158,158,158,0,0,103,103,121,139,139,89,107,107,40,40],"floor_reached":25,"playtime":1634,"items_purged":[],"score":279,"play_id":"5219714d-b695-42ba-bf1d-df2b7eec62d0","local_time":"20190619194720","is_ascension_mode":true,"campfire_choices":[{"data":"Disarm","floor":6,"key":"SMITH"},{"data":"Anger","floor":10,"key":"SMITH"},{"data":"Inflame","floor":13,"key":"SMITH"},{"data":"Immolate","floor":15,"key":"SMITH"},{"floor":23,"key":"REST"}],"neow_cost":"NONE","seed_source_timestamp":165108979749,"circlet_count":0,"master_deck":["Strike_R","Strike_R","Defend_R","Defend_R","Defend_R","Defend_R","Bash","Disarm+1","Power Through","Anger+1","Juggernaut","Inflame+1","Headbutt","Immolate+1","Fiend Fire","Shame","Decay","Normality","Corruption","Burning Pact","RitualDagger","Spot Weakness","Evolve"],"special_seed":0,"relics":["Burning Blood","Regal Pillow","Boot","Kunai","Calling Bell","Oddly Smooth Stone","Torii","Darkstone Periapt"],"potions_floor_usage":[8,16,16,22,22,25],"damage_taken":[{"damage":9.0,"enemies":"Small Slimes","floor":1.0,"turns":4.0},{"damage":3,"enemies":"Cultist","floor":3,"turns":4},{"damage":10,"enemies":"2 Louse","floor":4,"turns":4},{"damage":3,"enemies":"Blue Slaver","floor":7,"turns":6},{"damage":14,"enemies":"Gremlin Nob","floor":8,"turns":5},{"damage":32,"enemies":"Slime Boss","floor":16,"turns":6},{"damage":38,"enemies":"3 Byrds","floor":18,"turns":6},{"damage":13,"enemies":"Spheric Guardian","floor":19,"turns":4},{"damage":28,"enemies":"Centurion and Healer","floor":22,"turns":7},{"damage":60,"enemies":"Book of Stabbing","floor":25,"turns":6}],"seed_played":"-5699593274404418864","potions_obtained":[{"floor":4,"key":"SkillPotion"},{"floor":7,"key":"EssenceOfSteel"},{"floor":8,"key":"Explosive Potion"},{"floor":16,"key":"Regen Potion"},{"floor":18,"key":"Weak Potion"},{"floor":22,"key":"Energy Potion"}],"is_trial":false,"path_per_floor":["M","?","M","M","?","R","M","E","T","R","$","?","R","$","R","B",null,"M","M","?","?","M","R","$","E"],"character_chosen":"IRONCLAD","items_purchased":["Inflame","Immolate","Evolve"],"campfire_rested":1,"item_purchase_floors":[11,14,24],"current_hp_per_floor":[69,62,65,61,61,61,64,56,56,56,56,56,56,56,56,30,68,36,29,23,23,16,55,55,0],"gold":40,"neow_bonus":"RANDOM_COMMON_RELIC","is_prod":false,"is_daily":false,"chose_seed":false,"campfire_upgraded":4,"win_rate":0,"timestamp":1560991640,"path_taken":["M","?","M","M","?","R","?","E","T","R","$","?","R","$","R","BOSS","M","M","?","?","M","R","$","E"],"build_version":"2019-01-23","purchased_purges":0,"victory":false,"max_hp_per_floor":[80,80,80,80,80,80,80,80,80,80,80,80,80,80,80,80,80,80,80,80,80,80,80,80,80],"card_choices":[{"not_picked":["Cleave","True Grit"],"picked":"Disarm","floor":1.0},{"not_picked":["Anger","Infernal Blade","Rampage"],"picked":"SKIP","floor":3},{"not_picked":["Sever Soul","Heavy Blade"],"picked":"Power Through","floor":4},{"not_picked":["Fire Breathing","Headbutt"],"picked":"Anger","floor":7},{"not_picked":["Thunderclap","Second Wind"],"picked":"Juggernaut","floor":8},{"not_picked":["Brutality","Immolate"],"picked":"Fiend Fire","floor":16},{"not_picked":["Entrench","True Grit"],"picked":"Corruption","floor":18},{"not_picked":["Headbutt","Immolate"],"picked":"Burning Pact","floor":19},{"not_picked":["Fire Breathing+1","Dropkick"],"picked":"Spot Weakness","floor":22}],"player_experience":352655,"relics_obtained":[{"floor":8,"key":"Boot"},{"floor":9,"key":"Kunai"},{"floor":17,"key":"Oddly Smooth Stone"},{"floor":17,"key":"Torii"},{"floor":17,"key":"Darkstone Periapt"}],"event_choices":[{"cards_removed":["Strike_R"],"damage_healed":0.0,"max_hp_gain":0.0,"max_hp_loss":0.0,"gold_gain":0.0,"event_name":"Golden Wing","player_choice":"Card Removal","floor":2.0,"gold_loss":0.0,"damage_taken":7.0},{"cards_removed":["Strike_R"],"damage_healed":0,"gold_gain":0,"player_choice":"Offered Basic","damage_taken":0,"max_hp_gain":0,"max_hp_loss":0,"event_name":"Bonfire Elementals","floor":5,"gold_loss":0},{"damage_healed":0,"gold_gain":0,"cards_transformed":["Strike_R"],"player_choice":"Change","damage_taken":0,"max_hp_gain":0,"max_hp_loss":0,"event_name":"Living Wall","floor":12,"gold_loss":0,"cards_obtained":["Headbutt"]},{"damage_healed":0,"gold_gain":0,"player_choice":"Joined the Cult","damage_taken":6,"max_hp_gain":0,"max_hp_loss":0,"event_name":"Nest","floor":20,"gold_loss":0,"cards_obtained":["RitualDagger"]},{"damage_healed":0,"gold_gain":0,"player_choice":"Bet on Murderer","damage_taken":0,"max_hp_gain":0,"max_hp_loss":0,"event_name":"The Joust","floor":21,"gold_loss":50}],"is_beta":false,"boss_relics":[{"not_picked":["Fusion Hammer","Empty Cage"],"picked":"Calling Bell"}],"items_purged_floors":[],"is_endless":false,"potions_floor_spawned":[4,7,8,16,18,22],"killed_by":"Book of Stabbing","ascension_level":8}