{"gold_per_floor":[113,63,63,13,13,13,43,43,43,43,53,64,78,95,95,196,196,214,214,225,74,74,74,109,109,109,109,109,109,9,29,29,133,133,149,149,249,249,259,290,304,304,357,357,376,376,406,420,420,420],"floor_reached":51,"playtime":3472,"items_purged":["Strike_B","Defend_B"],"score":721,"play_id":"0f80024e-e3fe-472f-80f0-3eb78dbe5a73","local_time":"20181029052018","is_ascension_mode":false,"campfire_choices":[{"data":"Zap","floor":6,"key":"SMITH"},{"data":"Dualcast","floor":8,"key":"SMITH"},{"data":"Beam Cell","floor":10,"key":"SMITH"},{"data":"Redo","floor":15,"key":"SMITH"},{"data":"Scrape","floor":23,"key":"SMITH"},{"floor":25,"key":"REST"},{"data":"Biased Cognition","floor":28,"key":"SMITH"},{"data":"Self Repair","floor":32,"key":"SMITH"},{"data":"Steam","floor":42,"key":"SMITH"},{"data":"Stack","floor":44,"key":"SMITH"},{"data":"Leap","floor":46,"key":"SMITH"},{"data":"Electrodynamics","floor":49,"key":"SMITH"}],"neow_cost":"NONE","seed_source_timestamp":607280761543111,"circlet_count":0,"master_deck":["Defend_B","Zap+1","Dualcast+1","Go for the Eyes","Beam Cell+1","Self Repair+1","Hologram+1","Echo Form","Redo+1","Gash","Creative AI","Scrape+1","Electrodynamics+1","Biased Cognition+1","Seek","Leap+1","Madness+1","Madness","Steam+1","Stack+1","Steam+1","Compile Driver+1","Reinforced Body+1","Go for the Eyes+1"],"relics":["FrozenCore","DataDisk","Singing Bowl","Black Star","Matryoshka","Mercury Hourglass","Ancient Tea Set","Bottled Tornado","Prayer Wheel","Letter Opener","Symbiotic Virus","The Courier","Bag of Preparation","Potion Belt","War Paint"],"potions_floor_usage":[24,33,33,50,50,50],"damage_taken":[{"damage":0,"enemies":"Small Slimes","floor":1,"turns":2},{"damage":24,"enemies":"3 Sentries","floor":7,"turns":7},{"damage":0,"enemies":"2 Louse","floor":11,"turns":2},{"damage":0,"enemies":"Cultist","floor":12,"turns":2},{"damage":5,"enemies":"3 Louse","floor":13,"turns":3},{"damage":10,"enemies":"Exordium Wildlife","floor":14,"turns":4},{"damage":27,"enemies":"Slime Boss","floor":16,"turns":10},{"damage":21,"enemies":"Shell Parasite","floor":18,"turns":5},{"damage":10,"enemies":"Chosen","floor":20,"turns":4},{"damage":67,"enemies":"Gremlin Leader","floor":24,"turns":6},{"damage":0,"enemies":"3 Cultists","floor":31,"turns":3},{"damage":24,"enemies":"Champ","floor":33,"turns":6},{"damage":14,"enemies":"3 Darklings","floor":35,"turns":5},{"damage":0,"enemies":"Mind Bloom Boss Battle","floor":37,"turns":4},{"damage":3,"enemies":"3 Shapes","floor":39,"turns":3},{"damage":14,"enemies":"Giant Head","floor":40,"turns":6},{"damage":28,"enemies":"Writhing Mass","floor":41,"turns":5},{"damage":11,"enemies":"Jaw Worm Horde","floor":45,"turns":4},{"damage":2,"enemies":"Nemesis","floor":47,"turns":11},{"damage":17,"enemies":"3 Darklings","floor":48,"turns":4},{"damage":28,"enemies":"Awakened One","floor":50,"turns":15}],"seed_played":"-7212548217880521831","potions_obtained":[{"floor":11,"key":"PowerPotion"},{"floor":12,"key":"PowerPotion"},{"floor":14,"key":"Dexterity Potion"},{"floor":35,"key":"SteroidPotion"},{"floor":40,"key":"LiquidBronze"},{"floor":45,"key":"PowerPotion"}],"is_trial":false,"path_per_floor":["M","?","?","$","?","R","E","R","T","R","M","M","M","M","R","B",null,"M","?","M","$","?","R","E","R","T","?","R","?","$","M","R","B",null,"M","?","?","?","M","E","M","R","T","R","M","R","E","M","R","B"],"character_chosen":"DEFECT","items_purchased":["Beam Cell","Scrape"],"campfire_rested":1,"item_purchase_floors":[4,21],"current_hp_per_floor":[75,75,75,75,80,80,56,56,56,56,63,70,79,76,76,63,80,73,73,72,72,72,72,21,46,46,46,46,46,46,48,48,34,86,88,88,88,77,76,72,64,64,64,64,75,75,94,89,89,71],"gold":420,"neow_bonus":"REMOVE_CARD","is_prod":false,"is_daily":false,"chose_seed":false,"campfire_upgraded":11,"win_rate":0,"timestamp":1540812018,"path_taken":["M","?","?","?","?","R","E","R","T","R","M","M","M","M","R","BOSS","M","?","?","$","?","R","E","R","T","?","R","?","$","M","R","BOSS","M","?","?","?","M","E","M","R","T","R","M","R","E","M","R","BOSS"],"build_version":"2018-10-25v2","purchased_purges":2,"victory":true,"max_hp_per_floor":[75,75,75,75,80,80,80,80,80,80,80,80,80,80,80,80,80,80,80,82,82,82,82,84,84,84,84,84,84,84,86,86,86,86,88,88,88,88,90,90,90,90,90,90,92,92,94,96,96,96],"card_choices":[{"not_picked":["Sweeping Beam","Redo"],"picked":"Go for the Eyes","floor":1},{"not_picked":["Recycle","Melter"],"picked":"Self Repair","floor":7},{"not_picked":["Rebound","Stack"],"picked":"Hologram","floor":11},{"not_picked":["Auto Shields","Conserve Battery"],"picked":"Echo Form","floor":12},{"not_picked":["Stack","Ball Lightning"],"picked":"Redo","floor":13},{"not_picked":["Redo","Conserve Battery"],"picked":"Gash","floor":14},{"not_picked":["Amplify","Fission"],"picked":"Creative AI","floor":16},{"not_picked":["Barrage","Sweeping Beam"],"picked":"Steam","floor":18},{"not_picked":["Consume","Compile Driver","Beam Cell"],"picked":"Singing Bowl","floor":20},{"not_picked":["Reprogram","Chaos","FTL"],"picked":"Singing Bowl","floor":24},{"not_picked":["Sweeping Beam","Rebound","White Noise"],"picked":"Singing Bowl","floor":31},{"not_picked":["Electrodynamics","Machine Learning"],"picked":"Seek","floor":33},{"not_picked":["Beam Cell+1","Ball Lightning","Scrape"],"picked":"Singing Bowl","floor":35},{"not_picked":["Gash","Consume"],"picked":"Leap","floor":37},{"not_picked":["Skim","Cold Snap+1"],"picked":"Steam+1","floor":39},{"not_picked":["Turbo","Sunder+1","Compile Driver"],"picked":"Singing Bowl","floor":39},{"not_picked":["Sweeping Beam","Genetic Algorithm+1"],"picked":"Stack","floor":40},{"not_picked":["Streamline+1","FTL+1"],"picked":"Steam","floor":41},{"not_picked":["Glacier+1","Conserve Battery+1"],"picked":"Compile Driver+1","floor":41},{"not_picked":["Defragment+1","Ball Lightning"],"picked":"Reinforced Body+1","floor":45},{"not_picked":["Reprogram+1","Stack","Turbo+1"],"picked":"Singing Bowl","floor":45},{"not_picked":["Echo Form","Defragment+1","Ball Lightning"],"picked":"Singing Bowl","floor":47},{"not_picked":["Compile Driver+1","Conserve Battery","Beam Cell+1"],"picked":"Singing Bowl","floor":48},{"not_picked":["White Noise","Steam+1"],"picked":"Go for the Eyes+1","floor":48}],"player_experience":201053,"relics_obtained":[{"floor":7,"key":"DataDisk"},{"floor":9,"key":"Singing Bowl"},{"floor":24,"key":"Matryoshka"},{"floor":24,"key":"Mercury Hourglass"},{"floor":26,"key":"Ancient Tea Set"},{"floor":26,"key":"Bottled Tornado"},{"floor":37,"key":"Prayer Wheel"},{"floor":40,"key":"Letter Opener"},{"floor":40,"key":"Symbiotic Virus"},{"floor":43,"key":"The Courier"},{"floor":43,"key":"Bag of Preparation"},{"floor":47,"key":"Potion Belt"},{"floor":47,"key":"War Paint"}],"event_choices":[{"cards_removed":["Defend_B"],"damage_healed":0,"gold_gain":0,"player_choice":"Card Removal","damage_taken":0,"max_hp_gain":0,"max_hp_loss":0,"event_name":"The Cleric","floor":2,"gold_loss":50},{"cards_removed":["Strike_B"],"damage_healed":0,"gold_gain":0,"player_choice":"Forget","damage_taken":0,"max_hp_gain":0,"max_hp_loss":0,"event_name":"Living Wall","floor":3,"gold_loss":0},{"damage_healed":0,"gold_gain":0,"player_choice":"Donut","damage_taken":0,"max_hp_gain":5,"max_hp_loss":0,"event_name":"Big Fish","floor":5,"gold_loss":0},{"damage_healed":0,"gold_gain":0,"player_choice":"Ignored","damage_taken":0,"max_hp_gain":0,"max_hp_loss":0,"event_name":"The Mausoleum","floor":19,"gold_loss":0},{"damage_healed":0,"gold_gain":0,"player_choice":"Ignored","damage_taken":0,"max_hp_gain":0,"max_hp_loss":0,"event_name":"NoteForYourself","floor":22,"gold_loss":0},{"damage_healed":0,"gold_gain":0,"cards_transformed":["Strike_B","Strike_B"],"player_choice":"Became Test Subject","damage_taken":0,"max_hp_gain":0,"max_hp_loss":0,"event_name":"Drug Dealer","floor":27,"gold_loss":0,"cards_obtained":["Electrodynamics","Biased Cognition"]},{"damage_healed":0,"gold_gain":0,"player_choice":"Forge","damage_taken":0,"max_hp_gain":0,"max_hp_loss":0,"event_name":"Accursed Blacksmith","floor":29,"gold_loss":0,"cards_upgraded":["Steam"]},{"cards_removed":["Steam"],"damage_healed":0,"gold_gain":0,"player_choice":"Removed Skill","damage_taken":0,"max_hp_gain":0,"max_hp_loss":0,"event_name":"Falling","floor":36,"gold_loss":0},{"damage_healed":0,"gold_gain":0,"player_choice":"Fight","damage_taken":0,"max_hp_gain":0,"max_hp_loss":0,"event_name":"MindBloom","floor":37,"gold_loss":0},{"damage_healed":0,"gold_gain":0,"player_choice":"Embrace Madness","damage_taken":11,"max_hp_gain":0,"max_hp_loss":0,"event_name":"Winding Halls","floor":38,"gold_loss":0,"cards_obtained":["Madness","Madness"]}],"is_beta":true,"boss_relics":[{"not_picked":["Philosopher\u0027s Stone","Runic Dome"],"picked":"Black Star"},{"not_picked":["Velvet Choker","Orrery"],"picked":"FrozenCore"}],"items_purged_floors":[21,30],"is_endless":false,"potions_floor_spawned":[11,12,14,18,20,35,40,45],"ascension_level":0}