{"gold_per_floor":[363,30,30,30,45,45,73,73,73,73,148,160,160],"floor_reached":13,"playtime":435,"items_purged":["Defend_B"],"score":113,"play_id":"44eb18e4-5163-4fce-b97a-00bc5fd65be9","local_time":"20181028180645","is_ascension_mode":true,"campfire_choices":[{"data":"Loop","floor":6,"key":"SMITH"},{"data":"Zap","floor":10,"key":"SMITH"}],"neow_cost":"PERCENT_DAMAGE","seed_source_timestamp":569913201631828,"circlet_count":0,"master_deck":["Strike_B","Strike_B","Strike_B","Defend_B","Defend_B","Zap+1","Dualcast","Loop+1","Ball Lightning","Reboot"],"relics":["Cracked Core","Frozen Egg 2","Smiling Mask","Mummified Hand"],"potions_floor_usage":[7,7],"damage_taken":[{"damage":0,"enemies":"Cultist","floor":1,"turns":4},{"damage":9,"enemies":"2 Louse","floor":5,"turns":2},{"damage":20,"enemies":"3 Sentries","floor":7,"turns":5},{"damage":7,"enemies":"Jaw Worm","floor":12,"turns":3},{"damage":8,"enemies":"Blue Slaver","floor":13,"turns":1}],"seed_played":"-7821613389827144354","potions_obtained":[{"floor":1,"key":"Energy Potion"},{"floor":5,"key":"Fire Potion"},{"floor":7,"key":"LiquidBronze"}],"is_trial":false,"path_per_floor":["M","$","?","?","M","R","E","?","T","R","?","M"],"character_chosen":"DEFECT","items_purchased":["Frozen Egg 2"],"campfire_rested":0,"item_purchase_floors":[2],"current_hp_per_floor":[50,50,55,55,46,46,26,19,19,19,8,1,0],"gold":160,"neow_bonus":"TWO_FIFTY_GOLD","is_prod":false,"is_daily":false,"chose_seed":false,"campfire_upgraded":2,"win_rate":0,"timestamp":1540771605,"path_taken":["M","$","?","?","M","R","E","?","T","R","?","?","M"],"build_version":"2018-10-25v2","purchased_purges":1,"victory":false,"max_hp_per_floor":[75,75,80,80,80,80,80,80,80,80,80,80,80],"card_choices":[{"not_picked":["Turbo","Ball Lightning"],"picked":"Loop","floor":1},{"not_picked":["Hologram","Compile Driver"],"picked":"Ball Lightning","floor":5},{"not_picked":["Turbo","Compile Driver"],"picked":"Reboot","floor":7},{"not_picked":["Turbo","Rebound","Melter"],"picked":"SKIP","floor":12}],"player_experience":185316,"relics_obtained":[{"floor":7,"key":"Smiling Mask"},{"floor":9,"key":"Mummified Hand"}],"event_choices":[{"damage_healed":0,"gold_gain":0,"player_choice":"Donut","damage_taken":0,"max_hp_gain":5,"max_hp_loss":0,"event_name":"Big Fish","floor":3,"gold_loss":0},{"cards_removed":["Defend_B"],"damage_healed":0,"gold_gain":0,"player_choice":"Forget","damage_taken":0,"max_hp_gain":0,"max_hp_loss":0,"event_name":"Living Wall","floor":4,"gold_loss":0},{"cards_removed":["Strike_B"],"damage_healed":0,"gold_gain":0,"player_choice":"Card Removal","damage_taken":7,"max_hp_gain":0,"max_hp_loss":0,"event_name":"Golden Wing","floor":8,"gold_loss":0},{"damage_healed":0,"gold_gain":75,"player_choice":"Gather Gold","damage_taken":11,"max_hp_gain":0,"max_hp_loss":0,"event_name":"World of Goop","floor":11,"gold_loss":0}],"is_beta":true,"boss_relics":[],"items_purged_floors":[2],"is_endless":false,"potions_floor_spawned":[1,5,7],"killed_by":"Blue Slaver","ascension_level":8}