{"gold_per_floor":[109,26,37,37,37,68,5,17,56,68,108,120,167,198,210,222],"floor_reached":16,"playtime":426,"items_purged":[],"score":275,"play_id":"afd6a3f2-4533-4586-a8fb-39a09fdf7bf8","local_time":"20190722193634","is_ascension_mode":true,"campfire_choices":[{"data":"Hemokinesis","floor":8,"key":"SMITH"},{"data":"Inflame","floor":10,"key":"SMITH"},{"floor":15,"key":"REST"}],"neow_cost":"NONE","seed_source_timestamp":175681383681,"circlet_count":0,"master_deck":["AscendersBane","Strike_R","Strike_R","Strike_R","Defend_R","Defend_R","Defend_R","Defend_R","Bash","True Grit","Intimidate","Twin Strike","Inflame+1","Hemokinesis+1","Cleave","Offering","Shrug It Off"],"relics":["Burning Blood","NeowsBlessing","Magic Flower","MawBank","Potion Belt","Anchor","Du-Vu Doll"],"potions_floor_usage":[],"damage_taken":[{"damage":0,"enemies":"Small Slimes","floor":1,"turns":1},{"damage":0,"enemies":"2 Louse","floor":3,"turns":2},{"damage":0,"enemies":"Gremlin Nob","floor":6,"turns":1},{"damage":29,"enemies":"Lagavulin","floor":11,"turns":5},{"damage":34,"enemies":"Gremlin Nob","floor":13,"turns":4},{"damage":8,"enemies":"Jaw Worm","floor":14,"turns":2},{"damage":73,"enemies":"Slime Boss","floor":16,"turns":9}],"seed_played":"-9138195485430291994","potions_obtained":[{"floor":6,"key":"FairyPotion"},{"floor":13,"key":"Dexterity Potion"}],"is_trial":false,"path_per_floor":["M","$","M","?","?","E","?","R","T","R","E","?","E","M","R","B"],"character_chosen":"IRONCLAD","items_purchased":["Intimidate"],"campfire_rested":1,"item_purchase_floors":[2],"current_hp_per_floor":[74,74,75,75,64,73,73,73,73,73,53,53,28,29,51,0],"gold":222,"neow_bonus":"THREE_ENEMY_KILL","is_prod":false,"is_daily":false,"chose_seed":false,"campfire_upgraded":2,"win_rate":0,"timestamp":1563842194,"path_taken":["M","$","M","?","?","E","?","R","T","R","E","?","E","M","R","BOSS"],"build_version":"2019-07-17","purchased_purges":0,"victory":false,"max_hp_per_floor":[75,75,75,75,75,75,75,75,75,75,75,75,75,75,75,75],"card_choices":[{"not_picked":["Havoc","Dual Wield"],"picked":"True Grit","floor":1},{"not_picked":["Havoc","Flex"],"picked":"Twin Strike","floor":3},{"not_picked":["Iron Wave","Heavy Blade"],"picked":"Hemokinesis","floor":6},{"not_picked":["Clothesline","Sentinel"],"picked":"Cleave","floor":11},{"not_picked":["Clothesline","Twin Strike"],"picked":"Offering","floor":13},{"not_picked":["Havoc","Thunderclap"],"picked":"Shrug It Off","floor":14}],"player_experience":525560,"relics_obtained":[{"floor":6,"key":"MawBank"},{"floor":9,"key":"Potion Belt"},{"floor":11,"key":"Anchor"},{"floor":13,"key":"Du-Vu Doll"}],"event_choices":[{"damage_healed":0,"gold_gain":0,"cards_transformed":["Strike_R"],"player_choice":"Change","damage_taken":0,"max_hp_gain":0,"max_hp_loss":0,"event_name":"Living Wall","floor":4,"gold_loss":0,"cards_obtained":["Inflame"]},{"damage_healed":0,"gold_gain":0,"player_choice":"Success","damage_taken":11,"relics_obtained":["Magic Flower"],"max_hp_gain":0,"max_hp_loss":0,"event_name":"Scrap Ooze","floor":5,"gold_loss":0},{"cards_removed":["Strike_R"],"damage_healed":0,"gold_gain":0,"player_choice":"Card Removal","damage_taken":0,"max_hp_gain":0,"max_hp_loss":0,"event_name":"The Cleric","floor":7,"gold_loss":75},{"damage_healed":0,"gold_gain":0,"player_choice":"Ignored","damage_taken":0,"max_hp_gain":0,"max_hp_loss":0,"event_name":"Shining Light","floor":12,"gold_loss":0}],"is_beta":false,"boss_relics":[],"items_purged_floors":[],"is_endless":false,"potions_floor_spawned":[6,13],"killed_by":"Slime Boss","ascension_level":19}