{"gold_per_floor":[113,113,11,11,11,11,31,75,125,125,25,25,25,63,63,189,189,207,220,244,265,190,190,215,215],"floor_reached":25,"playtime":960,"items_purged":["Defend_B","Defend_B"],"score":282,"play_id":"dddc1c26-69e5-43cf-bf45-835f9a529c5b","local_time":"20181017143704","is_ascension_mode":true,"campfire_choices":[{"data":"Dualcast","floor":6,"key":"SMITH"},{"floor":13,"key":"REST"},{"data":"Defragment","floor":15,"key":"SMITH"},{"floor":23,"key":"REST"}],"neow_cost":"NONE","seed_source_timestamp":265437197018851,"circlet_count":0,"master_deck":["Strike_B","Strike_B","Strike_B","Defend_B+1","Zap+1","Dualcast+1","Madness","Conserve Battery","Compile Driver","Sunder+1","Defragment+1","Echo Form","Loop","Cold Snap+1","Conserve Battery+1","Skim+1","Leap+1"],"relics":["Cracked Core","Golden Idol","Molten Egg 2","Oddly Smooth Stone","Mercury Hourglass","Inserter"],"potions_floor_usage":[16,21,25,25],"damage_taken":[{"damage":7,"enemies":"Small Slimes","floor":1,"turns":3},{"damage":0,"enemies":"Jaw Worm","floor":7,"turns":3},{"damage":32,"enemies":"Gremlin Nob","floor":8,"turns":4},{"damage":14,"enemies":"Lagavulin","floor":14,"turns":6},{"damage":12,"enemies":"Slime Boss","floor":16,"turns":6},{"damage":10,"enemies":"Spheric Guardian","floor":18,"turns":4},{"damage":19,"enemies":"3 Byrds","floor":19,"turns":3},{"damage":10,"enemies":"Snake Plant","floor":20,"turns":4},{"damage":10,"enemies":"Sentry and Sphere","floor":21,"turns":5},{"damage":8,"enemies":"Centurion and Healer","floor":24,"turns":5},{"damage":18,"enemies":"Slavers","floor":25,"turns":1}],"seed_played":"569252697022829750","potions_obtained":[{"floor":14,"key":"Fire Potion"},{"floor":16,"key":"Block Potion"},{"floor":20,"key":"Ancient Potion"},{"floor":21,"key":"Dexterity Potion"}],"is_trial":false,"path_per_floor":["M","?","$","?","?","R","M","E","T","?","$","$","R","E","R","B",null,"M","M","M","M","?","R","M"],"character_chosen":"DEFECT","items_purchased":["Compile Driver"],"campfire_rested":2,"item_purchase_floors":[3],"current_hp_per_floor":[61,46,46,46,46,46,46,14,14,14,14,14,34,20,20,8,54,44,25,15,5,5,25,17,0],"gold":215,"neow_bonus":"RANDOM_COLORLESS","is_prod":false,"is_daily":false,"chose_seed":false,"campfire_upgraded":2,"win_rate":0,"timestamp":1539808624,"path_taken":["M","?","$","?","?","R","M","E","T","?","?","$","R","E","R","BOSS","M","M","M","M","?","R","?","E"],"build_version":"2018-10-17","purchased_purges":2,"victory":false,"max_hp_per_floor":[75,75,75,69,69,69,69,69,69,69,69,69,69,69,69,69,69,69,69,69,69,69,69,69,69],"card_choices":[{"not_picked":["Steam","Streamline"],"picked":"Conserve Battery","floor":1},{"not_picked":["Turbo","Stack","Steam"],"picked":"SKIP","floor":7},{"not_picked":["Conserve Battery","Loop"],"picked":"Sunder","floor":8},{"not_picked":["Lockon+1","Redo"],"picked":"Defragment","floor":14},{"not_picked":["Biased Cognition","Electrodynamics"],"picked":"Echo Form","floor":16},{"not_picked":["Gash+1","Compile Driver+1"],"picked":"Loop","floor":18},{"not_picked":["Turbo","Gash+1"],"picked":"Cold Snap+1","floor":19},{"not_picked":["Hologram+1","Gash+1"],"picked":"Conserve Battery+1","floor":20},{"not_picked":["Electrodynamics","Hologram+1"],"picked":"Skim+1","floor":21},{"not_picked":["Redo","Go for the Eyes+1"],"picked":"Leap+1","floor":24}],"player_experience":125203,"relics_obtained":[{"floor":8,"key":"Molten Egg 2"},{"floor":9,"key":"Oddly Smooth Stone"},{"floor":14,"key":"Mercury Hourglass"}],"event_choices":[{"damage_healed":0,"gold_gain":0,"player_choice":"Entered Light","damage_taken":15,"max_hp_gain":0,"max_hp_loss":0,"event_name":"Shining Light","floor":2,"gold_loss":0,"cards_upgraded":["Defend_B","Zap"]},{"damage_healed":0,"gold_gain":0,"player_choice":"Lose Max HP","damage_taken":0,"relics_obtained":["Golden Idol"],"max_hp_gain":0,"max_hp_loss":6,"event_name":"Golden Idol","floor":4,"gold_loss":0},{"damage_healed":0,"gold_gain":0,"player_choice":"Ignored","damage_taken":0,"max_hp_gain":0,"max_hp_loss":0,"event_name":"Liars Game","floor":5,"gold_loss":0},{"cards_removed":["Defend_B"],"damage_healed":0,"gold_gain":0,"player_choice":"Purged","damage_taken":0,"max_hp_gain":0,"max_hp_loss":0,"event_name":"Purifier","floor":10,"gold_loss":0},{"cards_removed":["Strike_B"],"damage_healed":0,"gold_gain":0,"player_choice":"Gave Gold","damage_taken":0,"max_hp_gain":0,"max_hp_loss":0,"event_name":"Beggar","floor":22,"gold_loss":75}],"is_beta":true,"boss_relics":[{"not_picked":["Eternal Feather","Tiny House"],"picked":"Inserter"}],"items_purged_floors":[3,11],"is_endless":false,"potions_floor_spawned":[14,16,20,21],"killed_by":"Slavers","ascension_level":7}