{"gold_per_floor":[109,109,109,22,22,22,57,57,109,138,87,106,181,181,181,181],"floor_reached":16,"playtime":225,"items_purged":[],"score":308,"play_id":"21e06a39-0f61-4538-b9d7-5645355a0ff8","local_time":"20190803222327","is_ascension_mode":true,"campfire_choices":[{"data":"Zap","floor":6.0,"key":"SMITH"},{"data":"Dualcast","floor":8.0,"key":"SMITH"},{"floor":15.0,"key":"REST"}],"neow_cost":"NONE","seed_source_timestamp":1044058075973800,"circlet_count":0,"master_deck":["AscendersBane","Strike_B","Strike_B","Strike_B","Strike_B","Defend_B","Defend_B","Defend_B","Defend_B","Zap+1","Dualcast+1","Double Energy+1","Skim+1","Buffer","Coolheaded+1","Genetic Algorithm+1"],"special_seed":0,"relics":["Cracked Core","NeowsBlessing","Toxic Egg 2","Meat on the Bone","Smiling Mask","Oddly Smooth Stone","Golden Idol"],"potions_floor_usage":[16,16],"damage_taken":[{"damage":0.0,"enemies":"Jaw Worm","floor":1.0,"turns":1.0},{"damage":0.0,"enemies":"Lagavulin","floor":7.0,"turns":1.0},{"damage":0.0,"enemies":"Gremlin Nob","floor":10.0,"turns":1.0},{"damage":0.0,"enemies":"2 Louse","floor":12.0,"turns":3.0},{"damage":80,"enemies":"Hexaghost","floor":16,"turns":11}],"seed_played":"4106150197180686015","potions_obtained":[{"floor":1.0,"key":"Regen Potion"},{"floor":12.0,"key":"FearPotion"}],"is_trial":false,"path_per_floor":["M","?","?","$","?","R","E","R","T","E","$","M","?","?","R","B"],"character_chosen":"DEFECT","items_purchased":["Double Energy+1","Coolheaded+1"],"campfire_rested":1,"item_purchase_floors":[4,11],"current_hp_per_floor":[64,38,38,38,61,61,61,61,61,61,61,61,50,50,64,0],"gold":181,"neow_bonus":"THREE_ENEMY_KILL","is_prod":false,"is_daily":false,"chose_seed":false,"campfire_upgraded":2,"win_rate":0,"timestamp":1564863807,"path_taken":["M","?","?","$","?","R","E","R","T","E","$","M","?","?","R","BOSS"],"build_version":"2019-07-17","purchased_purges":0,"victory":false,"max_hp_per_floor":[71,71,71,71,71,71,71,71,71,71,71,71,71,64,64,64],"card_choices":[{"not_picked":["Heatsinks","Sweeping Beam","Coolheaded"],"picked":"SKIP","floor":1.0},{"not_picked":["Doom and Gloom","Lockon"],"picked":"Skim+1","floor":7.0},{"not_picked":["FTL","Streamline"],"picked":"Buffer","floor":10.0},{"not_picked":["Sweeping Beam","Coolheaded+1"],"picked":"Genetic Algorithm+1","floor":12.0}],"player_experience":413492,"relics_obtained":[{"floor":7.0,"key":"Meat on the Bone"},{"floor":9.0,"key":"Smiling Mask"},{"floor":10.0,"key":"Oddly Smooth Stone"}],"event_choices":[{"damage_healed":0.0,"max_hp_gain":0.0,"max_hp_loss":0.0,"gold_gain":0.0,"event_name":"Scrap Ooze","player_choice":"Success","floor":2.0,"gold_loss":0.0,"damage_taken":26.0,"relics_obtained":["Toxic Egg 2"]},{"damage_healed":0.0,"max_hp_gain":0.0,"max_hp_loss":0.0,"gold_gain":0.0,"event_name":"Golden Wing","player_choice":"Ignored","floor":3.0,"gold_loss":0.0,"damage_taken":0.0},{"damage_healed":23.0,"max_hp_gain":0.0,"max_hp_loss":0.0,"gold_gain":0.0,"event_name":"Big Fish","player_choice":"Banana","floor":5.0,"gold_loss":0.0,"damage_taken":0.0},{"damage_healed":0.0,"max_hp_gain":0.0,"max_hp_loss":0.0,"gold_gain":75.0,"event_name":"World of Goop","player_choice":"Gather Gold","floor":13.0,"gold_loss":0.0,"damage_taken":11.0},{"damage_healed":0.0,"max_hp_gain":0.0,"max_hp_loss":7.0,"gold_gain":0.0,"event_name":"Golden Idol","player_choice":"Lose Max HP","floor":14.0,"gold_loss":0.0,"damage_taken":0.0,"relics_obtained":["Golden Idol"]}],"is_beta":false,"boss_relics":[],"items_purged_floors":[],"is_endless":false,"potions_floor_spawned":[1,12],"killed_by":"Hexaghost","ascension_level":20}