{"gold_per_floor":[118,118,135,135,145,145,156,156,156,182,196,213,213,223,223,297,297,310,19,39,53,70,70,70],"floor_reached":24,"playtime":1089,"items_purged":["Strike_R"],"score":394,"play_id":"369731e7-20c5-48b2-8882-244343a775ff","local_time":"20190803130357","is_ascension_mode":true,"campfire_choices":[{"data":"Searing Blow","floor":6,"key":"SMITH"},{"data":"Searing Blow+1","floor":8,"key":"SMITH"},{"floor":13,"key":"REST"},{"data":"Searing Blow+2","floor":15,"key":"SMITH"},{"floor":23,"key":"REST"}],"neow_cost":"NONE","seed_source_timestamp":1012782622103767,"circlet_count":0,"master_deck":["AscendersBane","Strike_R","Strike_R","Strike_R","Defend_R","Defend_R","Defend_R","Defend_R","Bash","Pommel Strike","Blood for Blood","Flame Barrier","Searing Blow+3","Disarm","Juggernaut","Spot Weakness","Feel No Pain","True Grit","Offering","Battle Trance","Shrug It Off","Disarm","Shrug It Off"],"relics":["Burning Blood","NeowsBlessing","Pen Nib","Letter Opener","Mark of Pain","Lantern"],"potions_floor_usage":[12,14,16,18,24],"damage_taken":[{"damage":0,"enemies":"2 Louse","floor":1,"turns":1},{"damage":0,"enemies":"Jaw Worm","floor":3,"turns":1},{"damage":0,"enemies":"Cultist","floor":5,"turns":1},{"damage":3,"enemies":"3 Louse","floor":7,"turns":4},{"damage":45,"enemies":"3 Sentries","floor":10,"turns":9},{"damage":15,"enemies":"Large Slime","floor":11,"turns":6},{"damage":22,"enemies":"Exordium Thugs","floor":12,"turns":4},{"damage":21,"enemies":"Lots of Slimes","floor":14,"turns":7},{"damage":29,"enemies":"Hexaghost","floor":16,"turns":11},{"damage":20,"enemies":"2 Thieves","floor":18,"turns":3},{"damage":21,"enemies":"Shell Parasite","floor":20,"turns":5},{"damage":6,"enemies":"Snake Plant","floor":21,"turns":2},{"damage":28,"enemies":"Centurion and Healer","floor":22,"turns":6},{"damage":38,"enemies":"Gremlin Leader","floor":24,"turns":7}],"seed_played":"3692823192535500497","potions_obtained":[{"floor":3,"key":"Strength Potion"},{"floor":10,"key":"LiquidBronze"},{"floor":12,"key":"Regen Potion"},{"floor":16,"key":"Poison Potion"},{"floor":22,"key":"Strength Potion"}],"is_trial":false,"path_per_floor":["M","?","M","?","M","R","M","R","T","E","M","M","R","M","R","B",null,"M","$","M","M","M","R","E"],"character_chosen":"IRONCLAD","items_purchased":["Shrug It Off","Lantern"],"campfire_rested":2,"item_purchase_floors":[19,19],"current_hp_per_floor":[74,74,75,75,75,75,75,75,75,36,27,11,33,33,33,10,59,45,45,30,30,8,30,0],"gold":70,"neow_bonus":"THREE_ENEMY_KILL","is_prod":false,"is_daily":false,"chose_seed":false,"campfire_upgraded":3,"win_rate":0,"timestamp":1564855437,"path_taken":["M","?","M","?","?","R","M","R","T","E","M","M","R","M","R","BOSS","M","$","M","M","M","R","E"],"build_version":"2019-07-17","purchased_purges":1,"victory":false,"max_hp_per_floor":[75,75,75,75,75,75,75,75,75,75,75,75,75,75,75,75,75,75,75,75,75,75,75,75],"card_choices":[{"not_picked":["Sentinel","Sword Boomerang"],"picked":"Pommel Strike","floor":1},{"not_picked":["Anger","Rage"],"picked":"Flame Barrier","floor":3},{"not_picked":["Flame Barrier","Sever Soul"],"picked":"Searing Blow","floor":5},{"not_picked":["Body Slam","Searing Blow"],"picked":"Disarm","floor":7},{"not_picked":["Pommel Strike","Pummel"],"picked":"Juggernaut","floor":10},{"not_picked":["Bloodletting","Perfected Strike"],"picked":"Spot Weakness","floor":11},{"not_picked":["Metallicize","Dual Wield"],"picked":"Feel No Pain","floor":12},{"not_picked":["Clothesline","Second Wind"],"picked":"True Grit","floor":14},{"not_picked":["Demon Form","Exhume"],"picked":"Offering","floor":16},{"not_picked":["Pummel","Warcry"],"picked":"Battle Trance","floor":18},{"not_picked":["Armaments","Twin Strike"],"picked":"Disarm","floor":20},{"not_picked":["Wild Strike","Perfected Strike"],"picked":"Shrug It Off","floor":21},{"not_picked":["Warcry","Hemokinesis","Sever Soul"],"picked":"SKIP","floor":22}],"player_experience":551171,"relics_obtained":[{"floor":9,"key":"Pen Nib"},{"floor":10,"key":"Letter Opener"}],"event_choices":[{"damage_healed":0,"gold_gain":0,"cards_transformed":["Strike_R"],"player_choice":"Change","damage_taken":0,"max_hp_gain":0,"max_hp_loss":0,"event_name":"Living Wall","floor":2,"gold_loss":0,"cards_obtained":["Blood for Blood"]},{"damage_healed":0,"gold_gain":0,"player_choice":"0 cards matched","damage_taken":0,"max_hp_gain":0,"max_hp_loss":0,"event_name":"Match and Keep!","floor":4,"gold_loss":0,"cards_obtained":[]}],"is_beta":false,"boss_relics":[{"not_picked":["Calling Bell","Black Blood"],"picked":"Mark of Pain"}],"items_purged_floors":[19],"is_endless":false,"potions_floor_spawned":[3,10,11,12,16,22],"killed_by":"Gremlin Leader","ascension_level":19}