{"gold_per_floor":[364,382,362,374,210,242,242,261,316,316,328,328,338,54,54,126,126,126],"floor_reached":18,"playtime":425,"items_purged":["Shame"],"score":324,"play_id":"45371834-f010-4e35-b0c7-a76bc737bef1","local_time":"20190803224431","is_ascension_mode":true,"campfire_choices":[{"floor":7.0,"key":"REST"},{"floor":10.0,"key":"REST"},{"data":"Defragment","floor":12.0,"key":"SMITH"},{"data":"Consume","floor":15.0,"key":"SMITH"}],"neow_cost":"CURSE","seed_source_timestamp":1045016419659800,"circlet_count":0,"master_deck":["AscendersBane","Strike_B","Strike_B","Strike_B","Defend_B","Defend_B","Zap","Dualcast","Double Energy","Self Repair","Sunder","Defragment+1","Consume+1","Beam Cell","Leap","Aggregate+1","Leap+1","Force Field+1"],"special_seed":0,"relics":["Cracked Core","Pantograph","Orichalcum","Pear","Astrolabe"],"potions_floor_usage":[16,16],"damage_taken":[{"damage":7.0,"enemies":"Small Slimes","floor":1.0,"turns":3.0},{"damage":8.0,"enemies":"Cultist","floor":2.0,"turns":4.0},{"damage":3.0,"enemies":"2 Louse","floor":4.0,"turns":4.0},{"damage":44.0,"enemies":"Gremlin Nob","floor":6.0,"turns":4.0},{"damage":16.0,"enemies":"Looter","floor":8.0,"turns":4.0},{"damage":8.0,"enemies":"2 Fungi Beasts","floor":11.0,"turns":3.0},{"damage":8.0,"enemies":"3 Louse","floor":13.0,"turns":3.0},{"damage":66,"enemies":"The Guardian","floor":16,"turns":10},{"damage":69,"enemies":"3 Byrds","floor":18,"turns":4}],"seed_played":"-577309344763147124","potions_obtained":[{"floor":1.0,"key":"AttackPotion"},{"floor":2.0,"key":"FocusPotion"},{"floor":4.0,"key":"LiquidBronze"}],"is_trial":false,"path_per_floor":["M","M","?","M","$","E","R","M","T","R","M","R","M","$","R","B",null,"M"],"character_chosen":"DEFECT","items_purchased":["Defragment","Pear"],"campfire_rested":2,"item_purchase_floors":[5,14],"current_hp_per_floor":[57,49,49,53,53,16,37,28,28,49,48,48,47,57,57,22,66,0],"gold":126,"neow_bonus":"TWO_FIFTY_GOLD","is_prod":false,"is_daily":false,"chose_seed":false,"campfire_upgraded":2,"win_rate":0,"timestamp":1564865071,"path_taken":["M","M","?","M","$","E","R","M","T","R","M","R","M","$","R","BOSS","M"],"build_version":"2019-07-17","purchased_purges":1,"victory":false,"max_hp_per_floor":[71,71,71,71,71,71,71,71,71,71,71,71,71,81,81,81,81,81],"card_choices":[{"not_picked":["Conserve Battery","Streamline"],"picked":"Double Energy","floor":1.0},{"not_picked":["Sweeping Beam","Tempest"],"picked":"Self Repair","floor":2.0},{"not_picked":["FTL","Reinforced Body"],"picked":"Sunder","floor":4.0},{"not_picked":["Reboot","Turbo"],"picked":"Consume","floor":6.0},{"not_picked":["Coolheaded","Stack"],"picked":"Beam Cell","floor":8.0},{"not_picked":["Turbo","Undo"],"picked":"Leap","floor":11.0},{"not_picked":["Rebound","Sweeping Beam","Stack"],"picked":"SKIP","floor":13.0}],"player_experience":414373,"relics_obtained":[{"floor":6.0,"key":"Pantograph"},{"floor":9.0,"key":"Orichalcum"}],"event_choices":[{"damage_healed":0.0,"max_hp_gain":0.0,"max_hp_loss":0.0,"gold_gain":0.0,"event_name":"The Woman in Blue","player_choice":"Bought 1 Potion","floor":3.0,"gold_loss":0.0,"damage_taken":0.0}],"is_beta":false,"boss_relics":[{"not_picked":["Orrery","Tiny House"],"picked":"Astrolabe"}],"items_purged_floors":[5],"is_endless":false,"potions_floor_spawned":[1,2,4],"killed_by":"3 Byrds","ascension_level":20}