{"gold_per_floor":[115,127,127,142,156,156,183,199,271,195,195,208,208,220,220,296,296,310,270],"floor_reached":19,"playtime":431,"items_purged":[],"score":316,"play_id":"dbddfb59-a75a-4a0b-994c-5fd873e49ff0","local_time":"20190729190128","is_ascension_mode":true,"campfire_choices":[{"data":"Loop","floor":6,"key":"SMITH"},{"floor":11,"key":"REST"},{"floor":13,"key":"REST"},{"floor":15,"key":"REST"}],"neow_cost":"NONE","seed_source_timestamp":599749857988100,"circlet_count":0,"master_deck":["AscendersBane","Strike_B","Strike_B","Strike_B","Strike_B","Defend_B","Defend_B","Defend_B","Defend_B","Zap","Dualcast","Ball Lightning","Loop+1","Reinforced Body","Ball Lightning","Capacitor","Defragment","Core Surge+1","Ball Lightning+1","Meteor Strike+1"],"relics":["Cracked Core","NeowsBlessing","Ancient Tea Set","Girya","Molten Egg 2","Lizard Tail"],"potions_floor_usage":[14,16],"damage_taken":[{"damage":0,"enemies":"Small Slimes","floor":1,"turns":1},{"damage":0,"enemies":"Cultist","floor":2,"turns":1},{"damage":0,"enemies":"Jaw Worm","floor":4,"turns":1},{"damage":15,"enemies":"3 Louse","floor":5,"turns":4},{"damage":26,"enemies":"3 Sentries","floor":7,"turns":6},{"damage":3,"enemies":"Blue Slaver","floor":8,"turns":3},{"damage":15,"enemies":"Exordium Wildlife","floor":12,"turns":3},{"damage":0,"enemies":"3 Louse","floor":14,"turns":2},{"damage":52,"enemies":"Hexaghost","floor":16,"turns":7},{"damage":35,"enemies":"Spheric Guardian","floor":18,"turns":6},{"damage":8,"enemies":"2 Thieves","floor":19,"turns":2}],"seed_played":"-1238890611112733539","potions_obtained":[{"floor":5,"key":"GamblersBrew"},{"floor":7,"key":"Explosive Potion"},{"floor":8,"key":"Fire Potion"},{"floor":16,"key":"Ancient Potion"}],"is_trial":false,"path_per_floor":["M","M","?","M","M","R","E","M","T","$","R","M","R","M","R","B",null,"M","M"],"character_chosen":"DEFECT","items_purchased":["Defragment"],"campfire_rested":3,"item_purchase_floors":[10],"current_hp_per_floor":[64,64,64,64,49,49,23,20,20,20,41,26,47,47,68,16,57,22,14],"gold":270,"neow_bonus":"THREE_ENEMY_KILL","is_prod":false,"is_daily":false,"chose_seed":false,"campfire_upgraded":1,"win_rate":0,"timestamp":1564419688,"path_taken":["M","M","?","?","M","R","E","M","T","$","R","?","R","M","R","BOSS","M","M"],"build_version":"2019-07-17","purchased_purges":0,"victory":false,"max_hp_per_floor":[71,71,71,71,71,71,71,71,71,71,71,71,71,71,71,71,71,71,71],"card_choices":[{"not_picked":["Sweeping Beam","Stack"],"picked":"Ball Lightning","floor":1},{"not_picked":["Hologram","Fusion"],"picked":"Loop","floor":2},{"not_picked":["Aggregate","Sweeping Beam","Force Field"],"picked":"SKIP","floor":4},{"not_picked":["Ball Lightning","Compile Driver"],"picked":"Reinforced Body","floor":5},{"not_picked":["Sweeping Beam","Rebound"],"picked":"Ball Lightning","floor":7},{"not_picked":["Steam","Recycle"],"picked":"Capacitor","floor":8},{"not_picked":["Redo","Reinforced Body"],"picked":"Core Surge+1","floor":12},{"not_picked":["Compile Driver+1","Steam"],"picked":"Ball Lightning+1","floor":14},{"not_picked":["Hyperbeam+1","Rainbow"],"picked":"Meteor Strike+1","floor":16},{"not_picked":["Conserve Battery","Leap","Steam Power"],"picked":"SKIP","floor":18}],"player_experience":380836,"relics_obtained":[{"floor":3,"key":"Ancient Tea Set"},{"floor":7,"key":"Girya"},{"floor":9,"key":"Molten Egg 2"}],"event_choices":[{"damage_healed":0,"gold_gain":0,"player_choice":"Relic","damage_taken":0,"max_hp_gain":0,"max_hp_loss":0,"event_name":"Wheel of Change","floor":3,"gold_loss":0}],"is_beta":false,"boss_relics":[{"not_picked":["Velvet Choker","Cursed Key"],"picked":"Lizard Tail"}],"items_purged_floors":[],"is_endless":false,"potions_floor_spawned":[5,7,8,12,16],"killed_by":"2 Thieves","ascension_level":17}