{"gold_per_floor":[112,20,39,51,51,76,76,95,95,158,169,180,207,239,239,317,317,317,317,317,317,317,317],"floor_reached":23,"playtime":1092,"items_purged":[],"score":433,"play_id":"c3223443-bdf9-4dd6-b27a-25561001aa93","local_time":"20190712174857","is_ascension_mode":true,"campfire_choices":[{"data":"Body Slam","floor":7,"key":"SMITH"},{"data":"PanicButton","floor":15,"key":"SMITH"}],"neow_cost":"PERCENT_DAMAGE","seed_source_timestamp":171266373825579,"circlet_count":0,"master_deck":["AscendersBane","Strike_R+1","Strike_R+1","Strike_R+1","Strike_R+1","Strike_R+1","Defend_R+1","Defend_R+1","Defend_R+1","Defend_R+1","Bash","Juggernaut","Body Slam+1","PanicButton+1","Shrug It Off","Power Through","Feed","Body Slam","True Grit","Feed","Impervious","Whirlwind","Disarm"],"relics":["Burning Blood","GremlinMask","Happy Flower","Bottled Tornado","Smiling Mask","Shuriken","Ectoplasm"],"potions_floor_usage":[6,14,18,23],"damage_taken":[{"damage":7,"enemies":"Cultist","floor":1,"turns":4},{"damage":9,"enemies":"Small Slimes","floor":3,"turns":4},{"damage":0,"enemies":"2 Louse","floor":4,"turns":2},{"damage":22,"enemies":"Lagavulin","floor":6,"turns":7},{"damage":0,"enemies":"Blue Slaver","floor":8,"turns":2},{"damage":6,"enemies":"Exordium Thugs","floor":11,"turns":4},{"damage":1,"enemies":"2 Fungi Beasts","floor":12,"turns":3},{"damage":0,"enemies":"Gremlin Nob","floor":14,"turns":3},{"damage":30,"enemies":"Hexaghost","floor":16,"turns":12},{"damage":11,"enemies":"3 Byrds","floor":18,"turns":6},{"damage":25,"enemies":"Shell Parasite","floor":19,"turns":6},{"damage":14,"enemies":"Chosen and Byrds","floor":22,"turns":8},{"damage":51,"enemies":"Slavers","floor":23,"turns":5}],"seed_played":"1668306337518641712","potions_obtained":[{"floor":1,"key":"PowerPotion"},{"floor":8,"key":"Block Potion"},{"floor":11,"key":"Swift Potion"},{"floor":14,"key":"EssenceOfSteel"},{"floor":19,"key":"Ancient Potion"}],"is_trial":false,"path_per_floor":["M","$","M","M","?","E","R","M","T","?","M","M","T","E","R","B",null,"M","M","?","?","M","E"],"character_chosen":"IRONCLAD","items_purchased":["PanicButton"],"campfire_rested":0,"item_purchase_floors":[2],"current_hp_per_floor":[49,49,46,52,52,36,36,42,42,42,42,47,47,53,53,32,67,65,49,49,49,44,0],"gold":317,"neow_bonus":"THREE_RARE_CARDS","is_prod":false,"is_daily":false,"chose_seed":false,"campfire_upgraded":2,"win_rate":0,"timestamp":1562971737,"path_taken":["M","$","M","?","?","E","R","?","T","?","M","M","?","E","R","BOSS","M","M","?","?","M","E"],"build_version":"2019-07-05","purchased_purges":0,"victory":false,"max_hp_per_floor":[75,75,75,75,75,75,75,75,75,75,75,75,75,75,75,78,78,81,84,84,84,87,90],"card_choices":[{"not_picked":["Reaper","Limit Break"],"picked":"Juggernaut","floor":0},{"not_picked":["Rupture","Fire Breathing"],"picked":"Body Slam","floor":1},{"not_picked":["Iron Wave","True Grit"],"picked":"Shrug It Off","floor":3},{"not_picked":["Wild Strike","Clash","Flex"],"picked":"SKIP","floor":4},{"not_picked":["Twin Strike","Pommel Strike"],"picked":"Power Through","floor":6},{"not_picked":["Armaments","Wild Strike"],"picked":"Feed","floor":8},{"not_picked":["Wild Strike","Warcry"],"picked":"Body Slam","floor":11},{"not_picked":["Thunderclap","Warcry"],"picked":"True Grit","floor":12},{"not_picked":["Thunderclap","Carnage"],"picked":"Feed","floor":14},{"not_picked":["Demon Form","Juggernaut"],"picked":"Impervious","floor":16},{"not_picked":["Body Slam","Clothesline"],"picked":"Whirlwind","floor":18},{"not_picked":["Armaments+1","True Grit"],"picked":"Disarm","floor":19},{"not_picked":["Warcry","Searing Blow","Wild Strike"],"picked":"SKIP","floor":22}],"player_experience":476977,"relics_obtained":[{"floor":6,"key":"Happy Flower"},{"floor":9,"key":"Bottled Tornado"},{"floor":13,"key":"Smiling Mask"},{"floor":14,"key":"Shuriken"}],"event_choices":[{"damage_healed":0,"gold_gain":0,"player_choice":"Trade","damage_taken":0,"relics_obtained":["GremlinMask"],"max_hp_gain":0,"max_hp_loss":0,"event_name":"FaceTrader","floor":5,"gold_loss":0},{"damage_healed":0,"gold_gain":63,"player_choice":"Gained Gold","damage_taken":0,"max_hp_gain":0,"max_hp_loss":0,"event_name":"Golden Wing","floor":10,"gold_loss":0},{"damage_healed":0,"gold_gain":50,"player_choice":"Stole From Cult","damage_taken":0,"max_hp_gain":0,"max_hp_loss":0,"event_name":"Nest","floor":20,"gold_loss":0},{"damage_healed":0,"gold_gain":0,"player_choice":"Simplicity","damage_taken":0,"max_hp_gain":0,"max_hp_loss":0,"event_name":"Back to Basics","floor":21,"gold_loss":0,"cards_upgraded":["Strike_R","Strike_R","Strike_R","Strike_R","Strike_R","Defend_R","Defend_R","Defend_R","Defend_R"]}],"is_beta":false,"boss_relics":[{"not_picked":["Busted Crown","Runic Cube"],"picked":"Ectoplasm"}],"items_purged_floors":[],"is_endless":false,"potions_floor_spawned":[1,8,11,14,19],"killed_by":"Slavers","ascension_level":18}