{"gold_per_floor":[112,112,28,40,52,52,85,85,85,85,46,80,80,93,93,93],"floor_reached":16,"playtime":531,"items_purged":[],"score":211,"play_id":"9a19558d-3115-4ec2-b56c-90cfd8aaaca1","local_time":"20190723222504","is_ascension_mode":true,"campfire_choices":[{"data":"Carnage","floor":6,"key":"SMITH"},{"floor":8,"key":"REST"},{"data":"Searing Blow","floor":10,"key":"SMITH"},{"floor":15,"key":"REST"}],"neow_cost":"PERCENT_DAMAGE","seed_source_timestamp":96586588388004,"circlet_count":0,"master_deck":["AscendersBane","Strike_R","Strike_R","Strike_R","Strike_R","Defend_R","Defend_R","Defend_R","Defend_R","Bash","Sword Boomerang","Carnage+1","Searing Blow+1","Havoc","Dropkick","Flame Barrier","Feel No Pain","Iron Wave"],"relics":["Burning Blood","Turnip","Ornamental Fan","Singing Bowl","Art of War"],"potions_floor_usage":[7,16],"damage_taken":[{"damage":7,"enemies":"2 Louse","floor":1,"turns":3},{"damage":7,"enemies":"Jaw Worm","floor":4,"turns":2},{"damage":10,"enemies":"Small Slimes","floor":5,"turns":3},{"damage":47,"enemies":"Lagavulin","floor":7,"turns":6},{"damage":7,"enemies":"Gremlin Nob","floor":12,"turns":3},{"damage":9,"enemies":"3 Louse","floor":14,"turns":4},{"damage":74,"enemies":"Slime Boss","floor":16,"turns":9}],"seed_played":"5412588373039584266","potions_obtained":[{"floor":4,"key":"FearPotion"},{"floor":14,"key":"AttackPotion"}],"is_trial":false,"path_per_floor":["M","?","$","M","M","R","E","R","T","R","$","E","?","M","R","B"],"character_chosen":"IRONCLAD","items_purchased":["Carnage","Flame Barrier"],"campfire_rested":2,"item_purchase_floors":[3,11],"current_hp_per_floor":[49,74,74,73,69,69,28,50,50,50,50,49,42,39,61,0],"gold":93,"neow_bonus":"ONE_RARE_RELIC","is_prod":false,"is_daily":false,"chose_seed":false,"campfire_upgraded":2,"win_rate":0,"timestamp":1563938704,"path_taken":["M","?","$","M","M","R","E","R","T","R","$","E","?","M","R","BOSS"],"build_version":"2019-07-17","purchased_purges":0,"victory":false,"max_hp_per_floor":[75,75,75,75,75,75,75,75,75,75,75,75,75,75,75,75],"card_choices":[{"not_picked":["Anger","Flex"],"picked":"Sword Boomerang","floor":1},{"not_picked":["Armaments","Ghostly Armor"],"picked":"Searing Blow","floor":4},{"not_picked":["Carnage","Clash"],"picked":"Havoc","floor":5},{"not_picked":["Havoc","Body Slam"],"picked":"Dropkick","floor":7},{"not_picked":["Headbutt","Cleave"],"picked":"Feel No Pain","floor":12},{"not_picked":["Blood for Blood","Armaments"],"picked":"Iron Wave","floor":14}],"player_experience":529387,"relics_obtained":[{"floor":7,"key":"Ornamental Fan"},{"floor":9,"key":"Singing Bowl"},{"floor":12,"key":"Art of War"}],"event_choices":[{"damage_healed":25,"gold_gain":0,"player_choice":"Banana","damage_taken":0,"max_hp_gain":0,"max_hp_loss":0,"event_name":"Big Fish","floor":2,"gold_loss":0},{"cards_removed":["Strike_R"],"damage_healed":0,"gold_gain":0,"player_choice":"Card Removal","damage_taken":7,"max_hp_gain":0,"max_hp_loss":0,"event_name":"Golden Wing","floor":13,"gold_loss":0}],"is_beta":false,"boss_relics":[],"items_purged_floors":[],"is_endless":false,"potions_floor_spawned":[4,14],"killed_by":"Slime Boss","ascension_level":19}