{"gold_per_floor":[118,118,133,133,133,164,184,184,184,202,237,252,252,252,252,348,348,367,367,383,383,363,363,381,381],"floor_reached":25,"playtime":590,"items_purged":[],"score":437,"play_id":"f3ddbbb5-802e-4445-8fde-20f4d0301640","local_time":"20190728190255","is_ascension_mode":true,"campfire_choices":[{"data":"Zap","floor":8,"key":"SMITH"},{"floor":13,"key":"REST"},{"floor":15,"key":"REST"},{"floor":23,"key":"REST"}],"neow_cost":"NONE","seed_source_timestamp":513278906847900,"circlet_count":0,"master_deck":["AscendersBane","Strike_B","Strike_B","Strike_B","Defend_B","Defend_B","Defend_B","Defend_B","Zap+1","Dualcast","Gash","Melter","Heatsinks+1","Chill","Electrodynamics+1","Writhe","Shame","Shame","Static Discharge+1","Reinforced Body"],"relics":["Cracked Core","NeowsBlessing","Frozen Egg 2","Symbiotic Virus","Ancient Tea Set","Golden Idol","Calling Bell","Lantern","Blue Candle","Bird Faced Urn"],"potions_floor_usage":[16,24,24,24,25],"damage_taken":[{"damage":0,"enemies":"2 Louse","floor":1,"turns":1},{"damage":0,"enemies":"Cultist","floor":3,"turns":1},{"damage":0,"enemies":"Lagavulin","floor":6,"turns":1},{"damage":5,"enemies":"Small Slimes","floor":7,"turns":3},{"damage":6,"enemies":"3 Louse","floor":10,"turns":2},{"damage":22,"enemies":"3 Sentries","floor":11,"turns":10},{"damage":2,"enemies":"2 Fungi Beasts","floor":12,"turns":3},{"damage":17,"enemies":"The Guardian","floor":16,"turns":12},{"damage":43,"enemies":"Shell Parasite","floor":18,"turns":4},{"damage":23,"enemies":"Chosen","floor":20,"turns":4},{"damage":25,"enemies":"Snake Plant","floor":24,"turns":2},{"damage":17,"enemies":"Sentry and Sphere","floor":25,"turns":2}],"seed_played":"3538366952537647705","potions_obtained":[{"floor":10,"key":"Weak Potion"},{"floor":11,"key":"LiquidBronze"},{"floor":20,"key":"EntropicBrew"},{"floor":24,"key":"Explosive Potion"}],"is_trial":false,"path_per_floor":["M","$","M","?","?","E","M","R","T","M","E","M","R","?","R","B",null,"M","?","M","?","?","R","M","M"],"character_chosen":"DEFECT","items_purchased":[],"campfire_rested":3,"item_purchase_floors":[],"current_hp_per_floor":[64,64,64,57,47,47,42,42,42,36,14,12,33,33,52,35,57,18,31,14,14,14,33,12,0],"gold":381,"neow_bonus":"THREE_ENEMY_KILL","is_prod":false,"is_daily":false,"chose_seed":false,"campfire_upgraded":1,"win_rate":0,"timestamp":1564333375,"path_taken":["M","$","M","?","?","E","M","R","T","?","E","M","R","?","R","BOSS","M","?","M","?","?","R","?","M"],"build_version":"2019-07-17","purchased_purges":0,"victory":false,"max_hp_per_floor":[71,71,71,71,71,71,71,71,71,71,71,71,71,64,64,64,64,64,64,64,64,64,64,64,64],"card_choices":[{"not_picked":["Compile Driver","Steam","Redo"],"picked":"SKIP","floor":1},{"not_picked":["Rebound","Redo"],"picked":"Gash","floor":3},{"not_picked":["Stack","Beam Cell"],"picked":"Melter","floor":6},{"not_picked":["Force Field","Turbo"],"picked":"Heatsinks+1","floor":7},{"not_picked":["Hologram","Turbo"],"picked":"Chill","floor":10},{"not_picked":["Force Field","Stack","Compile Driver"],"picked":"SKIP","floor":11},{"not_picked":["Coolheaded","Genetic Algorithm","Blizzard"],"picked":"SKIP","floor":12},{"not_picked":["Buffer+1","Creative AI+1"],"picked":"Electrodynamics+1","floor":16},{"not_picked":["Auto Shields","White Noise"],"picked":"Static Discharge+1","floor":18},{"not_picked":["Barrage","Gash"],"picked":"Reinforced Body","floor":20},{"not_picked":["Sweeping Beam","Stack","Cold Snap"],"picked":"SKIP","floor":24}],"player_experience":380246,"relics_obtained":[{"floor":6,"key":"Frozen Egg 2"},{"floor":9,"key":"Symbiotic Virus"},{"floor":11,"key":"Ancient Tea Set"},{"floor":17,"key":"Lantern"},{"floor":17,"key":"Blue Candle"},{"floor":17,"key":"Bird Faced Urn"}],"event_choices":[{"cards_removed":["Strike_B"],"damage_healed":0,"gold_gain":0,"player_choice":"Card Removal","damage_taken":7,"max_hp_gain":0,"max_hp_loss":0,"event_name":"Golden Wing","floor":4,"gold_loss":0},{"damage_healed":0,"gold_gain":0,"player_choice":"Damaged","damage_taken":10,"max_hp_gain":0,"max_hp_loss":0,"event_name":"Wheel of Change","floor":5,"gold_loss":0},{"damage_healed":0,"gold_gain":0,"player_choice":"Lose Max HP","damage_taken":0,"relics_obtained":["Golden Idol"],"max_hp_gain":0,"max_hp_loss":7,"event_name":"Golden Idol","floor":14,"gold_loss":0},{"damage_healed":13,"gold_gain":0,"player_choice":"Heal","damage_taken":0,"max_hp_gain":0,"max_hp_loss":0,"event_name":"The Library","floor":19,"gold_loss":0},{"damage_healed":0,"gold_gain":0,"player_choice":"Ignored","damage_taken":0,"max_hp_gain":0,"max_hp_loss":0,"event_name":"Vampires","floor":21,"gold_loss":0},{"damage_healed":0,"gold_gain":0,"player_choice":"Bought 1 Potion","damage_taken":0,"max_hp_gain":0,"max_hp_loss":0,"event_name":"The Woman in Blue","floor":22,"gold_loss":0}],"is_beta":false,"boss_relics":[{"not_picked":["Philosopher\u0027s Stone","Runic Pyramid"],"picked":"Calling Bell"}],"items_purged_floors":[],"is_endless":false,"potions_floor_spawned":[10,11,20,24],"killed_by":"Sentry and Sphere","ascension_level":17}