{"gold_per_floor":[119,137,137,151,151,151,151,165,189,37,37,56,69,85,85,183,183,202,222,182,196,210,210,210,210,210,210,230,230,230,249,249,249],"floor_reached":33,"playtime":3979,"items_purged":[],"score":241,"play_id":"f990f242-333f-46a6-bf93-0f3a79e53c98","local_time":"20190804084842","is_ascension_mode":false,"campfire_choices":[{"data":"Metallicize","floor":6,"key":"SMITH"},{"floor":15,"key":"REST"},{"floor":23,"key":"REST"},{"floor":25,"key":"REST"},{"data":"Armaments","floor":27,"key":"SMITH"},{"floor":29,"key":"REST"},{"floor":32,"key":"REST"}],"neow_cost":"","seed_source_timestamp":671800699013100,"circlet_count":0,"master_deck":["Strike_R","Strike_R","Strike_R","Strike_R","Defend_R","Defend_R","Defend_R","Defend_R","Bash","Flame Barrier","Headbutt+1","Metallicize+1","Iron Wave","Double Tap","Iron Wave","Iron Wave","Uppercut","Berserk","Fire Breathing","Twin Strike","Armaments+1","Anger","Infernal Blade+1","Power Through+1","Warcry+1"],"relics":["Black Blood","Ancient Tea Set","Blood Vial"],"potions_floor_usage":[16,18,19,28,28],"damage_taken":[{"damage":5,"enemies":"Jaw Worm","floor":1,"turns":5},{"damage":0,"enemies":"2 Louse","floor":2,"turns":3},{"damage":1,"enemies":"Cultist","floor":4,"turns":3},{"damage":35,"enemies":"Gremlin Gang","floor":8,"turns":7},{"damage":29,"enemies":"Exordium Thugs","floor":12,"turns":6},{"damage":10,"enemies":"Looter","floor":13,"turns":3},{"damage":11,"enemies":"Lots of Slimes","floor":14,"turns":5},{"damage":44,"enemies":"The Guardian","floor":16,"turns":14},{"damage":26,"enemies":"Spheric Guardian","floor":18,"turns":5},{"damage":14,"enemies":"Chosen","floor":19,"turns":5},{"damage":47,"enemies":"Snake Plant","floor":21,"turns":7},{"damage":18,"enemies":"Snecko","floor":22,"turns":6},{"damage":55,"enemies":"3 Cultists","floor":28,"turns":7},{"damage":33,"enemies":"Sentry and Sphere","floor":31,"turns":6},{"damage":96,"enemies":"Champ","floor":33,"turns":16}],"seed_played":"6136268676026958330","potions_obtained":[{"floor":1,"key":"Block Potion"},{"floor":4,"key":"Swift Potion"},{"floor":8,"key":"Strength Potion"},{"floor":13,"key":"Ancient Potion"},{"floor":20,"key":"SpeedPotion"},{"floor":20,"key":"FearPotion"},{"floor":20,"key":"FairyPotion"},{"floor":21,"key":"BloodPotion"}],"is_trial":false,"path_per_floor":["M","M","?","M","?","R","?","M","T","$","$","M","M","M","R","B",null,"M","M","?","M","M","R","?","R","T","R","M","R","?","M","R","B"],"character_chosen":"IRONCLAD","items_purchased":["Double Tap"],"campfire_rested":5,"item_purchase_floors":[10],"current_hp_per_floor":[80,80,80,80,80,80,85,56,56,56,56,33,29,24,49,11,85,69,65,65,28,20,45,45,70,70,70,48,73,73,52,77,0],"gold":249,"neow_bonus":"","is_prod":false,"is_daily":false,"chose_seed":false,"campfire_upgraded":2,"win_rate":0.0,"timestamp":1564922922,"path_taken":["M","M","?","M","?","R","?","M","T","?","$","M","?","?","R","BOSS","M","M","?","M","?","R","?","R","T","R","?","R","?","M","R","BOSS"],"build_version":"2019-07-17","purchased_purges":0,"victory":false,"max_hp_per_floor":[80,80,80,80,80,80,85,85,85,85,85,85,85,85,85,85,85,85,85,85,85,85,85,85,85,85,85,85,85,85,85,85,85],"card_choices":[{"not_picked":["Shrug It Off","Carnage"],"picked":"Flame Barrier","floor":1},{"not_picked":["Ghostly Armor","Pommel Strike"],"picked":"Headbutt","floor":2},{"not_picked":["Whirlwind","Clash"],"picked":"Metallicize","floor":4},{"not_picked":["Entrench","Flex"],"picked":"Iron Wave","floor":8},{"not_picked":["Uppercut","Entrench"],"picked":"Iron Wave","floor":12},{"not_picked":["Feel No Pain","Shrug It Off"],"picked":"Iron Wave","floor":13},{"not_picked":["Iron Wave","Shrug It Off"],"picked":"Uppercut","floor":14},{"not_picked":["Double Tap","Brutality"],"picked":"Berserk","floor":16},{"not_picked":["Warcry","Clothesline"],"picked":"Fire Breathing","floor":18},{"not_picked":["Corruption","Blood for Blood+1"],"picked":"Twin Strike","floor":19},{"not_picked":["Battle Trance+1","Body Slam"],"picked":"Armaments","floor":21},{"not_picked":["Twin Strike","Perfected Strike"],"picked":"Anger","floor":22},{"not_picked":["Corruption","Flex"],"picked":"Power Through+1","floor":28},{"not_picked":["Disarm+1","Power Through"],"picked":"Warcry+1","floor":31}],"player_experience":0,"relics_obtained":[{"floor":9,"key":"Ancient Tea Set"},{"floor":26,"key":"Blood Vial"}],"event_choices":[{"damage_healed":0,"gold_gain":0,"player_choice":"Grow","damage_taken":0,"max_hp_gain":0,"max_hp_loss":0,"event_name":"Living Wall","floor":3,"gold_loss":0,"cards_upgraded":["Headbutt"]},{"damage_healed":0,"gold_gain":0,"player_choice":"Ignored","damage_taken":0,"max_hp_gain":0,"max_hp_loss":0,"event_name":"Liars Game","floor":5,"gold_loss":0},{"damage_healed":0,"gold_gain":0,"player_choice":"Donut","damage_taken":0,"max_hp_gain":5,"max_hp_loss":0,"event_name":"Big Fish","floor":7,"gold_loss":0},{"damage_healed":0,"gold_gain":0,"player_choice":"Bought 3 Potions","damage_taken":0,"max_hp_gain":0,"max_hp_loss":0,"event_name":"The Woman in Blue","floor":20,"gold_loss":0},{"damage_healed":0,"gold_gain":0,"cards_transformed":["Strike_R"],"player_choice":"Transformed","damage_taken":0,"max_hp_gain":0,"max_hp_loss":0,"event_name":"Transmorgrifier","floor":24,"gold_loss":0,"cards_obtained":["Infernal Blade"]},{"damage_healed":0,"gold_gain":0,"player_choice":"Upgraded","damage_taken":0,"max_hp_gain":0,"max_hp_loss":0,"event_name":"Upgrade Shrine","floor":30,"gold_loss":0,"cards_upgraded":["Infernal Blade"]}],"is_beta":false,"boss_relics":[{"not_picked":["Lizard Tail","Cursed Key"],"picked":"Black Blood"}],"items_purged_floors":[],"is_endless":false,"potions_floor_spawned":[1,4,8,13,21],"killed_by":"Champ","ascension_level":0}