{"gold_per_floor":[13,25,37,112,97,97,97,111,192,221,221,221,0,30,30,127,127,137,153,171,191,204,238,238,249,249,276,286,343,358,55,55,157,157,170,183,193,46,60,85,85,105,156,189,206,0,14,33,33,33],"floor_reached":51,"playtime":3938,"items_purged":["Strike_R","Strike_R","Shame"],"score":1052,"play_id":"73c22812-d525-45c2-b5ca-8a4aa90667c3","local_time":"20190721124051","is_ascension_mode":false,"campfire_choices":[{"data":"Wild Strike","floor":6,"key":"SMITH"},{"data":"Bludgeon","floor":12,"key":"SMITH"},{"data":"Infernal Blade","floor":15,"key":"SMITH"},{"data":"Corruption","floor":24,"key":"SMITH"},{"data":"Barricade","floor":32,"key":"SMITH"},{"data":"Mind Blast","floor":41,"key":"SMITH"},{"data":"True Grit","floor":49,"key":"SMITH"}],"neow_cost":"NO_GOLD","seed_source_timestamp":0,"circlet_count":0,"master_deck":["Defend_R","Defend_R","Defend_R","Defend_R","Bash","Wild Strike+1","Metallicize","Flame Barrier","Reckless Charge","Power Through","Bludgeon+1","Infernal Blade+1","Evolve","Clothesline","Offering","Warcry+1","Pommel Strike","Corruption+1","True Grit","Whirlwind","Dual Wield","Sentinel+1","Shrug It Off","Armaments","Shrug It Off","Body Slam+1","Shrug It Off","Rupture","True Grit+1","Intimidate+1","Barricade+1","Shrug It Off","Master of Strategy","Battle Trance","Reaper","Barricade+1","Flame Barrier+1","Pommel Strike+1","Havoc+1","Ghostly Armor+1","Second Wind+1","Armaments+1","Shrug It Off","Mind Blast+1","Havoc+1","Offering","Doubt","Shrug It Off+1","Offering","Impervious"],"relics":["Burning Blood","Dead Branch","Ornamental Fan","Prayer Wheel","Meat on the Bone","Odd Mushroom","Cursed Key","Smiling Mask","Blue Candle","Gambling Chip","Tiny Chest","Astrolabe","The Courier","Pen Nib","Dodecahedron","Red Mask"],"potions_floor_usage":[16,16,29,33,42],"damage_taken":[{"damage":5,"enemies":"2 Louse","floor":1,"turns":3},{"damage":8,"enemies":"Small Slimes","floor":2,"turns":2},{"damage":3,"enemies":"Cultist","floor":3,"turns":3},{"damage":13,"enemies":"Exordium Thugs","floor":5,"turns":4},{"damage":9,"enemies":"Looter","floor":8,"turns":3},{"damage":18,"enemies":"Gremlin Nob","floor":10,"turns":4},{"damage":7,"enemies":"The Mushroom Lair","floor":14,"turns":9},{"damage":0,"enemies":"Slime Boss","floor":16,"turns":6},{"damage":10,"enemies":"Chosen","floor":18,"turns":3},{"damage":7,"enemies":"2 Thieves","floor":19,"turns":4},{"damage":16,"enemies":"Centurion and Healer","floor":20,"turns":5},{"damage":12,"enemies":"Cultist and Chosen","floor":21,"turns":3},{"damage":9,"enemies":"Snecko","floor":22,"turns":3},{"damage":12,"enemies":"Gremlin Leader","floor":23,"turns":4},{"damage":0,"enemies":"Sentry and Sphere","floor":25,"turns":5},{"damage":6,"enemies":"Book of Stabbing","floor":27,"turns":1},{"damage":10,"enemies":"Centurion and Healer","floor":28,"turns":4},{"damage":22,"enemies":"Slavers","floor":29,"turns":5},{"damage":18,"enemies":"Snake Plant","floor":30,"turns":3},{"damage":6,"enemies":"Champ","floor":33,"turns":8},{"damage":2,"enemies":"Orb Walker","floor":35,"turns":3},{"damage":7,"enemies":"3 Darklings","floor":36,"turns":4},{"damage":6,"enemies":"Spire Growth","floor":37,"turns":1},{"damage":14,"enemies":"Jaw Worm Horde","floor":39,"turns":5},{"damage":6,"enemies":"Giant Head","floor":40,"turns":3},{"damage":25,"enemies":"Transient","floor":42,"turns":5},{"damage":25,"enemies":"Reptomancer","floor":44,"turns":6},{"damage":16,"enemies":"4 Shapes","floor":45,"turns":4},{"damage":24,"enemies":"Spire Growth","floor":47,"turns":3},{"damage":2,"enemies":"3 Darklings","floor":48,"turns":3},{"damage":48,"enemies":"Awakened One","floor":50,"turns":6}],"seed_played":"3168594940242942","potions_obtained":[{"floor":3,"key":"Energy Potion"},{"floor":5,"key":"EntropicBrew"},{"floor":7,"key":"GamblersBrew"},{"floor":7,"key":"Energy Potion"},{"floor":18,"key":"SpeedPotion"},{"floor":19,"key":"SpeedPotion"},{"floor":33,"key":"LiquidBronze"},{"floor":35,"key":"Block Potion"},{"floor":47,"key":"Ancient Potion"}],"is_trial":false,"path_per_floor":["M","M","M","?","M","R","?","M","T","E","T","R","$","?","R","B",null,"M","M","M","M","M","E","R","M","T","E","M","E","M","$","R","B",null,"M","M","M","$","M","E","R","M","T","E","M","?","M","M","R","B",null],"character_chosen":"IRONCLAD","items_purchased":["Infernal Blade","Evolve","Master of Strategy","Battle Trance","Mind Blast"],"campfire_rested":0,"item_purchase_floors":[13,13,31,31,38],"current_hp_per_floor":[80,78,80,69,62,62,62,59,59,47,47,47,47,58,58,64,80,76,75,65,59,56,50,50,56,56,56,52,48,48,48,48,48,80,80,79,79,79,71,71,71,52,52,47,61,61,53,57,57,38],"gold":33,"neow_bonus":"ONE_RARE_RELIC","is_prod":false,"is_daily":false,"chose_seed":true,"campfire_upgraded":7,"win_rate":0,"timestamp":1563730851,"path_taken":["M","M","M","?","M","R","?","?","T","E","?","R","$","?","R","BOSS","M","M","M","M","M","E","R","M","T","E","M","E","M","$","R","BOSS","M","M","M","$","M","E","R","M","T","E","M","?","M","M","R","BOSS"],"build_version":"2019-07-17","purchased_purges":3,"victory":true,"max_hp_per_floor":[80,80,80,80,80,80,80,80,80,80,80,80,80,80,80,80,80,80,80,80,80,80,80,80,80,80,80,80,80,80,80,80,80,80,80,80,80,80,80,80,80,80,80,80,80,80,80,80,80,80],"card_choices":[{"not_picked":["Heavy Blade","Pommel Strike"],"picked":"Wild Strike","floor":1},{"not_picked":["Pommel Strike","Headbutt"],"picked":"Metallicize","floor":2},{"not_picked":["Disarm","Carnage"],"picked":"Flame Barrier","floor":3},{"not_picked":["Sword Boomerang","Havoc"],"picked":"Reckless Charge","floor":5},{"not_picked":["Entrench","Wild Strike"],"picked":"Power Through","floor":8},{"not_picked":["Second Wind","Sentinel"],"picked":"Bludgeon","floor":10},{"not_picked":["Cleave","Rampage"],"picked":"Clothesline","floor":14},{"not_picked":["Dark Embrace","Double Tap"],"picked":"Offering","floor":16},{"not_picked":["Clash","Heavy Blade"],"picked":"Warcry+1","floor":18},{"not_picked":["Pommel Strike","Thunderclap","Iron Wave"],"picked":"SKIP","floor":18},{"not_picked":["Thunderclap","Iron Wave"],"picked":"Pommel Strike","floor":18},{"not_picked":["Evolve","Armaments"],"picked":"Corruption","floor":19},{"not_picked":["Pommel Strike","Warcry"],"picked":"True Grit","floor":19},{"not_picked":["Havoc","True Grit"],"picked":"Whirlwind","floor":20},{"not_picked":["Iron Wave","Warcry"],"picked":"Dual Wield","floor":20},{"not_picked":["Heavy Blade","Immolate"],"picked":"Sentinel+1","floor":21},{"not_picked":["Flex","Twin Strike+1","Armaments"],"picked":"SKIP","floor":21},{"not_picked":["Heavy Blade","Thunderclap"],"picked":"Shrug It Off","floor":22},{"not_picked":["Twin Strike","Uppercut"],"picked":"Armaments","floor":22},{"not_picked":["Twin Strike+1","Bludgeon"],"picked":"Shrug It Off","floor":23},{"not_picked":["Flex","Searing Blow"],"picked":"Body Slam+1","floor":25},{"not_picked":["Armaments","Power Through"],"picked":"Shrug It Off","floor":25},{"not_picked":["Heavy Blade","Anger","Wild Strike"],"picked":"SKIP","floor":27},{"not_picked":["Sword Boomerang","Intimidate"],"picked":"Rupture","floor":28},{"not_picked":["Evolve","Sword Boomerang"],"picked":"True Grit","floor":28},{"not_picked":["Fire Breathing","Thunderclap"],"picked":"Intimidate+1","floor":29},{"not_picked":["Wild Strike","Whirlwind"],"picked":"Barricade","floor":30},{"not_picked":["Iron Wave","Clash"],"picked":"Shrug It Off","floor":30},{"not_picked":["Feed","Berserk"],"picked":"Reaper","floor":33},{"not_picked":["Thunderclap","Twin Strike"],"picked":"Havoc+1","floor":35},{"not_picked":["Fire Breathing","Rage","Clothesline"],"picked":"SKIP","floor":35},{"not_picked":["Flex+1","True Grit"],"picked":"Ghostly Armor+1","floor":36},{"not_picked":["Evolve+1","Armaments"],"picked":"Second Wind+1","floor":36},{"not_picked":["Headbutt+1","Bludgeon"],"picked":"Armaments+1","floor":37},{"not_picked":["Armaments","Dropkick+1"],"picked":"Shrug It Off","floor":37},{"not_picked":["Dropkick","Reckless Charge+1","Thunderclap+1"],"picked":"SKIP","floor":39},{"not_picked":["Heavy Blade+1","Wild Strike","Anger"],"picked":"SKIP","floor":39},{"not_picked":["Ghostly Armor+1","Blood for Blood","Carnage"],"picked":"SKIP","floor":40},{"not_picked":["True Grit","Iron Wave"],"picked":"Havoc+1","floor":42},{"not_picked":["Infernal Blade+1","Shrug It Off+1"],"picked":"Offering","floor":42},{"not_picked":["Wild Strike+1","Clash+1"],"picked":"Shrug It Off+1","floor":44},{"not_picked":["Clothesline+1","Flex+1"],"picked":"Offering","floor":45},{"not_picked":["Pommel Strike+1","Heavy Blade","Clothesline"],"picked":"SKIP","floor":45},{"not_picked":["Shrug It Off","Sword Boomerang+1","Pommel Strike+1"],"picked":"SKIP","floor":47},{"not_picked":["Ghostly Armor","Cleave","Flex"],"picked":"SKIP","floor":47},{"not_picked":["Seeing Red","Anger+1"],"picked":"Impervious","floor":48},{"not_picked":["Flex","Havoc","Reckless Charge+1"],"picked":"SKIP","floor":48}],"player_experience":513053,"relics_obtained":[{"floor":9,"key":"Ornamental Fan"},{"floor":10,"key":"Prayer Wheel"},{"floor":11,"key":"Meat on the Bone"},{"floor":14,"key":"Odd Mushroom"},{"floor":23,"key":"Smiling Mask"},{"floor":26,"key":"Blue Candle"},{"floor":27,"key":"Gambling Chip"},{"floor":29,"key":"Tiny Chest"},{"floor":40,"key":"The Courier"},{"floor":43,"key":"Pen Nib"},{"floor":44,"key":"Dodecahedron"}],"event_choices":[{"damage_healed":0,"gold_gain":75,"player_choice":"Gather Gold","damage_taken":11,"max_hp_gain":0,"max_hp_loss":0,"event_name":"World of Goop","floor":4,"gold_loss":0},{"damage_healed":0,"gold_gain":0,"player_choice":"Got Potions","damage_taken":0,"max_hp_gain":0,"max_hp_loss":0,"event_name":"Lab","floor":7,"gold_loss":0},{"damage_healed":0,"gold_gain":0,"player_choice":"Fought Mushrooms","damage_taken":0,"max_hp_gain":0,"max_hp_loss":0,"event_name":"Mushrooms","floor":14,"gold_loss":0},{"damage_healed":0,"gold_gain":0,"player_choice":"Paid","damage_taken":0,"relics_obtained":["Red Mask"],"max_hp_gain":0,"max_hp_loss":0,"event_name":"Tomb of Lord Red Mask","floor":46,"gold_loss":206}],"is_beta":false,"boss_relics":[{"not_picked":["Lizard Tail","Pandora\u0027s Box"],"picked":"Cursed Key"},{"not_picked":["Black Blood","Runic Cube"],"picked":"Astrolabe"}],"items_purged_floors":[13,31,38],"is_endless":false,"potions_floor_spawned":[3,5,8,10,18,19,21,27,33,35,37,47,48],"ascension_level":0}