{"gold_per_floor":[115,135,149,166,166,166,195,207,207,226,242,252,252,272,272,371,371,382,399,101,101,114,146,146,146,146,164,182,198,213,128,128,224,224,239,255,255,6,24,24,44,75,75,75,94,94,94,111,111,111],"floor_reached":50,"playtime":7910,"items_purged":["Writhe"],"score":529,"play_id":"47d130cc-b704-4baf-a7e8-1785d8fe33a6","local_time":"20190707200607","is_ascension_mode":false,"campfire_choices":[{"data":"Blood for Blood","floor":6.0,"key":"SMITH"},{"floor":13,"key":"REST"},{"floor":15,"key":"REST"},{"floor":25,"key":"REST"},{"floor":32,"key":"REST"},{"data":"Apotheosis","floor":40,"key":"SMITH"},{"floor":47,"key":"REST"},{"floor":49,"key":"REST"}],"neow_cost":"NONE","seed_source_timestamp":0,"circlet_count":0,"master_deck":["Strike_R","Strike_R","Strike_R","Strike_R","Defend_R","Defend_R","Defend_R","Defend_R","Bash","True Grit","Iron Wave","Sword Boomerang","Shockwave","True Grit","Ghostly Armor+1","Double Tap+1","Cleave","Blood for Blood+1","Berserk","Pommel Strike","Flex","Headbutt+1","Thunderclap+1","Anger+1","Iron Wave+1","Cleave+1","Limit Break","Juggernaut","Warcry+1","Iron Wave+1","Body Slam+1","Whirlwind+1","Shrug It Off","Twin Strike+1","Shrug It Off+1","Ghostly Armor","Impervious","True Grit+1","Apotheosis+1","Seeing Red","Pommel Strike+1","Double Tap","Ghostly Armor+1","Warcry+1"],"special_seed":0,"relics":["Orrery","Dream Catcher","Molten Egg 2","Philosopher\u0027s Stone","FossilizedHelix","Dodecahedron","MutagenicStrength","Ancient Tea Set","Kunai","Eternal Feather","War Paint","Question Card","Lantern"],"potions_floor_usage":[16,27,33,45,45],"damage_taken":[{"damage":5.0,"enemies":"Jaw Worm","floor":1.0,"turns":4.0},{"damage":4.0,"enemies":"Cultist","floor":2.0,"turns":6.0},{"damage":2.0,"enemies":"Small Slimes","floor":3.0,"turns":4.0},{"damage":0.0,"enemies":"Looter","floor":4.0,"turns":4.0},{"damage":14.0,"enemies":"3 Sentries","floor":7.0,"turns":7.0},{"damage":3.0,"enemies":"Blue Slaver","floor":8.0,"turns":5.0},{"damage":25.0,"enemies":"Large Slime","floor":10.0,"turns":7.0},{"damage":4,"enemies":"Gremlin Gang","floor":11,"turns":4},{"damage":4,"enemies":"Exordium Thugs","floor":12,"turns":4},{"damage":7,"enemies":"Blue Slaver","floor":14,"turns":3},{"damage":38,"enemies":"Hexaghost","floor":16,"turns":8},{"damage":0,"enemies":"Chosen","floor":18,"turns":3},{"damage":25,"enemies":"Shell Parasite","floor":19,"turns":6},{"damage":0,"enemies":"Snecko","floor":22,"turns":5},{"damage":26,"enemies":"Book of Stabbing","floor":23,"turns":4},{"damage":19,"enemies":"3 Cultists","floor":27,"turns":6},{"damage":15,"enemies":"Centurion and Healer","floor":28,"turns":4},{"damage":8,"enemies":"Snake Plant","floor":29,"turns":2},{"damage":6,"enemies":"Snecko","floor":30,"turns":4},{"damage":73,"enemies":"Collector","floor":33,"turns":9},{"damage":17,"enemies":"3 Shapes","floor":35,"turns":3},{"damage":0,"enemies":"Orb Walker","floor":36,"turns":4},{"damage":0,"enemies":"Spire Growth","floor":39,"turns":3},{"damage":0,"enemies":"3 Darklings","floor":41,"turns":1},{"damage":21,"enemies":"Nemesis","floor":42,"turns":9},{"damage":56,"enemies":"Writhing Mass","floor":45,"turns":8},{"damage":21,"enemies":"Transient","floor":48,"turns":5},{"damage":87,"enemies":"Time Eater","floor":50,"turns":8}],"seed_played":"9083718424432566118","potions_obtained":[{"floor":1.0,"key":"Regen Potion"},{"floor":3.0,"key":"EssenceOfSteel"},{"floor":7.0,"key":"Strength Potion"},{"floor":12,"key":"Energy Potion"},{"floor":18,"key":"Energy Potion"},{"floor":23,"key":"BloodPotion"},{"floor":33,"key":"SpeedPotion"},{"floor":41,"key":"Fire Potion"},{"floor":42,"key":"Strength Potion"},{"floor":48,"key":"SmokeBomb"}],"is_trial":false,"path_per_floor":["M","M","M","M","?","R","E","M","T","M","M","M","R","M","R","B",null,"M","M","$","?","M","E","?","R","T","M","M","M","M","?","R","B",null,"M","M","?","$","M","R","M","E","T","?","M","T","R","M","R","B"],"character_chosen":"IRONCLAD","items_purchased":["FossilizedHelix","Apotheosis"],"campfire_rested":6,"item_purchase_floors":[20,38],"current_hp_per_floor":[75,71,69,69,69,69,55,52,52,27,23,19,43,36,60,22,80,80,55,55,80,80,54,54,78,78,68,53,45,39,39,63,10,80,63,63,80,80,80,80,80,59,59,59,3,3,51,30,78,0],"gold":111,"neow_bonus":"BOSS_RELIC","is_prod":false,"is_daily":false,"chose_seed":false,"campfire_upgraded":2,"win_rate":0.0,"timestamp":1562544367,"path_taken":["M","M","M","M","?","R","E","?","T","M","M","M","R","?","R","BOSS","M","M","$","?","M","E","?","R","T","M","M","M","M","?","R","BOSS","M","M","?","$","M","R","M","E","T","?","?","?","R","M","R","BOSS"],"build_version":"2019-07-05","purchased_purges":1,"victory":false,"max_hp_per_floor":[80,80,80,80,80,80,80,80,80,80,80,80,80,80,80,80,80,80,80,80,80,80,80,80,80,80,80,80,80,80,80,80,80,80,80,80,80,80,80,80,80,80,80,80,80,80,80,80,80,80],"card_choices":[{"not_picked":["Power Through","Combust"],"picked":"True Grit","floor":0.0},{"not_picked":["Clash","Perfected Strike"],"picked":"Iron Wave","floor":0.0},{"not_picked":["Clash","Burning Pact"],"picked":"Sword Boomerang","floor":0.0},{"not_picked":["Twin Strike","Thunderclap"],"picked":"Shockwave","floor":0.0},{"not_picked":["Second Wind","Spot Weakness"],"picked":"True Grit","floor":0.0},{"not_picked":["Warcry","Pommel Strike"],"picked":"Ghostly Armor","floor":1.0},{"not_picked":["Ghostly Armor","Clothesline"],"picked":"Double Tap","floor":2.0},{"not_picked":["Perfected Strike","Pommel Strike"],"picked":"Cleave","floor":3.0},{"not_picked":["Whirlwind","Pommel Strike"],"picked":"Blood for Blood","floor":4.0},{"not_picked":["Sword Boomerang","Warcry"],"picked":"Pommel Strike","floor":7.0},{"not_picked":["Blood for Blood","Dropkick"],"picked":"Flex","floor":8.0},{"not_picked":["Entrench","Flex"],"picked":"Headbutt+1","floor":10.0},{"not_picked":["Flex","Corruption"],"picked":"Thunderclap+1","floor":11},{"not_picked":["Spot Weakness","Clash+1"],"picked":"Anger+1","floor":12},{"not_picked":["Combust","Infernal Blade"],"picked":"Iron Wave+1","floor":13},{"not_picked":["Fire Breathing","Whirlwind+1"],"picked":"Cleave+1","floor":14},{"not_picked":["Sword Boomerang+1","Clash+1"],"picked":"Limit Break","floor":15},{"not_picked":["Brutality","Demon Form"],"picked":"Juggernaut","floor":16},{"not_picked":["Corruption","True Grit"],"picked":"Warcry+1","floor":18},{"not_picked":["True Grit","Perfected Strike+1"],"picked":"Iron Wave+1","floor":19},{"not_picked":["Flex","Headbutt+1"],"picked":"Body Slam+1","floor":22},{"not_picked":["Twin Strike+1","Fire Breathing+1"],"picked":"Whirlwind+1","floor":23},{"not_picked":["Anger+1","Armaments+1"],"picked":"Shrug It Off","floor":25},{"not_picked":["Clothesline+1","Offering"],"picked":"Twin Strike+1","floor":27},{"not_picked":["Uppercut+1","Body Slam+1","Dual Wield"],"picked":"SKIP","floor":28},{"not_picked":["Thunderclap+1","Whirlwind+1","Dual Wield+1"],"picked":"SKIP","floor":29},{"not_picked":["Carnage+1","Twin Strike+1"],"picked":"Shrug It Off","floor":30},{"not_picked":["Searing Blow+1","Warcry"],"picked":"Ghostly Armor","floor":32},{"not_picked":["Juggernaut","Reaper+1"],"picked":"Impervious","floor":33},{"not_picked":["Flame Barrier+1","Heavy Blade+1"],"picked":"True Grit+1","floor":35},{"not_picked":["Pummel+1","True Grit","Armaments+1"],"picked":"SKIP","floor":36},{"not_picked":["Perfected Strike+1","Sever Soul+1"],"picked":"Seeing Red","floor":39},{"not_picked":["Seeing Red","Hemokinesis+1","Searing Blow+1"],"picked":"SKIP","floor":41},{"not_picked":["Second Wind","Uppercut+1"],"picked":"Pommel Strike+1","floor":42},{"not_picked":["Bloodletting","Twin Strike+1","Iron Wave+1","Armaments"],"picked":"SKIP","floor":45},{"not_picked":["Sword Boomerang+1","Searing Blow+1","Anger+1"],"picked":"Double Tap","floor":47},{"not_picked":["Iron Wave+1","Uppercut+1","Perfected Strike+1"],"picked":"Ghostly Armor+1","floor":48},{"not_picked":["Bloodletting","Flame Barrier+1","Corruption+1"],"picked":"Warcry+1","floor":49}],"player_experience":21003,"relics_obtained":[{"floor":7.0,"key":"Dream Catcher"},{"floor":9.0,"key":"Molten Egg 2"},{"floor":23,"key":"Dodecahedron"},{"floor":26,"key":"Ancient Tea Set"},{"floor":42,"key":"War Paint"},{"floor":43,"key":"Question Card"},{"floor":46,"key":"Lantern"}],"event_choices":[{"damage_healed":0.0,"max_hp_gain":0.0,"max_hp_loss":0.0,"gold_gain":0.0,"cards_transformed":["Strike_R"],"event_name":"Transmorgrifier","player_choice":"Transformed","floor":5.0,"gold_loss":0.0,"damage_taken":0.0,"cards_obtained":["Berserk"]},{"damage_healed":26,"gold_gain":0,"player_choice":"Heal","damage_taken":0,"max_hp_gain":0,"max_hp_loss":0,"event_name":"The Library","floor":21,"gold_loss":0},{"damage_healed":0,"gold_gain":0,"player_choice":"Inject Mutagens","damage_taken":0,"relics_obtained":["MutagenicStrength"],"max_hp_gain":0,"max_hp_loss":0,"event_name":"Drug Dealer","floor":24,"gold_loss":0},{"damage_healed":0,"gold_gain":0,"player_choice":"Obtained Relic","damage_taken":0,"relics_obtained":["Kunai"],"max_hp_gain":0,"max_hp_loss":0,"event_name":"Addict","floor":31,"gold_loss":85},{"damage_healed":20,"gold_gain":0,"player_choice":"Writhe","damage_taken":0,"max_hp_gain":0,"max_hp_loss":0,"event_name":"Winding Halls","floor":37,"gold_loss":0,"cards_obtained":["Writhe"]},{"damage_healed":0,"gold_gain":0,"player_choice":"Upgraded","damage_taken":0,"max_hp_gain":0,"max_hp_loss":0,"event_name":"Upgrade Shrine","floor":44,"gold_loss":0,"cards_upgraded":["Shrug It Off"]}],"is_beta":false,"boss_relics":[{"not_picked":["Calling Bell","Busted Crown"],"picked":"Philosopher\u0027s Stone"},{"not_picked":["Cursed Key","Snecko Eye"],"picked":"Eternal Feather"}],"items_purged_floors":[38],"is_endless":false,"potions_floor_spawned":[1,3,7,12,18,19,23,29,33,41,42,48],"killed_by":"Time Eater","ascension_level":0}