{"gold_per_floor":[210,210,224,5,180,211,228,261,309,309,309,342,342,356,356,456,456,468,487,17,29,49,80,80,109,187,213,227,247,266,266,266,266],"floor_reached":33,"playtime":2021,"items_purged":["Strike_R"],"score":523,"play_id":"c211fbb5-18f0-49a0-9447-a018400b48fb","local_time":"20190625193855","is_ascension_mode":true,"campfire_choices":[{"data":"Carnage","floor":10,"key":"SMITH"},{"data":"Double Tap","floor":13,"key":"SMITH"},{"data":"Bash","floor":15,"key":"SMITH"},{"floor":24,"key":"REST"},{"floor":32,"key":"REST"}],"neow_cost":"NONE","seed_source_timestamp":517709247308917,"circlet_count":0,"master_deck":["AscendersBane","Strike_R","Strike_R","Strike_R","Defend_R","Defend_R","Defend_R","Defend_R","Bash+1","Uppercut+1","Cleave","Carnage+1","Doubt","Battle Trance","Pommel Strike","Double Tap+1","Reaper","Metallicize","Bloodletting","Warcry","True Grit","Offering","True Grit+1","Sword Boomerang+1","Inflame","Armaments+1","Seeing Red","Disarm"],"relics":["Burning Blood","PreservedInsect","Self Forming Clay","Strawberry","Anchor","Orichalcum","Orrery","Matryoshka","Bag of Marbles","Ginger","Ancient Tea Set","Vajra","Art of War"],"potions_floor_usage":[18,21,25,33,33],"damage_taken":[{"damage":9,"enemies":"Jaw Worm","floor":1,"turns":6},{"damage":0,"enemies":"Cultist","floor":3,"turns":3},{"damage":25,"enemies":"3 Sentries","floor":6,"turns":6},{"damage":1,"enemies":"2 Louse","floor":7,"turns":2},{"damage":25,"enemies":"Gremlin Nob","floor":8,"turns":4},{"damage":15,"enemies":"Lagavulin","floor":12,"turns":3},{"damage":0,"enemies":"2 Fungi Beasts","floor":14,"turns":3},{"damage":23,"enemies":"The Guardian","floor":16,"turns":9},{"damage":32,"enemies":"Spheric Guardian","floor":18,"turns":8},{"damage":14,"enemies":"Chosen","floor":19,"turns":5},{"damage":22,"enemies":"Snake Plant","floor":21,"turns":4},{"damage":6,"enemies":"Snecko","floor":22,"turns":4},{"damage":20,"enemies":"Book of Stabbing","floor":23,"turns":3},{"damage":18,"enemies":"Gremlin Leader","floor":25,"turns":4},{"damage":28,"enemies":"Slavers","floor":27,"turns":4},{"damage":21,"enemies":"Centurion and Healer","floor":28,"turns":6},{"damage":24,"enemies":"Cultist and Chosen","floor":29,"turns":6},{"damage":11,"enemies":"3 Cultists","floor":30,"turns":4},{"damage":92,"enemies":"Collector","floor":33,"turns":10}],"seed_played":"2333033108890954405","potions_obtained":[{"floor":1,"key":"LiquidBronze"},{"floor":3,"key":"EntropicBrew"},{"floor":14,"key":"SkillPotion"},{"floor":18,"key":"Ancient Potion"},{"floor":22,"key":"Regen Potion"},{"floor":27,"key":"Block Potion"},{"floor":30,"key":"Block Potion"}],"is_trial":false,"path_per_floor":["M","?","M","$","?","E","M","E","T","R","?","E","R","M","R","B",null,"M","M","$","M","M","E","R","E","T","E","M","M","M","?","R","B"],"character_chosen":"IRONCLAD","items_purchased":["PreservedInsect","Carnage","Matryoshka","Bag of Marbles"],"campfire_rested":2,"item_purchase_floors":[4,4,20,20],"current_hp_per_floor":[69,69,75,75,75,56,61,49,49,49,49,40,40,46,46,29,73,53,51,51,35,35,21,47,65,65,53,38,34,56,39,66,0],"gold":266,"neow_bonus":"HUNDRED_GOLD","is_prod":false,"is_daily":false,"chose_seed":false,"campfire_upgraded":3,"win_rate":0,"timestamp":1561509535,"path_taken":["M","?","?","$","?","E","M","E","T","R","?","E","R","M","R","BOSS","M","?","$","M","M","E","R","E","T","E","M","M","M","?","R","BOSS"],"build_version":"2019-01-23","purchased_purges":1,"victory":false,"max_hp_per_floor":[80,80,80,80,80,80,80,87,87,87,87,87,87,87,87,87,87,87,87,87,87,87,87,87,87,87,87,87,87,87,92,92,92],"card_choices":[{"not_picked":["Sword Boomerang","Sever Soul"],"picked":"Uppercut","floor":1},{"not_picked":["Sentinel","Evolve"],"picked":"Cleave","floor":3},{"not_picked":["Warcry","Flex","Entrench"],"picked":"SKIP","floor":6},{"not_picked":["Entrench","Uppercut"],"picked":"Battle Trance","floor":7},{"not_picked":["Anger","Fire Breathing"],"picked":"Pommel Strike","floor":8},{"not_picked":["Juggernaut","Reckless Charge"],"picked":"Double Tap","floor":12},{"not_picked":["Pummel","Havoc","Rage"],"picked":"SKIP","floor":14},{"not_picked":["Brutality","Barricade"],"picked":"Reaper","floor":16},{"not_picked":["Body Slam","Shrug It Off"],"picked":"Metallicize","floor":17},{"not_picked":["Headbutt","Wild Strike"],"picked":"Bloodletting","floor":17},{"not_picked":["Wild Strike","Clothesline"],"picked":"Warcry","floor":17},{"not_picked":["Power Through","Body Slam"],"picked":"True Grit","floor":17},{"not_picked":["Cleave","Metallicize"],"picked":"Offering","floor":18},{"not_picked":["Anger","Hemokinesis"],"picked":"True Grit+1","floor":19},{"not_picked":["Thunderclap","Body Slam","Searing Blow"],"picked":"SKIP","floor":21},{"not_picked":["Pommel Strike","Entrench"],"picked":"Sword Boomerang+1","floor":22},{"not_picked":["Shrug It Off","Havoc"],"picked":"Inflame","floor":23},{"not_picked":["Heavy Blade","Clothesline+1","Body Slam"],"picked":"SKIP","floor":25},{"not_picked":["Body Slam","Twin Strike"],"picked":"Armaments+1","floor":27},{"not_picked":["Searing Blow","Pummel"],"picked":"Seeing Red","floor":28},{"not_picked":["Shrug It Off","Thunderclap+1"],"picked":"Disarm","floor":29},{"not_picked":["Iron Wave","Twin Strike","Evolve"],"picked":"SKIP","floor":30}],"player_experience":401331,"relics_obtained":[{"floor":6,"key":"Self Forming Clay"},{"floor":8,"key":"Strawberry"},{"floor":9,"key":"Anchor"},{"floor":12,"key":"Orichalcum"},{"floor":23,"key":"Ginger"},{"floor":25,"key":"Ancient Tea Set"},{"floor":26,"key":"Vajra"},{"floor":27,"key":"Art of War"}],"event_choices":[{"cards_removed":["Strike_R"],"damage_healed":0,"gold_gain":0,"player_choice":"Purged","damage_taken":0,"max_hp_gain":0,"max_hp_loss":0,"event_name":"Purifier","floor":2,"gold_loss":0},{"damage_healed":0,"gold_gain":175,"player_choice":"AGREE","damage_taken":0,"max_hp_gain":0,"max_hp_loss":0,"event_name":"Liars Game","floor":5,"gold_loss":0,"cards_obtained":["Doubt"]},{"damage_healed":0,"gold_gain":0,"player_choice":"Upgraded","damage_taken":0,"max_hp_gain":0,"max_hp_loss":0,"event_name":"Upgrade Shrine","floor":11,"gold_loss":0,"cards_upgraded":["Uppercut"]},{"damage_healed":0,"gold_gain":0,"player_choice":"Shed Blood","damage_taken":22,"max_hp_gain":5,"max_hp_loss":0,"event_name":"Forgotten Altar","floor":31,"gold_loss":0}],"is_beta":false,"boss_relics":[{"not_picked":["Runic Pyramid","Mark of Pain"],"picked":"Orrery"}],"items_purged_floors":[20],"is_endless":false,"potions_floor_spawned":[1,3,8,14,16,18,19,22,27,30],"killed_by":"Collector","ascension_level":12}