{"gold_per_floor":[118,118,128,128,128,128,148,148,148,148,148,73,101,114,114,186,186,199,42,55,70,70,70,89,89,89,99,116,116,142,158,158,233,233,252,252,178,178,192,192,205,205,205,224,224,237,237,249,249,249],"floor_reached":51,"playtime":2444,"items_purged":[],"score":1127,"play_id":"8e345f0f-91c3-43d7-b375-54fc1dc07c35","local_time":"20190721153823","is_ascension_mode":true,"campfire_choices":[{"data":"Defend_B","floor":6.0,"key":"SMITH"},{"data":"Consume","floor":8.0,"key":"SMITH"},{"data":"Strike_B","floor":11.0,"key":"SMITH"},{"floor":15.0,"key":"REST"},{"floor":23.0,"key":"REST"},{"floor":29.0,"key":"REST"},{"floor":32.0,"key":"REST"},{"data":"Creative AI","floor":40.0,"key":"SMITH"},{"floor":42.0,"key":"REST"},{"data":"Defragment","floor":49,"key":"SMITH"}],"neow_cost":"NONE","seed_source_timestamp":642965528584000,"circlet_count":0,"master_deck":["AscendersBane","Strike_B+1","Strike_B+1","Strike_B+1","Defend_B+1","Defend_B+1","Defend_B","Defend_B","Zap+1","Dualcast+1","Consume+1","Defragment+1","Cold Snap","Seek","All For One+1","Chill","Ghostly","Ghostly","Ghostly","Ghostly","Ghostly","Cold Snap+1","Glacier","Gash+1","Creative AI+1","Defragment","Defragment","BootSequence","Chill","Bandage Up","Parasite","Cold Snap+1"],"special_seed":0,"relics":["Cracked Core","War Paint","Sundial","Ice Cream","White Beast Statue","Whetstone","Blood Vial","Strawberry","Lizard Tail","Molten Egg 2"],"potions_floor_usage":[46,50,50],"damage_taken":[{"damage":0.0,"enemies":"Cultist","floor":1.0,"turns":4.0},{"damage":7.0,"enemies":"Small Slimes","floor":3.0,"turns":3.0},{"damage":0.0,"enemies":"2 Louse","floor":7.0,"turns":2.0},{"damage":6.0,"enemies":"Lagavulin","floor":13.0,"turns":6.0},{"damage":14.0,"enemies":"Lots of Slimes","floor":14.0,"turns":4.0},{"damage":55.0,"enemies":"Hexaghost","floor":16.0,"turns":12.0},{"damage":1.0,"enemies":"Chosen","floor":18.0,"turns":4.0},{"damage":13.0,"enemies":"Shell Parasite","floor":20.0,"turns":5.0},{"damage":27.0,"enemies":"Shelled Parasite and Fungi","floor":21.0,"turns":6.0},{"damage":12.0,"enemies":"Cultist and Chosen","floor":24.0,"turns":8.0},{"damage":0.0,"enemies":"Snecko","floor":27.0,"turns":6.0},{"damage":10.0,"enemies":"Shelled Parasite and Fungi","floor":28.0,"turns":8.0},{"damage":23.0,"enemies":"Slavers","floor":30.0,"turns":8.0},{"damage":1.0,"enemies":"Snake Plant","floor":31.0,"turns":6.0},{"damage":8.0,"enemies":"Collector","floor":33.0,"turns":17.0},{"damage":1.0,"enemies":"3 Shapes","floor":35.0,"turns":7.0},{"damage":11.0,"enemies":"Orb Walker","floor":39.0,"turns":7.0},{"damage":11.0,"enemies":"Spire Growth","floor":41.0,"turns":8.0},{"damage":23.0,"enemies":"Maw","floor":44.0,"turns":11.0},{"damage":0,"enemies":"Writhing Mass","floor":46,"turns":11},{"damage":0,"enemies":"Sphere and 2 Shapes","floor":48,"turns":10},{"damage":36,"enemies":"Time Eater","floor":50,"turns":11}],"seed_played":"-2496369320499926468","potions_obtained":[{"floor":3.0,"key":"Weak Potion"},{"floor":16.0,"key":"Ancient Potion"},{"floor":18.0,"key":"GamblersBrew"},{"floor":20.0,"key":"Dexterity Potion"},{"floor":21.0,"key":"Swift Potion"},{"floor":24.0,"key":"Weak Potion"},{"floor":28.0,"key":"LiquidBronze"},{"floor":30.0,"key":"Explosive Potion"},{"floor":31.0,"key":"Strength Potion"},{"floor":33.0,"key":"Dexterity Potion"},{"floor":35.0,"key":"Fire Potion"},{"floor":39.0,"key":"AttackPotion"},{"floor":41.0,"key":"Swift Potion"},{"floor":44.0,"key":"FocusPotion"},{"floor":46,"key":"LiquidBronze"}],"is_trial":false,"path_per_floor":["M","?","M","?","?","R","M","R","T","?","R","$","E","M","R","B",null,"M","$","M","M","?","R","M","?","T","M","M","R","E","M","R","B",null,"M","?","$","?","M","R","M","R","T","M","?","M","?","M","R","B",null],"character_chosen":"DEFECT","items_purchased":["Defragment","Whetstone","Defragment"],"campfire_rested":5,"item_purchase_floors":[12,19,37],"current_hp_per_floor":[64,69,62,47,76,76,76,76,76,76,76,76,70,56,76,21,62,61,61,48,21,21,32,20,20,20,22,14,25,11,12,25,19,39,40,40,40,40,31,31,22,35,35,14,14,20,39,39,39,7],"gold":249,"neow_bonus":"RANDOM_COMMON_RELIC","is_prod":false,"is_daily":false,"chose_seed":false,"campfire_upgraded":5,"win_rate":0,"timestamp":1563716303,"path_taken":["M","?","M","?","?","R","?","R","T","?","R","$","E","M","R","BOSS","M","?","M","?","?","R","M","?","T","M","M","R","E","?","R","BOSS","M","?","$","?","M","R","M","R","T","M","?","M","?","M","R","BOSS"],"build_version":"2019-07-17","purchased_purges":0,"victory":true,"max_hp_per_floor":[71,76,76,76,76,76,76,76,76,76,76,76,76,76,76,76,76,76,76,76,76,38,38,38,38,38,38,38,38,45,45,45,45,45,45,45,45,45,45,45,45,45,45,45,45,45,39,39,39,39],"card_choices":[{"not_picked":["Leap","Darkness","Hologram"],"picked":"SKIP","floor":1.0},{"not_picked":["Skim","Streamline","Compile Driver"],"picked":"SKIP","floor":3.0},{"not_picked":["Steam","Sweeping Beam"],"picked":"Consume","floor":7.0},{"not_picked":["Hello World","Rebound"],"picked":"Cold Snap","floor":13.0},{"not_picked":["BootSequence","Chaos"],"picked":"Seek","floor":14.0},{"not_picked":["Machine Learning","Amplify"],"picked":"All For One","floor":16.0},{"not_picked":["Compile Driver","Beam Cell","Force Field"],"picked":"SKIP","floor":18.0},{"not_picked":["Steam","Ball Lightning"],"picked":"Chill","floor":20.0},{"not_picked":["Sweeping Beam","Stack","Doom and Gloom"],"picked":"SKIP","floor":21.0},{"not_picked":["Doom and Gloom","Capacitor","Chaos"],"picked":"SKIP","floor":24.0},{"not_picked":["Undo","Sweeping Beam","Go for the Eyes"],"picked":"SKIP","floor":27.0},{"not_picked":["Consume+1","Sweeping Beam"],"picked":"Cold Snap+1","floor":28.0},{"not_picked":["Thunder Strike","Leap"],"picked":"Glacier","floor":30.0},{"not_picked":["Compile Driver","Leap"],"picked":"Gash+1","floor":31.0},{"not_picked":["Buffer","Fission"],"picked":"Creative AI","floor":33.0},{"not_picked":["Cold Snap","Gash"],"picked":"Defragment","floor":35.0},{"not_picked":["Static Discharge","Chaos"],"picked":"BootSequence","floor":39.0},{"not_picked":["Recycle","Ball Lightning","Barrage"],"picked":"SKIP","floor":41.0},{"not_picked":["Leap","Stack"],"picked":"Chill","floor":44.0},{"not_picked":["Secret Technique","PanicButton"],"picked":"Bandage Up","floor":45.0},{"not_picked":["Redo+1","Auto Shields"],"picked":"Cold Snap+1","floor":46},{"not_picked":["Streamline+1","Aggregate","Hologram"],"picked":"SKIP","floor":48}],"player_experience":360169,"relics_obtained":[{"floor":9.0,"key":"Sundial"},{"floor":13.0,"key":"Ice Cream"},{"floor":26.0,"key":"Blood Vial"},{"floor":30.0,"key":"Strawberry"},{"floor":43.0,"key":"Molten Egg 2"}],"event_choices":[{"damage_healed":0.0,"max_hp_gain":5.0,"max_hp_loss":0.0,"gold_gain":0.0,"event_name":"Big Fish","player_choice":"Donut","floor":2.0,"gold_loss":0.0,"damage_taken":0.0},{"damage_healed":0.0,"max_hp_gain":0.0,"max_hp_loss":0.0,"gold_gain":0.0,"event_name":"Shining Light","player_choice":"Entered Light","floor":4.0,"gold_loss":0.0,"damage_taken":15.0,"cards_upgraded":["Strike_B","Zap"]},{"damage_healed":29.0,"max_hp_gain":0.0,"max_hp_loss":0.0,"gold_gain":0.0,"event_name":"Wheel of Change","player_choice":"Full Heal","floor":5.0,"gold_loss":0.0,"damage_taken":0.0},{"cards_removed":["Strike_B"],"damage_healed":0.0,"max_hp_gain":0.0,"max_hp_loss":0.0,"gold_gain":0.0,"event_name":"Purifier","player_choice":"Purged","floor":10.0,"gold_loss":0.0,"damage_taken":0.0},{"damage_healed":0.0,"max_hp_gain":0.0,"max_hp_loss":38.0,"gold_gain":0.0,"event_name":"Ghosts","player_choice":"Became a Ghost","floor":22.0,"gold_loss":0.0,"damage_taken":0.0,"cards_obtained":["Ghostly","Ghostly","Ghostly","Ghostly","Ghostly"]},{"damage_healed":0.0,"max_hp_gain":0.0,"max_hp_loss":0.0,"gold_gain":0.0,"event_name":"Duplicator","player_choice":"Copied","floor":25.0,"gold_loss":0.0,"damage_taken":0.0,"cards_obtained":["Defragment"]},{"damage_healed":0.0,"max_hp_gain":0.0,"max_hp_loss":0.0,"gold_gain":0.0,"event_name":"Mysterious Sphere","player_choice":"Ignored","floor":36.0,"gold_loss":0.0,"damage_taken":0.0},{"cards_removed":["Defragment"],"damage_healed":0.0,"max_hp_gain":0.0,"max_hp_loss":0.0,"gold_gain":0.0,"event_name":"Falling","player_choice":"Removed Power","floor":38.0,"gold_loss":0.0,"damage_taken":0.0},{"damage_healed":0.0,"max_hp_gain":0.0,"max_hp_loss":0.0,"gold_gain":0.0,"event_name":"SensoryStone","player_choice":"Memory 1","floor":45.0,"gold_loss":0.0,"damage_taken":0.0},{"damage_healed":39,"gold_gain":0,"player_choice":"Heal","damage_taken":0,"max_hp_gain":0,"max_hp_loss":6,"event_name":"The Moai Head","floor":47,"gold_loss":0}],"is_beta":false,"boss_relics":[{"not_picked":["Sozu","Runic Pyramid"],"picked":"White Beast Statue"},{"not_picked":["Calling Bell","Fusion Hammer"],"picked":"Lizard Tail"}],"items_purged_floors":[],"is_endless":false,"potions_floor_spawned":[3,16,18,20,21,24,27,28,30,31,33,35,39,41,44,46,48],"ascension_level":14}