{"gold_per_floor":[114,264,339,264,13,44,59,85,85,98,108,108,108,122,122,197,247,266,49,49,59,75,75,53,53,53,53,84,84,84,99,99,99],"floor_reached":33,"playtime":999,"items_purged":["Doubt"],"score":551,"play_id":"2520c1b4-25f0-4a2d-8dac-de8b2fa42cf8","local_time":"20190730205924","is_ascension_mode":true,"campfire_choices":[{"floor":13.0,"key":"REST"},{"data":"Electrodynamics","floor":15.0,"key":"SMITH"},{"data":"Biased Cognition","floor":23.0,"key":"SMITH"},{"data":"Static Discharge","floor":25.0,"key":"SMITH"},{"floor":29.0,"key":"REST"},{"floor":32.0,"key":"REST"}],"neow_cost":"NONE","seed_source_timestamp":0,"circlet_count":0,"master_deck":["AscendersBane","Strike_B+1","Strike_B","Strike_B","Strike_B","Defend_B","Defend_B","Defend_B","Defend_B","Zap","Dualcast","Cold Snap","Glacier","Glacier","Self Repair","Electrodynamics+1","Biased Cognition+1","Leap","Shame","Self Repair","Steam","Streamline+1","Leap","Static Discharge+1","Cold Snap","Gash+1"],"special_seed":0,"relics":["Cracked Core","NeowsBlessing","Oddly Smooth Stone","Dodecahedron","Peace Pipe","Ornamental Fan","Tiny House","Membership Card","Sundial","Smiling Mask","Mummified Hand"],"potions_floor_usage":[33,33],"damage_taken":[{"damage":0.0,"enemies":"Small Slimes","floor":1.0,"turns":1.0},{"damage":0.0,"enemies":"3 Sentries","floor":6.0,"turns":1.0},{"damage":0.0,"enemies":"2 Louse","floor":7.0,"turns":1.0},{"damage":6.0,"enemies":"Gremlin Nob","floor":8.0,"turns":5.0},{"damage":0.0,"enemies":"Jaw Worm","floor":10.0,"turns":5.0},{"damage":18.0,"enemies":"Large Slime","floor":11.0,"turns":6.0},{"damage":9.0,"enemies":"Red Slaver","floor":14.0,"turns":5.0},{"damage":49.0,"enemies":"The Guardian","floor":16.0,"turns":23.0},{"damage":16.0,"enemies":"2 Thieves","floor":18.0,"turns":3.0},{"damage":4.0,"enemies":"Chosen","floor":21.0,"turns":6.0},{"damage":9.0,"enemies":"Centurion and Healer","floor":22.0,"turns":2.0},{"damage":37.0,"enemies":"Gremlin Leader","floor":28.0,"turns":7.0},{"damage":21.0,"enemies":"Snake Plant","floor":31.0,"turns":4.0},{"damage":84,"enemies":"Collector","floor":33,"turns":10}],"seed_played":"-7148084351843126329","potions_obtained":[{"floor":6.0,"key":"AttackPotion"},{"floor":11.0,"key":"Fire Potion"},{"floor":14.0,"key":"Block Potion"},{"floor":16.0,"key":"Swift Potion"},{"floor":17.0,"key":"PowerPotion"},{"floor":22.0,"key":"SkillPotion"},{"floor":28.0,"key":"LiquidBronze"},{"floor":31.0,"key":"SpeedPotion"}],"is_trial":false,"path_per_floor":["M","?","?","$","$","E","M","E","T","M","M","?","R","M","R","B",null,"M","$","?","M","M","R","$","R","T","$","E","R","T","M","R","B"],"character_chosen":"DEFECT","items_purchased":["Oddly Smooth Stone","Glacier","Membership Card","Static Discharge"],"campfire_rested":3,"item_purchase_floors":[5,5,19,24],"current_hp_per_floor":[64,64,53,53,53,53,53,47,47,47,36,41,62,60,60,18,63,47,47,47,57,55,55,55,55,55,55,32,54,54,40,62,0],"gold":99,"neow_bonus":"THREE_ENEMY_KILL","is_prod":false,"is_daily":false,"chose_seed":false,"campfire_upgraded":3,"win_rate":0,"timestamp":1564513164,"path_taken":["M","?","?","?","$","E","M","E","T","M","M","?","R","M","R","BOSS","M","$","?","M","?","R","?","R","T","$","E","R","?","M","R","BOSS"],"build_version":"2019-07-17","purchased_purges":1,"victory":false,"max_hp_per_floor":[71,71,71,71,71,71,71,71,71,71,71,71,71,71,71,71,76,76,76,76,76,76,76,76,76,76,76,76,76,76,76,76,76],"card_choices":[{"not_picked":["Hologram","Rebound"],"picked":"Cold Snap","floor":1.0},{"not_picked":["Streamline","Barrage","Redo"],"picked":"SKIP","floor":6.0},{"not_picked":["Cold Snap","Barrage"],"picked":"Glacier","floor":7.0},{"not_picked":["Recycle","Doom and Gloom","Fission"],"picked":"SKIP","floor":8.0},{"not_picked":["Go for the Eyes","Ball Lightning"],"picked":"Self Repair","floor":10.0},{"not_picked":["Self Repair","Capacitor"],"picked":"Cold Snap","floor":11.0},{"not_picked":["Fusion","Stack"],"picked":"Electrodynamics","floor":14.0},{"not_picked":["Electrodynamics","Thunder Strike"],"picked":"Biased Cognition","floor":16.0},{"not_picked":["Genetic Algorithm","Coolheaded"],"picked":"Leap","floor":17.0},{"not_picked":["Redo","Sweeping Beam+1","Recycle"],"picked":"SKIP","floor":18.0},{"not_picked":["Steam","Blizzard+1"],"picked":"Streamline+1","floor":21.0},{"not_picked":["Turbo","Streamline"],"picked":"Leap","floor":22.0},{"not_picked":["Machine Learning","Sweeping Beam"],"picked":"Cold Snap","floor":28.0},{"not_picked":["Compile Driver","Chaos"],"picked":"Gash+1","floor":31.0}],"player_experience":381633,"relics_obtained":[{"floor":6.0,"key":"Dodecahedron"},{"floor":8.0,"key":"Peace Pipe"},{"floor":9.0,"key":"Ornamental Fan"},{"floor":26.0,"key":"Sundial"},{"floor":28.0,"key":"Smiling Mask"},{"floor":30.0,"key":"Mummified Hand"}],"event_choices":[{"damage_healed":0.0,"max_hp_gain":0.0,"max_hp_loss":0.0,"gold_gain":150.0,"event_name":"Liars Game","player_choice":"AGREE","floor":2.0,"gold_loss":0.0,"damage_taken":0.0,"cards_obtained":["Doubt"]},{"damage_healed":0.0,"max_hp_gain":0.0,"max_hp_loss":0.0,"gold_gain":75.0,"event_name":"World of Goop","player_choice":"Gather Gold","floor":3.0,"gold_loss":0.0,"damage_taken":11.0},{"cards_removed":["Cold Snap"],"damage_healed":5.0,"max_hp_gain":0.0,"max_hp_loss":0.0,"gold_gain":0.0,"event_name":"Bonfire Elementals","player_choice":"Offered Common","floor":12.0,"gold_loss":0.0,"damage_taken":0.0},{"cards_removed":["Cold Snap"],"damage_healed":5.0,"max_hp_gain":0.0,"max_hp_loss":0.0,"gold_gain":0.0,"event_name":"Bonfire Elementals","player_choice":"Offered Special","floor":12.0,"gold_loss":0.0,"damage_taken":0.0},{"damage_healed":0.0,"max_hp_gain":0.0,"max_hp_loss":0.0,"gold_gain":0.0,"event_name":"Match and Keep!","player_choice":"3 cards matched","floor":20.0,"gold_loss":0.0,"damage_taken":0.0,"cards_obtained":["Shame","Self Repair","Steam"]}],"is_beta":false,"boss_relics":[{"not_picked":["Philosopher\u0027s Stone","Coffee Dripper"],"picked":"Tiny House"}],"items_purged_floors":[4],"is_endless":false,"potions_floor_spawned":[6,11,14,16,22,28,31],"killed_by":"Collector","ascension_level":17}