{"gold_per_floor":[14,26,41,5,5,5,33,46,46,66,66,15,35,51,51,149,149,159,159,159,179,198,198,34,34,60,60,79,104,104,118,118,118],"floor_reached":33,"playtime":1745,"items_purged":["Defend_B"],"score":417,"play_id":"5e1e3ad9-ff2e-43d0-ab87-ce5b6887420b","local_time":"20190729214328","is_ascension_mode":true,"campfire_choices":[{"data":"Zap","floor":6,"key":"SMITH"},{"data":"Redo","floor":11,"key":"SMITH"},{"floor":15,"key":"REST"},{"data":"Skim","floor":23,"key":"SMITH"},{"data":"Defragment","floor":25,"key":"SMITH"},{"data":"Hologram","floor":27,"key":"SMITH"},{"floor":30,"key":"REST"},{"data":"Defragment","floor":32,"key":"SMITH"}],"neow_cost":"NO_GOLD","seed_source_timestamp":1642848480895100,"circlet_count":0,"master_deck":["AscendersBane","Defend_B","Defend_B","Defend_B","Zap+1","Dualcast+1","All For One","Auto Shields","Redo+1","Steam","Hello World","FTL","Skim+1","Beam Cell","Go for the Eyes","Leap","Defragment+1","Hologram+1","Defragment+1","Skim+1","Steam"],"relics":["Cracked Core","Ginger","Kunai","Empty Cage","Strawberry","Shuriken"],"potions_floor_usage":[18,29,29,31],"damage_taken":[{"damage":11,"enemies":"Cultist","floor":1,"turns":4},{"damage":1,"enemies":"2 Louse","floor":2,"turns":3},{"damage":2,"enemies":"Jaw Worm","floor":3,"turns":3},{"damage":27,"enemies":"Gremlin Nob","floor":7,"turns":4},{"damage":8,"enemies":"Blue Slaver","floor":8,"turns":3},{"damage":4,"enemies":"Red Slaver","floor":10,"turns":3},{"damage":0,"enemies":"Exordium Wildlife","floor":13,"turns":3},{"damage":8,"enemies":"Blue Slaver","floor":14,"turns":2},{"damage":3,"enemies":"Slime Boss","floor":16,"turns":8},{"damage":0,"enemies":"Shell Parasite","floor":18,"turns":3},{"damage":16,"enemies":"2 Thieves","floor":21,"turns":4},{"damage":8,"enemies":"Cultist and Chosen","floor":22,"turns":5},{"damage":9,"enemies":"Sentry and Sphere","floor":28,"turns":4},{"damage":27,"enemies":"Slavers","floor":29,"turns":3},{"damage":10,"enemies":"Snake Plant","floor":31,"turns":4},{"damage":66,"enemies":"Automaton","floor":33,"turns":6}],"seed_played":"7222361382502285991","potions_obtained":[{"floor":3,"key":"Ancient Potion"},{"floor":7,"key":"Ancient Potion"},{"floor":10,"key":"Swift Potion"},{"floor":13,"key":"Block Potion"},{"floor":18,"key":"FocusPotion"},{"floor":29,"key":"Block Potion"}],"is_trial":false,"path_per_floor":["M","M","M","$","?","R","E","M","T","M","R","$","M","M","R","B",null,"M","?","?","M","M","R","$","R","T","R","M","E","R","M","R","B"],"character_chosen":"DEFECT","items_purchased":["Hello World","Beam Cell","Defragment","Hologram"],"campfire_rested":2,"item_purchase_floors":[4,12,24,24],"current_hp_per_floor":[57,56,54,54,54,54,27,19,19,15,15,15,15,7,29,26,63,63,63,63,47,39,39,39,39,46,46,37,10,34,24,24,0],"gold":118,"neow_bonus":"THREE_RARE_CARDS","is_prod":false,"is_daily":false,"chose_seed":false,"campfire_upgraded":6,"win_rate":0,"timestamp":1564458208,"path_taken":["M","M","M","?","?","R","E","M","T","M","R","$","?","M","R","BOSS","M","?","?","M","?","R","?","R","T","R","M","E","R","M","R","BOSS"],"build_version":"2019-07-18","purchased_purges":1,"victory":false,"max_hp_per_floor":[75,75,75,75,75,75,75,75,75,75,75,75,75,75,75,75,75,75,75,75,75,75,75,75,75,82,82,82,82,82,82,82,82],"card_choices":[{"not_picked":["Amplify","Creative AI"],"picked":"All For One","floor":0},{"not_picked":["Streamline","Genetic Algorithm"],"picked":"Auto Shields","floor":1},{"not_picked":["Sweeping Beam","Chaos"],"picked":"Redo","floor":2},{"not_picked":["Auto Shields","Sweeping Beam"],"picked":"Steam","floor":3},{"not_picked":["Chill","Stack"],"picked":"FTL","floor":7},{"not_picked":["Buffer","Redo","Coolheaded"],"picked":"SKIP","floor":8},{"not_picked":["Lockon","Coolheaded"],"picked":"Skim","floor":10},{"not_picked":["Cold Snap","Beam Cell","Coolheaded"],"picked":"SKIP","floor":13},{"not_picked":["Barrage","Chaos"],"picked":"Go for the Eyes","floor":14},{"not_picked":["Sweeping Beam","Barrage","Darkness+1"],"picked":"SKIP","floor":18},{"not_picked":["Melter","Redo","Force Field"],"picked":"SKIP","floor":21},{"not_picked":["Ball Lightning","Cold Snap"],"picked":"Leap","floor":22},{"not_picked":["Sweeping Beam","Coolheaded"],"picked":"Defragment","floor":28},{"not_picked":["Genetic Algorithm","Coolheaded"],"picked":"Skim+1","floor":29},{"not_picked":["Compile Driver","Streamline"],"picked":"Steam","floor":31}],"player_experience":441443,"relics_obtained":[{"floor":7,"key":"Ginger"},{"floor":9,"key":"Kunai"},{"floor":26,"key":"Strawberry"},{"floor":29,"key":"Shuriken"}],"event_choices":[{"cards_removed":["Strike_B"],"damage_healed":0,"gold_gain":0,"player_choice":"Purged","damage_taken":0,"max_hp_gain":0,"max_hp_loss":0,"event_name":"Purifier","floor":5,"gold_loss":0},{"cards_removed":["Strike_B"],"damage_healed":0,"gold_gain":0,"player_choice":"Elegance","damage_taken":0,"max_hp_gain":0,"max_hp_loss":0,"event_name":"Back to Basics","floor":19,"gold_loss":0},{"damage_healed":0,"gold_gain":0,"player_choice":"Upgraded","damage_taken":0,"max_hp_gain":0,"max_hp_loss":0,"event_name":"Upgrade Shrine","floor":20,"gold_loss":0,"cards_upgraded":["Dualcast"]}],"is_beta":true,"boss_relics":[{"not_picked":["Black Star","Runic Pyramid"],"picked":"Empty Cage"}],"items_purged_floors":[24],"is_endless":false,"potions_floor_spawned":[3,7,10,13,18,28,29],"killed_by":"Automaton","ascension_level":11}