{"gold_per_floor":[110,35,35,47,64,64,91,109,109,124,0,21,47,47,47,151,151,141,16,31,50,66,93,93,118,118,131,131,131,147,22,22,117,117,137,157,174,174,1173,1173,1203,730,730,730],"floor_reached":44,"playtime":2551,"items_purged":["Strike_R","Strike_R","Strike_R","Normality"],"score":666,"play_id":"9da0e6e5-6d9b-47e2-b7af-712c688411d8","local_time":"20190524214937","is_ascension_mode":true,"campfire_choices":[{"data":"Searing Blow","floor":6,"key":"SMITH"},{"data":"Searing Blow+1","floor":15,"key":"SMITH"},{"data":"Searing Blow+2","floor":24,"key":"SMITH"},{"data":"Searing Blow+3","floor":28,"key":"SMITH"},{"data":"Searing Blow+4","floor":32,"key":"SMITH"},{"data":"Searing Blow+5","floor":40,"key":"SMITH"}],"neow_cost":"NONE","seed_source_timestamp":14541797713359,"circlet_count":0,"master_deck":["Strike_R+1","Defend_R","Defend_R","Defend_R","Defend_R","Bash","Searing Blow+6","Whirlwind+1","Cleave","Rage","Armaments","Impervious","Headbutt","True Grit","Feel No Pain","Reaper","Armaments","Shockwave","Headbutt","Shrug It Off","Thunderclap+1","Writhe","Havoc","Seeing Red","Feed","Shrug It Off","Spot Weakness","Sadistic Nature","Normality","Corruption"],"relics":["Burning Blood","NeowsBlessing","Whetstone","Bronze Scales","Odd Mushroom","Gremlin Horn","Darkstone Periapt","Mark of Pain","Sundial","Du-Vu Doll","Regal Pillow","Runic Pyramid","Mercury Hourglass","Letter Opener"],"potions_floor_usage":[7,7,16,16,30,30,33,41],"damage_taken":[{"damage":0,"enemies":"Small Slimes","floor":1,"turns":1},{"damage":0,"enemies":"Cultist","floor":4,"turns":1},{"damage":0,"enemies":"Jaw Worm","floor":5,"turns":1},{"damage":5,"enemies":"3 Sentries","floor":7,"turns":3},{"damage":12,"enemies":"Exordium Wildlife","floor":8,"turns":3},{"damage":1,"enemies":"Looter","floor":10,"turns":3},{"damage":0,"enemies":"The Mushroom Lair","floor":12,"turns":2},{"damage":32,"enemies":"Lagavulin","floor":13,"turns":8},{"damage":26,"enemies":"Slime Boss","floor":16,"turns":6},{"damage":4,"enemies":"2 Thieves","floor":18,"turns":4},{"damage":0,"enemies":"3 Byrds","floor":20,"turns":4},{"damage":3,"enemies":"Cultist and Chosen","floor":21,"turns":7},{"damage":19,"enemies":"3 Cultists","floor":22,"turns":4},{"damage":8,"enemies":"Gremlin Leader","floor":23,"turns":6},{"damage":17,"enemies":"Slavers","floor":25,"turns":2},{"damage":14,"enemies":"Snecko","floor":27,"turns":5},{"damage":30,"enemies":"Centurion and Healer","floor":30,"turns":6},{"damage":44,"enemies":"Automaton","floor":33,"turns":8},{"damage":0,"enemies":"3 Shapes","floor":35,"turns":3},{"damage":0,"enemies":"Orb Walker","floor":36,"turns":3},{"damage":12,"enemies":"Jaw Worm Horde","floor":37,"turns":3},{"damage":82,"enemies":"Giant Head","floor":41,"turns":9},{"damage":54,"enemies":"Transient","floor":44,"turns":5}],"seed_played":"-8856890642179172722","potions_obtained":[{"floor":1,"key":"SteroidPotion"},{"floor":5,"key":"Explosive Potion"},{"floor":8,"key":"Explosive Potion"},{"floor":13,"key":"Block Potion"},{"floor":18,"key":"GamblersBrew"},{"floor":22,"key":"GamblersBrew"},{"floor":25,"key":"Ancient Potion"},{"floor":33,"key":"FearPotion"},{"floor":37,"key":"Weak Potion"}],"is_trial":false,"path_per_floor":["M","$","?","M","M","R","E","M","T","M","$","?","E","T","R","B",null,"M","$","M","M","M","E","R","E","T","M","R","?","M","$","R","B",null,"M","M","M","?","?","R","E","$","T","M"],"character_chosen":"IRONCLAD","items_purchased":["Headbutt","Seeing Red","SteroidPotion","Corruption","Letter Opener"],"campfire_rested":0,"item_purchase_floors":[11,31,31,42,42],"current_hp_per_floor":[80,80,80,80,80,80,80,74,74,79,79,80,54,54,54,34,80,80,80,80,80,67,79,79,68,68,65,65,71,57,57,57,24,86,89,89,89,89,101,101,40,40,40,0],"gold":730,"neow_bonus":"THREE_ENEMY_KILL","is_prod":false,"is_daily":false,"chose_seed":false,"campfire_upgraded":6,"win_rate":0,"timestamp":1558752577,"path_taken":["M","$","?","M","?","R","E","M","T","M","$","?","E","?","R","BOSS","M","$","M","M","M","E","R","E","T","M","R","?","?","?","R","BOSS","M","M","M","?","?","R","E","$","T","?"],"build_version":"2019-01-23","purchased_purges":4,"victory":false,"max_hp_per_floor":[80,80,80,80,80,80,80,80,80,80,80,80,80,80,80,80,80,80,80,80,80,80,80,80,80,80,80,80,86,86,86,86,86,86,89,89,89,89,101,101,101,101,101,101],"card_choices":[{"not_picked":["Twin Strike","Hemokinesis"],"picked":"Searing Blow","floor":1},{"not_picked":["Battle Trance","Rampage"],"picked":"Whirlwind","floor":4},{"not_picked":["Clash","Heavy Blade"],"picked":"Cleave","floor":5},{"not_picked":["Heavy Blade","Body Slam"],"picked":"Rage","floor":7},{"not_picked":["Body Slam","Battle Trance"],"picked":"Armaments","floor":8},{"not_picked":["Body Slam","Power Through"],"picked":"Impervious","floor":10},{"not_picked":["Wild Strike","Heavy Blade"],"picked":"True Grit","floor":12},{"not_picked":["Entrench","Warcry"],"picked":"Feel No Pain","floor":13},{"not_picked":["Berserk","Exhume"],"picked":"Reaper","floor":16},{"not_picked":["Cleave","Perfected Strike+1"],"picked":"Armaments","floor":18},{"not_picked":["Power Through","Shrug It Off"],"picked":"Shockwave","floor":20},{"not_picked":["Body Slam","Ghostly Armor"],"picked":"Headbutt","floor":21},{"not_picked":["Clothesline","Infernal Blade","Fire Breathing+1"],"picked":"SKIP","floor":22},{"not_picked":["Iron Wave","Heavy Blade","Berserk"],"picked":"SKIP","floor":23},{"not_picked":["Ghostly Armor+1","Wild Strike"],"picked":"Shrug It Off","floor":25},{"not_picked":["Heavy Blade","Twin Strike"],"picked":"Thunderclap+1","floor":27},{"not_picked":["Headbutt","Clash"],"picked":"Havoc","floor":30},{"not_picked":["Barricade","Dark Embrace"],"picked":"Feed","floor":33},{"not_picked":["Clothesline","Intimidate"],"picked":"Shrug It Off","floor":35},{"not_picked":["Sever Soul+1","Flex"],"picked":"Spot Weakness","floor":36},{"not_picked":["Reckless Charge","Twin Strike","Pummel+1"],"picked":"SKIP","floor":37},{"not_picked":["Mind Blast","Panacea"],"picked":"Sadistic Nature","floor":38},{"not_picked":["Wild Strike","Anger+1","Pummel"],"picked":"SKIP","floor":41}],"player_experience":187796,"relics_obtained":[{"floor":7,"key":"Whetstone"},{"floor":9,"key":"Bronze Scales"},{"floor":12,"key":"Odd Mushroom"},{"floor":13,"key":"Gremlin Horn"},{"floor":14,"key":"Darkstone Periapt"},{"floor":23,"key":"Sundial"},{"floor":25,"key":"Du-Vu Doll"},{"floor":26,"key":"Regal Pillow"},{"floor":41,"key":"Mercury Hourglass"}],"event_choices":[{"cards_removed":["Strike_R"],"damage_healed":0,"gold_gain":0,"player_choice":"Offered Basic","damage_taken":0,"max_hp_gain":0,"max_hp_loss":0,"event_name":"Bonfire Elementals","floor":3,"gold_loss":0},{"damage_healed":0,"gold_gain":0,"player_choice":"Fought Mushrooms","damage_taken":0,"max_hp_gain":0,"max_hp_loss":0,"event_name":"Mushrooms","floor":12,"gold_loss":0},{"damage_healed":0,"gold_gain":0,"player_choice":"1 cards matched","damage_taken":0,"max_hp_gain":0,"max_hp_loss":0,"event_name":"Match and Keep!","floor":29,"gold_loss":0,"cards_obtained":["Writhe"]},{"damage_healed":0,"gold_gain":0,"player_choice":"Memory 1","damage_taken":0,"max_hp_gain":0,"max_hp_loss":0,"event_name":"SensoryStone","floor":38,"gold_loss":0},{"damage_healed":0,"gold_gain":999,"player_choice":"Gold","damage_taken":0,"max_hp_gain":0,"max_hp_loss":0,"event_name":"MindBloom","floor":39,"gold_loss":0,"cards_obtained":["Normality","Normality"]}],"is_beta":false,"boss_relics":[{"not_picked":["Black Blood","Astrolabe"],"picked":"Mark of Pain"},{"not_picked":["Eternal Feather","Coffee Dripper"],"picked":"Runic Pyramid"}],"items_purged_floors":[2,11,19,42],"is_endless":false,"potions_floor_spawned":[1,5,8,13,18,22,25,33,37],"killed_by":"Transient","ascension_level":4}