{"gold_per_floor":[363,35,35,35,35,35,56,91,91,91,109,109,145,95,95,215,215,238,238,127,147,33,67,67,0,0,0,14,28,41,41,41,145,145,155,155,155,165,176,176,187,287,341,357,357,371,371,385,385,385],"floor_reached":51,"playtime":2173,"items_purged":["Pain"],"score":1075,"play_id":"76f83a16-3626-4229-bcc2-8b35823d2cff","local_time":"20190719204100","is_ascension_mode":true,"campfire_choices":[{"data":"Defragment","floor":6.0,"key":"SMITH"},{"data":"Zap","floor":10.0,"key":"SMITH"},{"floor":12.0,"key":"REST"},{"floor":15.0,"key":"REST"},{"floor":24.0,"key":"REST"},{"floor":27.0,"key":"REST"},{"floor":32,"key":"REST"},{"data":"Genetic Algorithm","floor":40,"key":"SMITH"},{"data":"Defend_B","floor":45,"key":"SMITH"},{"data":"Defend_B","floor":47,"key":"SMITH"},{"data":"Defend_B","floor":49,"key":"SMITH"}],"neow_cost":"CURSE","seed_source_timestamp":488946437573700,"circlet_count":0,"master_deck":["AscendersBane","Strike_B","Strike_B","Strike_B","Defend_B+1","Defend_B+1","Defend_B+1","Defend_B","Zap+1","Dualcast","Defragment+1","Echo Form+1","Genetic Algorithm+1","All For One","Cold Snap","Loop+1","BootSequence","Melter","Cold Snap","Biased Cognition+1","The Bomb","Self Repair+1","Cold Snap+1","Biased Cognition+1"],"special_seed":0,"relics":["Cracked Core","Frozen Egg 2","Bloody Idol","Art of War","Cables","Meat on the Bone","Black Star","WarpedTongs","Juzu Bracelet","Question Card","Molten Egg 2","Nuclear Battery","Pocketwatch","Bag of Preparation"],"potions_floor_usage":[33,33,41,46,46,50],"damage_taken":[{"damage":6.0,"enemies":"Cultist","floor":1.0,"turns":4.0},{"damage":3.0,"enemies":"Jaw Worm","floor":7.0,"turns":4.0},{"damage":18.0,"enemies":"Gremlin Nob","floor":8.0,"turns":4.0},{"damage":7.0,"enemies":"Small Slimes","floor":11.0,"turns":4.0},{"damage":10.0,"enemies":"Lagavulin","floor":13.0,"turns":7.0},{"damage":18.0,"enemies":"Slime Boss","floor":16.0,"turns":9.0},{"damage":29.0,"enemies":"2 Thieves","floor":18.0,"turns":4.0},{"damage":21.0,"enemies":"3 Byrds","floor":21.0,"turns":4.0},{"damage":32.0,"enemies":"Book of Stabbing","floor":23.0,"turns":5.0},{"damage":17.0,"enemies":"Centurion and Healer","floor":28.0,"turns":8.0},{"damage":0.0,"enemies":"Snecko","floor":29.0,"turns":5.0},{"damage":2,"enemies":"Chosen and Byrds","floor":30,"turns":4},{"damage":31,"enemies":"Automaton","floor":33,"turns":10},{"damage":0,"enemies":"3 Shapes","floor":35,"turns":6},{"damage":12,"enemies":"3 Darklings","floor":38,"turns":6},{"damage":10,"enemies":"Maw","floor":39,"turns":6},{"damage":13,"enemies":"4 Shapes","floor":41,"turns":4},{"damage":22,"enemies":"Mind Bloom Boss Battle","floor":42,"turns":6},{"damage":18,"enemies":"3 Darklings","floor":44,"turns":4},{"damage":34,"enemies":"Jaw Worm Horde","floor":46,"turns":5},{"damage":3,"enemies":"Transient","floor":48,"turns":5},{"damage":25,"enemies":"Time Eater","floor":50,"turns":13}],"seed_played":"-5949512953050661654","potions_obtained":[{"floor":1.0,"key":"Dexterity Potion"},{"floor":11.0,"key":"Weak Potion"},{"floor":13.0,"key":"Weak Potion"},{"floor":28.0,"key":"SpeedPotion"},{"floor":29.0,"key":"AttackPotion"},{"floor":33,"key":"AttackPotion"},{"floor":42,"key":"Energy Potion"},{"floor":44,"key":"GamblersBrew"},{"floor":48,"key":"Dexterity Potion"}],"is_trial":false,"path_per_floor":["M","$","?","?","?","R","M","E","T","R","M","R","E","?","R","B",null,"M","?","$","M","$","E","R","?","T","R","M","M","M","?","R","B",null,"M","?","$","M","M","R","M","?","T","M","R","M","R","M","R","B",null],"character_chosen":"DEFECT","items_purchased":["Defragment","Frozen Egg 2","Loop+1","Melter","Regen Potion"],"campfire_rested":5,"item_purchase_floors":[2,2,20,22,22],"current_hp_per_floor":[62,62,67,67,67,67,64,46,46,46,39,61,51,51,73,55,69,40,40,40,31,31,25,47,47,47,69,52,52,50,50,72,46,67,72,72,72,65,60,60,52,57,62,59,59,62,62,74,74,49],"gold":385,"neow_bonus":"TWO_FIFTY_GOLD","is_prod":false,"is_daily":false,"chose_seed":false,"campfire_upgraded":6,"win_rate":0,"timestamp":1563561660,"path_taken":["M","$","?","?","?","R","M","E","T","R","?","R","E","?","R","BOSS","M","?","$","?","?","E","R","?","T","R","M","M","M","?","R","BOSS","M","?","$","M","M","R","M","?","T","M","R","M","R","M","R","BOSS"],"build_version":"2019-07-17","purchased_purges":1,"victory":true,"max_hp_per_floor":[75,75,80,74,74,74,74,74,74,74,74,74,74,74,74,74,74,74,74,74,74,74,74,74,74,74,74,74,74,74,74,74,74,74,74,74,74,74,74,74,74,74,74,74,74,74,74,74,74,74],"card_choices":[{"not_picked":["Go for the Eyes","Streamline","Blizzard"],"picked":"SKIP","floor":1.0},{"not_picked":["Hologram","Compile Driver","Reprogram"],"picked":"SKIP","floor":7.0},{"not_picked":["Rebound","Conserve Battery"],"picked":"Genetic Algorithm","floor":8.0},{"not_picked":["Compile Driver","Hello World+1","Genetic Algorithm"],"picked":"SKIP","floor":11.0},{"not_picked":["Tempest","Conserve Battery","Redo"],"picked":"SKIP","floor":13.0},{"not_picked":["Hyperbeam","Machine Learning+1"],"picked":"All For One","floor":16.0},{"not_picked":["Heatsinks+1","Turbo"],"picked":"Cold Snap","floor":18.0},{"not_picked":["FTL+1","Rebound"],"picked":"BootSequence","floor":21.0},{"not_picked":["Barrage+1","Force Field"],"picked":"Cold Snap","floor":23.0},{"not_picked":["Scrape+1","Redo+1","Turbo","Genetic Algorithm+1"],"picked":"SKIP","floor":28.0},{"not_picked":["Streamline+1","Conserve Battery","Steam","FTL+1"],"picked":"SKIP","floor":29.0},{"not_picked":["Rebound+1","Hologram","Heatsinks+1","Turbo"],"picked":"SKIP","floor":30},{"not_picked":["Creative AI+1","Seek","All For One+1"],"picked":"Biased Cognition+1","floor":33},{"not_picked":["Stack","Barrage+1","Coolheaded","Conserve Battery"],"picked":"SKIP","floor":35},{"not_picked":["Swift Strike+1","Violence","Good Instincts"],"picked":"The Bomb","floor":36},{"not_picked":["Steam+1","Leap","Lockon+1","Rebound+1"],"picked":"SKIP","floor":38},{"not_picked":["Melter+1","Sweeping Beam+1","FTL+1","Stack+1"],"picked":"SKIP","floor":39},{"not_picked":["Heatsinks+1","Streamline+1","Stack"],"picked":"Self Repair+1","floor":41},{"not_picked":["Leap","Reprogram","Gash+1"],"picked":"Cold Snap+1","floor":44},{"not_picked":["Undo","Conserve Battery","Compile Driver+1"],"picked":"Biased Cognition+1","floor":46},{"not_picked":["Hologram","Recycle","Leap","Scrape+1"],"picked":"SKIP","floor":48}],"player_experience":348748,"relics_obtained":[{"floor":8.0,"key":"Art of War"},{"floor":9.0,"key":"Cables"},{"floor":13.0,"key":"Meat on the Bone"},{"floor":23.0,"key":"Juzu Bracelet"},{"floor":23.0,"key":"Question Card"},{"floor":26.0,"key":"Molten Egg 2"},{"floor":42,"key":"Pocketwatch"},{"floor":43,"key":"Bag of Preparation"}],"event_choices":[{"damage_healed":0.0,"max_hp_gain":5.0,"max_hp_loss":0.0,"gold_gain":0.0,"event_name":"Big Fish","player_choice":"Donut","floor":3.0,"gold_loss":0.0,"damage_taken":0.0},{"damage_healed":0.0,"max_hp_gain":0.0,"max_hp_loss":6.0,"gold_gain":0.0,"event_name":"Golden Idol","player_choice":"Lose Max HP","floor":4.0,"gold_loss":0.0,"damage_taken":0.0,"relics_obtained":["Golden Idol"]},{"damage_healed":0.0,"max_hp_gain":0.0,"max_hp_loss":0.0,"gold_gain":0.0,"cards_transformed":["Strike_B"],"event_name":"Transmorgrifier","player_choice":"Transformed","floor":5.0,"gold_loss":0.0,"damage_taken":0.0,"cards_obtained":["Echo Form"]},{"cards_removed":["Doubt"],"damage_healed":0.0,"max_hp_gain":0.0,"max_hp_loss":0.0,"gold_gain":0.0,"event_name":"The Cleric","player_choice":"Card Removal","floor":14.0,"gold_loss":50.0,"damage_taken":0.0},{"damage_healed":0.0,"max_hp_gain":0.0,"max_hp_loss":0.0,"gold_gain":0.0,"event_name":"Accursed Blacksmith","player_choice":"Rummage","floor":19.0,"gold_loss":0.0,"damage_taken":0.0,"relics_obtained":["WarpedTongs"],"cards_obtained":["Pain"]},{"damage_healed":0.0,"max_hp_gain":0.0,"max_hp_loss":0.0,"gold_gain":0.0,"event_name":"Masked Bandits","player_choice":"Paid Fearfully","floor":25.0,"gold_loss":67.0,"damage_taken":0.0},{"damage_healed":0,"gold_gain":0,"player_choice":"Gave Idol","damage_taken":0,"relics_obtained":["Bloody Idol"],"max_hp_gain":0,"max_hp_loss":0,"event_name":"Forgotten Altar","floor":31,"relics_lost":["Golden Idol"],"gold_loss":0},{"damage_healed":0,"gold_gain":0,"player_choice":"Memory 1","damage_taken":0,"max_hp_gain":0,"max_hp_loss":0,"event_name":"SensoryStone","floor":36,"gold_loss":0},{"damage_healed":0,"gold_gain":0,"player_choice":"Fight","damage_taken":0,"max_hp_gain":0,"max_hp_loss":0,"event_name":"MindBloom","floor":42,"gold_loss":0}],"is_beta":false,"boss_relics":[{"not_picked":["Astrolabe","Ectoplasm"],"picked":"Black Star"},{"not_picked":["Velvet Choker","Fusion Hammer"],"picked":"Nuclear Battery"}],"items_purged_floors":[20],"is_endless":false,"potions_floor_spawned":[1,11,13,28,29,33,42,44,48],"ascension_level":12}