{"gold_per_floor":[118,132,132,132,132,159,159,179,249,249,249,249,164,176,176,176,226,238,255,6,6,6,6,22,22,22,37,37,37,56,68,68,163,163,181,200,200,215,230,230,310,324,324,324,336,336,347,362,362,362],"floor_reached":51,"playtime":6087,"items_purged":[],"score":628,"play_id":"fbae199e-4472-471c-ba8d-f905cee3bcfd","local_time":"20190804124948","is_ascension_mode":false,"campfire_choices":[{"data":"Seeing Red","floor":7,"key":"SMITH"},{"data":"Armaments","floor":15,"key":"SMITH"},{"data":"Searing Blow","floor":23,"key":"SMITH"},{"data":"Searing Blow+1","floor":25,"key":"SMITH"},{"data":"Searing Blow+2","floor":28,"key":"SMITH"},{"data":"Searing Blow+3","floor":32,"key":"SMITH"},{"data":"Searing Blow+4","floor":40,"key":"SMITH"},{"data":"Searing Blow+5","floor":44,"key":"SMITH"},{"data":"Searing Blow+6","floor":46,"key":"SMITH"},{"data":"Searing Blow+7","floor":49,"key":"SMITH"}],"neow_cost":"","seed_source_timestamp":149966323620400,"circlet_count":0,"master_deck":["Strike_R","Strike_R","Strike_R","Strike_R+1","Defend_R","Defend_R","Defend_R+1","Defend_R+1","Bash","Cleave","Armaments+1","Seeing Red+1","Armaments","Metallicize","Deep Breath","Searing Blow+8","Double Tap","Warcry","Shrug It Off","Infernal Blade","Seeing Red+1","Battle Trance+1","Headbutt+1"],"relics":["Burning Blood","Centennial Puzzle","Paper Frog","Sundial","Tiny House","Meat on the Bone","Ice Cream","Busted Crown","Gremlin Horn","Gambling Chip"],"potions_floor_usage":[6,6,6,33,33],"damage_taken":[{"damage":3,"enemies":"2 Louse","floor":1,"turns":4},{"damage":0,"enemies":"Small Slimes","floor":2,"turns":3},{"damage":21,"enemies":"Gremlin Nob","floor":6,"turns":5},{"damage":0,"enemies":"Cultist","floor":8,"turns":4},{"damage":2,"enemies":"Blue Slaver","floor":10,"turns":5},{"damage":0,"enemies":"3 Louse","floor":14,"turns":4},{"damage":52,"enemies":"The Guardian","floor":16,"turns":11},{"damage":30,"enemies":"Chosen","floor":18,"turns":6},{"damage":53,"enemies":"Spheric Guardian","floor":19,"turns":12},{"damage":2,"enemies":"Centurion and Healer","floor":24,"turns":8},{"damage":5,"enemies":"Chosen and Byrds","floor":27,"turns":4},{"damage":23,"enemies":"Colosseum Slavers","floor":29,"turns":6},{"damage":4,"enemies":"Snecko","floor":30,"turns":5},{"damage":1,"enemies":"Cultist and Chosen","floor":31,"turns":5},{"damage":48,"enemies":"Champ","floor":33,"turns":10},{"damage":3,"enemies":"3 Shapes","floor":35,"turns":3},{"damage":29,"enemies":"3 Darklings","floor":36,"turns":4},{"damage":1,"enemies":"Jaw Worm Horde","floor":38,"turns":4},{"damage":18,"enemies":"Maw","floor":39,"turns":6},{"damage":7,"enemies":"Transient","floor":42,"turns":5},{"damage":3,"enemies":"Writhing Mass","floor":45,"turns":5},{"damage":5,"enemies":"Spire Growth","floor":47,"turns":2},{"damage":0,"enemies":"4 Shapes","floor":48,"turns":7},{"damage":58,"enemies":"Awakened One","floor":50,"turns":9}],"seed_played":"-2590520537342435142","potions_obtained":[{"floor":2,"key":"EntropicBrew"},{"floor":14,"key":"Dexterity Potion"},{"floor":17,"key":"Block Potion"},{"floor":31,"key":"PowerPotion"},{"floor":33,"key":"EssenceOfSteel"},{"floor":39,"key":"FearPotion"},{"floor":42,"key":"PowerPotion"}],"is_trial":false,"path_per_floor":["M","M","?","?","$","E","R","M","T","M","?","?","$","M","R","B",null,"M","M","$","?","?","R","M","R","T","M","R","?","M","M","R","B",null,"M","M","?","M","M","R","T","M","T","R","M","R","M","M","R","B",null],"character_chosen":"IRONCLAD","items_purchased":["Deep Breath","Meat on the Bone"],"campfire_rested":0,"item_purchase_floors":[13,20],"current_hp_per_floor":[80,80,64,57,57,42,42,48,48,52,49,75,75,80,80,34,85,61,14,14,14,14,14,30,30,30,43,43,38,52,57,57,27,85,85,62,85,85,73,73,73,72,72,72,75,75,76,82,82,42],"gold":362,"neow_bonus":"","is_prod":false,"is_daily":false,"chose_seed":false,"campfire_upgraded":10,"win_rate":0.0,"timestamp":1564937388,"path_taken":["M","M","?","?","$","E","R","M","T","M","?","?","$","M","R","BOSS","M","M","$","?","?","R","M","R","T","?","R","?","M","M","R","BOSS","M","M","?","?","M","R","?","M","T","R","M","R","M","?","R","BOSS"],"build_version":"2019-07-17","purchased_purges":0,"victory":true,"max_hp_per_floor":[80,80,80,80,80,80,80,80,80,80,80,80,80,80,80,80,85,85,85,85,85,85,85,85,85,85,85,85,85,85,85,85,85,85,85,85,85,85,85,85,85,85,85,85,85,85,85,85,85,85],"card_choices":[{"not_picked":["Clothesline","Twin Strike"],"picked":"Cleave","floor":1},{"not_picked":["Seeing Red","Sword Boomerang"],"picked":"Armaments","floor":2},{"not_picked":["Dropkick","Rupture"],"picked":"Seeing Red","floor":6},{"not_picked":["Flex","Clash"],"picked":"Armaments","floor":8},{"not_picked":["Combust","Body Slam"],"picked":"Metallicize","floor":10},{"not_picked":["Shockwave","Rampage"],"picked":"Searing Blow","floor":14},{"not_picked":["Offering","Brutality"],"picked":"Double Tap","floor":16},{"not_picked":["Twin Strike","Thunderclap"],"picked":"Warcry","floor":17},{"not_picked":["Twin Strike","Sword Boomerang"],"picked":"Shrug It Off","floor":18},{"not_picked":["Headbutt","Cleave"],"picked":"Infernal Blade","floor":19},{"not_picked":["Cleave","Power Through","Twin Strike"],"picked":"SKIP","floor":24},{"not_picked":["Ghostly Armor","Seeing Red","Flame Barrier"],"picked":"SKIP","floor":27},{"not_picked":["Perfected Strike+1","Flame Barrier"],"picked":"Battle Trance+1","floor":30},{"not_picked":["Anger","True Grit","Fire Breathing"],"picked":"SKIP","floor":31},{"not_picked":["Anger"],"picked":"SKIP","floor":35},{"not_picked":["Cleave"],"picked":"SKIP","floor":36},{"not_picked":["Twin Strike"],"picked":"SKIP","floor":38},{"not_picked":["Thunderclap"],"picked":"SKIP","floor":39},{"not_picked":["Body Slam+1"],"picked":"SKIP","floor":42},{"not_picked":["Armaments"],"picked":"SKIP","floor":45},{"not_picked":["Clothesline+1"],"picked":"SKIP","floor":47},{"not_picked":[],"picked":"Headbutt+1","floor":48}],"player_experience":0,"relics_obtained":[{"floor":6,"key":"Centennial Puzzle"},{"floor":9,"key":"Paper Frog"},{"floor":26,"key":"Ice Cream"},{"floor":41,"key":"Gremlin Horn"},{"floor":43,"key":"Gambling Chip"}],"event_choices":[{"damage_healed":0,"gold_gain":0,"player_choice":"Entered Light","damage_taken":16,"max_hp_gain":0,"max_hp_loss":0,"event_name":"Shining Light","floor":3,"gold_loss":0,"cards_upgraded":["Defend_R","Strike_R"]},{"cards_removed":["Strike_R"],"damage_healed":0,"gold_gain":0,"player_choice":"Card Removal","damage_taken":7,"max_hp_gain":0,"max_hp_loss":0,"event_name":"Golden Wing","floor":4,"gold_loss":0},{"damage_healed":0,"gold_gain":0,"player_choice":"Success","damage_taken":3,"relics_obtained":["Sundial"],"max_hp_gain":0,"max_hp_loss":0,"event_name":"Scrap Ooze","floor":11,"gold_loss":0},{"damage_healed":26,"gold_gain":0,"player_choice":"Banana","damage_taken":0,"max_hp_gain":0,"max_hp_loss":0,"event_name":"Big Fish","floor":12,"gold_loss":0},{"damage_healed":0,"gold_gain":0,"player_choice":"Ignored","damage_taken":0,"max_hp_gain":0,"max_hp_loss":0,"event_name":"Vampires","floor":21,"gold_loss":0},{"damage_healed":0,"gold_gain":0,"player_choice":"Copied","damage_taken":0,"max_hp_gain":0,"max_hp_loss":0,"event_name":"Duplicator","floor":22,"gold_loss":0,"cards_obtained":["Seeing Red"]},{"damage_healed":0,"gold_gain":0,"player_choice":"Fight","damage_taken":0,"max_hp_gain":0,"max_hp_loss":0,"event_name":"Colosseum","floor":29,"gold_loss":0},{"damage_healed":0,"gold_gain":0,"player_choice":"Fled From Nobs","damage_taken":0,"max_hp_gain":0,"max_hp_loss":0,"event_name":"Colosseum","floor":29,"gold_loss":0},{"damage_healed":23,"gold_gain":0,"player_choice":"Full Heal","damage_taken":0,"max_hp_gain":0,"max_hp_loss":0,"event_name":"Wheel of Change","floor":37,"gold_loss":0}],"is_beta":false,"boss_relics":[{"not_picked":["Sozu","White Beast Statue"],"picked":"Tiny House"},{"not_picked":["Snecko Eye","Empty Cage"],"picked":"Busted Crown"}],"items_purged_floors":[],"is_endless":false,"potions_floor_spawned":[2,10,14,16,27,29,31,33,39,42,45,47],"ascension_level":0}