{"gold_per_floor":[109,34,49,49,65,65,78,119,146,166,166],"floor_reached":11,"playtime":379,"items_purged":[],"score":143,"play_id":"6218b10b-1e1c-4a04-8f7e-47bcd993e4c8","local_time":"20190711210128","is_ascension_mode":true,"campfire_choices":[{"data":"Heavy Blade","floor":6,"key":"SMITH"}],"neow_cost":"NONE","seed_source_timestamp":97131675376518,"circlet_count":0,"master_deck":["AscendersBane","Strike_R","Strike_R","Strike_R","Strike_R","Defend_R","Defend_R","Defend_R","Defend_R","Bash","Seeing Red","Heavy Blade+1","Iron Wave","Combust","Bludgeon","Seeing Red"],"relics":["Burning Blood","NeowsBlessing","Golden Idol","Lantern","Happy Flower"],"potions_floor_usage":[8,10,11],"damage_taken":[{"damage":0,"enemies":"Small Slimes","floor":1,"turns":1},{"damage":0,"enemies":"Jaw Worm","floor":3,"turns":1},{"damage":0,"enemies":"Cultist","floor":5,"turns":1},{"damage":4,"enemies":"Red Slaver","floor":7,"turns":4},{"damage":41,"enemies":"3 Sentries","floor":8,"turns":9},{"damage":7,"enemies":"2 Fungi Beasts","floor":10,"turns":2},{"damage":29,"enemies":"Gremlin Nob","floor":11,"turns":3}],"seed_played":"-4369314659824052994","potions_obtained":[{"floor":1,"key":"Poison Potion"},{"floor":5,"key":"SteroidPotion"},{"floor":10,"key":"Swift Potion"}],"is_trial":false,"path_per_floor":["M","?","M","?","M","R","M","E","T","M","E"],"character_chosen":"IRONCLAD","items_purchased":[],"campfire_rested":0,"item_purchase_floors":[],"current_hp_per_floor":[74,74,75,49,55,55,57,22,22,21,0],"gold":166,"neow_bonus":"THREE_ENEMY_KILL","is_prod":false,"is_daily":false,"chose_seed":false,"campfire_upgraded":1,"win_rate":0,"timestamp":1562896888,"path_taken":["M","?","M","?","?","R","?","E","T","M","E"],"build_version":"2019-07-05","purchased_purges":0,"victory":false,"max_hp_per_floor":[75,75,75,75,75,75,75,75,75,75,75],"card_choices":[{"not_picked":["Bloodletting","Thunderclap"],"picked":"Seeing Red","floor":1},{"not_picked":["Thunderclap","Sword Boomerang"],"picked":"Heavy Blade","floor":3},{"not_picked":["Armaments","Thunderclap"],"picked":"Iron Wave","floor":5},{"not_picked":["Wild Strike","Sever Soul"],"picked":"Combust","floor":7},{"not_picked":["Headbutt","Anger"],"picked":"Bludgeon","floor":8},{"not_picked":["Warcry","Heavy Blade"],"picked":"Seeing Red","floor":10}],"player_experience":467854,"relics_obtained":[{"floor":8,"key":"Lantern"},{"floor":9,"key":"Happy Flower"}],"event_choices":[{"cards_removed":["Strike_R"],"damage_healed":0,"gold_gain":0,"player_choice":"Card Removal","damage_taken":0,"max_hp_gain":0,"max_hp_loss":0,"event_name":"The Cleric","floor":2,"gold_loss":75},{"damage_healed":0,"gold_gain":0,"player_choice":"Take Damage","damage_taken":26,"relics_obtained":["Golden Idol"],"max_hp_gain":0,"max_hp_loss":0,"event_name":"Golden Idol","floor":4,"gold_loss":0}],"is_beta":false,"boss_relics":[],"items_purged_floors":[],"is_endless":false,"potions_floor_spawned":[1,5,10],"killed_by":"Gremlin Nob","ascension_level":18}