{"gold_per_floor":[113,131,147,147,160,160,172,192,192,192,60,60,60],"floor_reached":13,"playtime":482,"items_purged":["Strike_R"],"score":146,"play_id":"05bba2de-8670-42f2-b7fd-64ea11a853fc","local_time":"20190715202337","is_ascension_mode":true,"campfire_choices":[{"data":"Body Slam","floor":6,"key":"SMITH"},{"data":"Barricade","floor":10,"key":"SMITH"},{"floor":12,"key":"REST"}],"neow_cost":"NONE","seed_source_timestamp":440363963263594,"circlet_count":0,"master_deck":["AscendersBane","Strike_R","Strike_R","Strike_R","Defend_R","Defend_R","Defend_R","Defend_R","Bash","Barricade+1","Battle Trance","Pommel Strike","Body Slam+1","Spot Weakness","Metallicize","Juggernaut","Shrug It Off"],"relics":["Burning Blood","Meat on the Bone"],"potions_floor_usage":[8,13,13],"damage_taken":[{"damage":45,"enemies":"Cultist","floor":1,"turns":7},{"damage":10,"enemies":"2 Louse","floor":2,"turns":4},{"damage":8,"enemies":"Small Slimes","floor":3,"turns":4},{"damage":20,"enemies":"Red Slaver","floor":5,"turns":4},{"damage":16,"enemies":"Blue Slaver","floor":7,"turns":4},{"damage":30,"enemies":"3 Louse","floor":8,"turns":3},{"damage":49,"enemies":"Gremlin Nob","floor":13,"turns":4}],"seed_played":"1435779244248180808","potions_obtained":[{"floor":3,"key":"PowerPotion"},{"floor":5,"key":"BloodPotion"},{"floor":8,"key":"GamblersBrew"}],"is_trial":false,"path_per_floor":["M","M","M","?","M","R","M","M","T","R","$","R","E"],"character_chosen":"IRONCLAD","items_purchased":["Shrug It Off"],"campfire_rested":1,"item_purchase_floors":[11],"current_hp_per_floor":[29,25,23,48,34,34,24,18,18,18,18,40,0],"gold":60,"neow_bonus":"TRANSFORM_CARD","is_prod":false,"is_daily":false,"chose_seed":false,"campfire_upgraded":2,"win_rate":0,"timestamp":1563240217,"path_taken":["M","M","?","?","M","R","M","M","T","R","$","R","E"],"build_version":"2019-07-05","purchased_purges":1,"victory":false,"max_hp_per_floor":[75,75,75,75,75,75,75,75,75,75,75,75,75],"card_choices":[{"not_picked":["Wild Strike","Clash"],"picked":"Battle Trance","floor":1},{"not_picked":["Perfected Strike","Cleave"],"picked":"Pommel Strike","floor":2},{"not_picked":["Armaments","True Grit"],"picked":"Body Slam","floor":3},{"not_picked":["Clash","Twin Strike"],"picked":"Spot Weakness","floor":5},{"not_picked":["Anger","Clash"],"picked":"Metallicize","floor":7},{"not_picked":["Uppercut","Rampage"],"picked":"Juggernaut","floor":8}],"player_experience":493897,"relics_obtained":[{"floor":9,"key":"Meat on the Bone"}],"event_choices":[{"damage_healed":25,"gold_gain":0,"player_choice":"Banana","damage_taken":0,"max_hp_gain":0,"max_hp_loss":0,"event_name":"Big Fish","floor":4,"gold_loss":0}],"is_beta":false,"boss_relics":[],"items_purged_floors":[11],"is_endless":false,"potions_floor_spawned":[3,5,8],"killed_by":"Gremlin Nob","ascension_level":18}