{"gold_per_floor":[118,118,138,158,169,169,344,344,344,344,31,59,59,91,91,194,194,163,179,179,31,31,31,59,73,100,112,112,130,130,130],"floor_reached":31,"playtime":1552,"items_purged":[],"score":329,"play_id":"1bf5bb58-086d-4497-9c16-df4f9539797e","local_time":"20190602155316","is_ascension_mode":true,"campfire_choices":[{"data":"Reaper","floor":6,"key":"SMITH"},{"data":"Armaments","floor":8,"key":"SMITH"},{"data":"Sword Boomerang","floor":10,"key":"SMITH"},{"data":"Body Slam","floor":13,"key":"SMITH"},{"data":"Metallicize","floor":15,"key":"SMITH"},{"data":"Flame Barrier","floor":23,"key":"SMITH"},{"data":"Fiend Fire","floor":28,"key":"SMITH"}],"neow_cost":"NONE","seed_source_timestamp":41033472199965,"circlet_count":0,"master_deck":["Strike_R+1","Strike_R+1","Strike_R+1","Strike_R+1","Strike_R+1","Defend_R+1","Defend_R+1","Defend_R+1","Defend_R+1","Bash","Sword Boomerang+1","Armaments+1","Dropkick","Reaper+1","Doubt","Metallicize+1","Body Slam+1","Iron Wave","Shrug It Off","Limit Break","Armaments","Second Wind+1","Entrench","Flame Barrier+1","Metallicize","Warcry","Fiend Fire+1","Feel No Pain","Corruption+1","Whirlwind","Decay"],"relics":["Burning Blood","NeowsBlessing","Shuriken","Sling","Prayer Wheel","Centennial Puzzle","Mark of Pain","Strawberry","Ornamental Fan","Pen Nib"],"potions_floor_usage":[12,12,12,24,24,31],"damage_taken":[{"damage":0,"enemies":"Cultist","floor":1,"turns":1},{"damage":0,"enemies":"Jaw Worm","floor":3,"turns":1},{"damage":0,"enemies":"Small Slimes","floor":4,"turns":1},{"damage":22,"enemies":"Exordium Thugs","floor":5,"turns":5},{"damage":6,"enemies":"Lagavulin","floor":12,"turns":6},{"damage":26,"enemies":"3 Sentries","floor":14,"turns":8},{"damage":56,"enemies":"The Guardian","floor":16,"turns":17},{"damage":23,"enemies":"2 Thieves","floor":18,"turns":5},{"damage":19,"enemies":"Chosen","floor":19,"turns":5},{"damage":13,"enemies":"Slavers","floor":24,"turns":5},{"damage":20,"enemies":"Snake Plant","floor":25,"turns":5},{"damage":23,"enemies":"Cultist and Chosen","floor":27,"turns":9},{"damage":49,"enemies":"3 Cultists","floor":29,"turns":9},{"damage":27,"enemies":"Snecko","floor":31,"turns":5}],"seed_played":"-1963112287759314889","potions_obtained":[{"floor":2,"key":"Block Potion"},{"floor":2,"key":"Block Potion"},{"floor":2,"key":"Block Potion"},{"floor":18,"key":"Regen Potion"},{"floor":19,"key":"Ancient Potion"},{"floor":27,"key":"GamblersBrew"}],"is_trial":false,"path_per_floor":["M","?","M","M","M","R","?","R","T","R","$","E","R","E","R","B",null,"M","M","?","$","?","R","E","M","T","M","R","M","?","M"],"character_chosen":"IRONCLAD","items_purchased":["Sling","Metallicize","Body Slam","Metallicize","Warcry","Strength Potion"],"campfire_rested":0,"item_purchase_floors":[11,11,11,21,21,21],"current_hp_per_floor":[80,80,80,80,64,64,64,64,64,64,64,74,74,70,70,26,67,56,48,48,48,55,55,78,64,64,53,53,20,20,0],"gold":130,"neow_bonus":"THREE_ENEMY_KILL","is_prod":false,"is_daily":false,"chose_seed":false,"campfire_upgraded":7,"win_rate":0,"timestamp":1559508796,"path_taken":["M","?","M","?","M","R","?","R","T","R","$","E","R","E","R","BOSS","M","M","?","$","?","R","E","M","T","?","R","M","?","M"],"build_version":"2019-01-23","purchased_purges":0,"victory":false,"max_hp_per_floor":[80,80,80,80,80,80,80,80,80,80,80,80,80,80,80,80,80,80,80,80,80,87,87,87,87,87,87,87,87,87,87],"card_choices":[{"not_picked":["Flex","Clash"],"picked":"Sword Boomerang","floor":1},{"not_picked":["Heavy Blade","Feel No Pain"],"picked":"Armaments","floor":3},{"not_picked":["Flex","Cleave"],"picked":"Dropkick","floor":4},{"not_picked":["Ghostly Armor","Havoc"],"picked":"Reaper","floor":5},{"not_picked":["Anger","Thunderclap"],"picked":"Iron Wave","floor":12},{"not_picked":["Infernal Blade","Shockwave"],"picked":"Shrug It Off","floor":14},{"not_picked":["Barricade","Dark Embrace"],"picked":"Limit Break","floor":16},{"not_picked":["Combust","Body Slam"],"picked":"Armaments","floor":18},{"not_picked":["Clash","Perfected Strike"],"picked":"Second Wind+1","floor":18},{"not_picked":["Perfected Strike+1","Flex"],"picked":"Entrench","floor":19},{"not_picked":["Reckless Charge","Twin Strike"],"picked":"Flame Barrier","floor":19},{"not_picked":["Body Slam","Perfected Strike","Carnage"],"picked":"SKIP","floor":24},{"not_picked":["Iron Wave","Clothesline"],"picked":"Fiend Fire","floor":25},{"not_picked":["Ghostly Armor","True Grit"],"picked":"Feel No Pain","floor":25},{"not_picked":["Shrug It Off+1","Evolve"],"picked":"Corruption+1","floor":27},{"not_picked":["Twin Strike","Clash","Body Slam"],"picked":"SKIP","floor":27},{"not_picked":["Armaments","Warcry"],"picked":"Whirlwind","floor":29},{"not_picked":["Armaments","Dropkick+1","Flex"],"picked":"SKIP","floor":29}],"player_experience":255840,"relics_obtained":[{"floor":9,"key":"Shuriken"},{"floor":12,"key":"Prayer Wheel"},{"floor":14,"key":"Centennial Puzzle"},{"floor":24,"key":"Ornamental Fan"},{"floor":26,"key":"Pen Nib"}],"event_choices":[{"damage_healed":0,"gold_gain":0,"player_choice":"Got Potions","damage_taken":0,"max_hp_gain":0,"max_hp_loss":0,"event_name":"Lab","floor":2,"gold_loss":0},{"damage_healed":0,"gold_gain":175,"player_choice":"AGREE","damage_taken":0,"max_hp_gain":0,"max_hp_loss":0,"event_name":"Liars Game","floor":7,"gold_loss":0,"cards_obtained":["Doubt"]},{"damage_healed":0,"gold_gain":0,"player_choice":"Simplicity","damage_taken":0,"max_hp_gain":0,"max_hp_loss":0,"event_name":"Back to Basics","floor":20,"gold_loss":0,"cards_upgraded":["Strike_R","Strike_R","Strike_R","Strike_R","Strike_R","Defend_R","Defend_R","Defend_R","Defend_R"]},{"damage_healed":0,"gold_gain":0,"player_choice":"Gave Potion","damage_taken":0,"relics_obtained":["Strawberry"],"max_hp_gain":0,"max_hp_loss":0,"event_name":"WeMeetAgain","floor":22,"gold_loss":0},{"damage_healed":0,"gold_gain":0,"player_choice":"Smashed Altar","damage_taken":0,"max_hp_gain":0,"max_hp_loss":0,"event_name":"Forgotten Altar","floor":30,"gold_loss":0,"cards_obtained":["Decay"]}],"is_beta":false,"boss_relics":[{"not_picked":["Runic Dome","White Beast Statue"],"picked":"Mark of Pain"}],"items_purged_floors":[],"is_endless":false,"potions_floor_spawned":[3,18,19,27],"killed_by":"Snecko","ascension_level":5}