{"gold_per_floor":[209,209,220,234,234,234,234,254,254,254,289,304,318,335,335,412,412,431,431,441,455,468,468,478,478,478,96,106,52,63,77,77,77],"floor_reached":33,"playtime":1270,"items_purged":[],"score":535,"play_id":"58d93fd6-3fb2-40f0-8339-57290abce709","local_time":"20190803220406","is_ascension_mode":true,"campfire_choices":[{"data":"Zap","floor":6.0,"key":"SMITH"},{"data":"Dualcast","floor":10.0,"key":"SMITH"},{"floor":15.0,"key":"REST"},{"floor":23.0,"key":"REST"},{"floor":25.0,"key":"REST"},{"floor":32,"key":"REST"}],"neow_cost":"NONE","seed_source_timestamp":1041357549670600,"circlet_count":0,"master_deck":["AscendersBane","Strike_B","Strike_B","Strike_B","Strike_B","Defend_B","Defend_B","Defend_B","Defend_B","Zap+1","Dualcast+1","Capacitor","Glacier","Go for the Eyes","BootSequence","Conserve Battery","Ball Lightning","Electrodynamics","Stack+1","Ball Lightning","Seek","Gash+1","Lockon+1","Beam Cell+1","Blizzard+1","All For One+1"],"special_seed":0,"relics":["Cracked Core","FaceOfCleric","Meat on the Bone","Torii","Inserter","Molten Egg 2","Kunai"],"potions_floor_usage":[30,33],"damage_taken":[{"damage":3.0,"enemies":"2 Louse","floor":1.0,"turns":2.0},{"damage":6.0,"enemies":"Cultist","floor":3.0,"turns":3.0},{"damage":4.0,"enemies":"Jaw Worm","floor":4.0,"turns":4.0},{"damage":10.0,"enemies":"Exordium Wildlife","floor":8.0,"turns":7.0},{"damage":21.0,"enemies":"Lagavulin","floor":11.0,"turns":9.0},{"damage":1.0,"enemies":"Large Slime","floor":12.0,"turns":7.0},{"damage":6.0,"enemies":"Looter","floor":13.0,"turns":4.0},{"damage":2.0,"enemies":"Gremlin Gang","floor":14.0,"turns":4.0},{"damage":40.0,"enemies":"Hexaghost","floor":16.0,"turns":13.0},{"damage":20.0,"enemies":"2 Thieves","floor":18.0,"turns":4.0},{"damage":15.0,"enemies":"Shell Parasite","floor":20.0,"turns":8.0},{"damage":0.0,"enemies":"Centurion and Healer","floor":21.0,"turns":5.0},{"damage":33.0,"enemies":"Snecko","floor":22.0,"turns":6.0},{"damage":24.0,"enemies":"Shelled Parasite and Fungi","floor":24.0,"turns":9.0},{"damage":14.0,"enemies":"Snake Plant","floor":28.0,"turns":5.0},{"damage":19,"enemies":"Centurion and Healer","floor":30,"turns":7},{"damage":39,"enemies":"Cultist and Chosen","floor":31,"turns":7},{"damage":67,"enemies":"Automaton","floor":33,"turns":8}],"seed_played":"-5365252501721546347","potions_obtained":[{"floor":1.0,"key":"Block Potion"},{"floor":8.0,"key":"Ancient Potion"},{"floor":13.0,"key":"FocusPotion"},{"floor":20.0,"key":"Explosive Potion"},{"floor":22.0,"key":"SkillPotion"},{"floor":31,"key":"Strength Potion"}],"is_trial":false,"path_per_floor":["M","?","M","M","$","R","?","M","T","R","E","M","M","M","R","B",null,"M","$","M","M","M","R","M","R","T","$","M","$","M","M","R","B"],"character_chosen":"DEFECT","items_purchased":["Gash+1","Kunai","Lockon+1","Beam Cell+1"],"campfire_rested":4,"item_purchase_floors":[27,27,27,29],"current_hp_per_floor":[61,66,60,56,56,56,56,47,47,47,39,51,46,45,69,42,72,53,53,51,52,32,57,46,72,72,72,59,59,53,27,54,0],"gold":77,"neow_bonus":"HUNDRED_GOLD","is_prod":false,"is_daily":false,"chose_seed":false,"campfire_upgraded":2,"win_rate":0,"timestamp":1564862646,"path_taken":["M","?","M","M","$","R","?","M","T","R","E","M","M","M","R","BOSS","M","$","?","M","M","R","M","R","T","?","M","$","M","M","R","BOSS"],"build_version":"2019-07-17","purchased_purges":0,"victory":false,"max_hp_per_floor":[71,76,76,76,76,76,76,77,77,77,78,79,80,81,81,82,82,83,83,84,85,86,86,87,87,87,87,88,88,89,90,90,90],"card_choices":[{"not_picked":["Streamline","Static Discharge"],"picked":"Capacitor","floor":1.0},{"not_picked":["Hologram","FTL","Genetic Algorithm"],"picked":"SKIP","floor":3.0},{"not_picked":["Coolheaded","Barrage"],"picked":"Glacier","floor":4.0},{"not_picked":["Static Discharge","Darkness"],"picked":"Go for the Eyes","floor":8.0},{"not_picked":["Chaos","Streamline"],"picked":"BootSequence","floor":11.0},{"not_picked":["Tempest","Darkness"],"picked":"Conserve Battery","floor":12.0},{"not_picked":["Steam","Conserve Battery"],"picked":"Ball Lightning","floor":13.0},{"not_picked":["Sweeping Beam","Tempest","Redo"],"picked":"SKIP","floor":14.0},{"not_picked":["All For One","Seek"],"picked":"Electrodynamics","floor":16.0},{"not_picked":["Streamline+1","Steam"],"picked":"Stack+1","floor":18.0},{"not_picked":["BootSequence","Melter"],"picked":"Ball Lightning","floor":20.0},{"not_picked":["Conserve Battery","White Noise","Darkness"],"picked":"SKIP","floor":21.0},{"not_picked":["Coolheaded","Rip and Tear"],"picked":"Seek","floor":22.0},{"not_picked":["Stack","Conserve Battery","Aggregate"],"picked":"SKIP","floor":24.0},{"not_picked":["Barrage+1","Fusion","Sweeping Beam+1"],"picked":"SKIP","floor":28.0},{"not_picked":["Beam Cell+1","Turbo+1"],"picked":"Blizzard+1","floor":30},{"not_picked":["Go for the Eyes+1","Gash+1"],"picked":"All For One+1","floor":31}],"player_experience":411394,"relics_obtained":[{"floor":9.0,"key":"Meat on the Bone"},{"floor":11.0,"key":"Torii"},{"floor":26.0,"key":"Molten Egg 2"}],"event_choices":[{"damage_healed":0.0,"max_hp_gain":5.0,"max_hp_loss":0.0,"gold_gain":0.0,"event_name":"Big Fish","player_choice":"Donut","floor":2.0,"gold_loss":0.0,"damage_taken":0.0},{"damage_healed":0.0,"max_hp_gain":0.0,"max_hp_loss":0.0,"gold_gain":0.0,"event_name":"FaceTrader","player_choice":"Trade","floor":7.0,"gold_loss":0.0,"damage_taken":0.0,"relics_obtained":["FaceOfCleric"]}],"is_beta":false,"boss_relics":[{"not_picked":["Calling Bell","Tiny House"],"picked":"Inserter"}],"items_purged_floors":[],"is_endless":false,"potions_floor_spawned":[1,8,13,20,22,31],"killed_by":"Automaton","ascension_level":20}