{"gold_per_floor":[116,133,133,9,19,46,63,63,63,63,87,87,117,129,129,226,226,237,237],"floor_reached":19,"playtime":1015,"items_purged":["Regret"],"score":239,"play_id":"2bb6d9e3-88a2-4371-a17d-7ffdfd1dae43","local_time":"20190614075907","is_ascension_mode":true,"campfire_choices":[{"floor":10,"key":"REST"},{"data":"Fiend Fire","floor":12,"key":"SMITH"},{"data":"Flame Barrier","floor":15,"key":"SMITH"}],"neow_cost":"CURSE","seed_source_timestamp":108421054256207,"circlet_count":0,"master_deck":["Bash","Parasite","Fiend Fire+1","True Grit","Havoc","Iron Wave","Entrench","Shrug It Off","Seeing Red","Flame Barrier+1","Impervious","Combust","Limit Break","Hemokinesis","Fire Breathing","Cleave","Second Wind","Power Through","Entrench","Flex","Spot Weakness"],"relics":["Burning Blood","Kunai","Letter Opener","Regal Pillow","Red Skull","Pandora\u0027s Box"],"potions_floor_usage":[6,7,16,16],"damage_taken":[{"damage":7,"enemies":"2 Louse","floor":1,"turns":4},{"damage":3,"enemies":"Small Slimes","floor":2,"turns":5},{"damage":1,"enemies":"Jaw Worm","floor":5,"turns":7},{"damage":78,"enemies":"Lagavulin","floor":6,"turns":9},{"damage":13,"enemies":"3 Louse","floor":7,"turns":4},{"damage":8,"enemies":"Gremlin Nob","floor":13,"turns":3},{"damage":3,"enemies":"Large Slime","floor":14,"turns":3},{"damage":38,"enemies":"Hexaghost","floor":16,"turns":9},{"damage":31,"enemies":"Chosen","floor":18,"turns":5},{"damage":46,"enemies":"Spheric Guardian","floor":19,"turns":5}],"seed_played":"8001765088017002663","potions_obtained":[{"floor":1,"key":"Regen Potion"},{"floor":7,"key":"SkillPotion"},{"floor":13,"key":"SkillPotion"},{"floor":14,"key":"Weak Potion"},{"floor":18,"key":"Dexterity Potion"}],"is_trial":false,"path_per_floor":["M","M","?","$","M","E","M","?","T","R","T","R","E","M","R","B",null,"M","M"],"character_chosen":"IRONCLAD","items_purchased":["Explosive Potion"],"campfire_rested":1,"item_purchase_floors":[4],"current_hp_per_floor":[71,74,74,74,79,22,15,15,15,39,39,39,37,40,40,8,62,37,0],"gold":237,"neow_bonus":"THREE_RARE_CARDS","is_prod":false,"is_daily":false,"chose_seed":false,"campfire_upgraded":2,"win_rate":0,"timestamp":1560517147,"path_taken":["M","M","?","$","M","E","M","?","T","R","?","R","E","M","R","BOSS","M","M"],"build_version":"2019-01-23","purchased_purges":1,"victory":false,"max_hp_per_floor":[80,80,80,80,80,80,80,80,80,80,80,80,80,80,80,80,80,80,80],"card_choices":[{"not_picked":["Juggernaut","Offering"],"picked":"Fiend Fire","floor":0},{"not_picked":["Thunderclap","Armaments"],"picked":"True Grit","floor":1},{"not_picked":["Body Slam","Heavy Blade"],"picked":"Havoc","floor":2},{"not_picked":["Perfected Strike","Headbutt"],"picked":"Iron Wave","floor":5},{"not_picked":["Armaments","Barricade"],"picked":"Entrench","floor":6},{"not_picked":["Sword Boomerang","Warcry"],"picked":"Shrug It Off","floor":7},{"not_picked":["Cleave","Combust"],"picked":"Seeing Red","floor":13},{"not_picked":["Searing Blow","Clash"],"picked":"Flame Barrier","floor":14},{"not_picked":["Barricade","Immolate"],"picked":"Impervious","floor":16},{"not_picked":["Wild Strike+1","Clash"],"picked":"Spot Weakness","floor":18}],"player_experience":321369,"relics_obtained":[{"floor":6,"key":"Letter Opener"},{"floor":11,"key":"Regal Pillow"},{"floor":13,"key":"Red Skull"}],"event_choices":[{"damage_healed":0,"gold_gain":0,"player_choice":"Box","damage_taken":0,"relics_obtained":["Kunai"],"max_hp_gain":0,"max_hp_loss":0,"event_name":"Big Fish","floor":3,"gold_loss":0,"cards_obtained":["Regret"]},{"damage_healed":0,"gold_gain":0,"player_choice":"Ignored","damage_taken":0,"max_hp_gain":0,"max_hp_loss":0,"event_name":"Shining Light","floor":8,"gold_loss":0}],"is_beta":false,"boss_relics":[{"not_picked":["Runic Dome","White Beast Statue"],"picked":"Pandora\u0027s Box"}],"items_purged_floors":[4],"is_endless":false,"potions_floor_spawned":[1,7,13,14,18],"killed_by":"Spheric Guardian","ascension_level":7}