{"gold_per_floor":[114,133,133,148,168,168,182,182,182,182,201,219,219,247,247,346,346,362,25,36,36,54,54,66,98,177,189,189,189,209,109,109,207,207,217,217,217,217,297,297,297,309,309,322,322,122,132,143,143,143],"floor_reached":51,"playtime":3006,"items_purged":["Defend_B","Defend_B","Defend_B"],"score":851,"play_id":"a59c7450-89ca-40d9-afd8-c6d03166d7fa","local_time":"20181016031124","is_ascension_mode":true,"campfire_choices":[{"data":"Doom and Gloom","floor":6,"key":"SMITH"},{"data":"Sunder","floor":10,"key":"SMITH"},{"data":"Zap","floor":13,"key":"SMITH"},{"data":"Dualcast","floor":15,"key":"SMITH"},{"data":"Fission","floor":23,"key":"SMITH"},{"data":"Double Energy","floor":28,"key":"SMITH"},{"data":"Loop","floor":32,"key":"SMITH"},{"data":"Conserve Battery","floor":40,"key":"SMITH"},{"data":"Conserve Battery","floor":45,"key":"SMITH"},{"data":"The Bomb","floor":49,"key":"SMITH"}],"neow_cost":"PERCENT_DAMAGE","seed_source_timestamp":135842325053748,"circlet_count":0,"master_deck":["Strike_B","Strike_B","Zap+1","Dualcast+1","Conserve Battery+1","Leap","Doom and Gloom+1","Sunder+1","Ball Lightning","Self Repair","Fission+1","Conserve Battery+1","Double Energy+1","Necronomicurse","Loop+1","Core Surge","Doom and Gloom+1","Skim","The Bomb+1","Flash of Steel","Panache","Leap+1","Conserve Battery+1","BootSequence","Conserve Battery+1","Coolheaded+1"],"relics":["Cracked Core","Blue Candle","Pear","Runic Pyramid","Symbiotic Virus","Ornamental Fan","Gremlin Horn","Necronomicon","Coffee Dripper","Emotion Chip","Dodecahedron","Sundial"],"potions_floor_usage":[14,25,35,50,50,50],"damage_taken":[{"damage":2,"enemies":"Jaw Worm","floor":1,"turns":3},{"damage":0,"enemies":"Cultist","floor":2,"turns":4},{"damage":0,"enemies":"2 Louse","floor":4,"turns":2},{"damage":18,"enemies":"Exordium Wildlife","floor":5,"turns":7},{"damage":18,"enemies":"Lots of Slimes","floor":7,"turns":4},{"damage":6,"enemies":"Large Slime","floor":11,"turns":5},{"damage":8,"enemies":"Blue Slaver","floor":12,"turns":3},{"damage":8,"enemies":"3 Sentries","floor":14,"turns":4},{"damage":40,"enemies":"The Guardian","floor":16,"turns":9},{"damage":17,"enemies":"2 Thieves","floor":18,"turns":3},{"damage":1,"enemies":"Spheric Guardian","floor":20,"turns":3},{"damage":8,"enemies":"Snake Plant","floor":22,"turns":4},{"damage":0,"enemies":"Centurion and Healer","floor":24,"turns":4},{"damage":9,"enemies":"Gremlin Leader","floor":25,"turns":5},{"damage":0,"enemies":"Sentry and Sphere","floor":27,"turns":3},{"damage":0,"enemies":"Snecko","floor":30,"turns":3},{"damage":14,"enemies":"Champ","floor":33,"turns":7},{"damage":12,"enemies":"3 Shapes","floor":35,"turns":4},{"damage":29,"enemies":"Mind Bloom Boss Battle","floor":36,"turns":4},{"damage":2,"enemies":"Orb Walker","floor":42,"turns":2},{"damage":12,"enemies":"3 Darklings","floor":44,"turns":3},{"damage":12,"enemies":"Jaw Worm Horde","floor":47,"turns":2},{"damage":0,"enemies":"Sphere and 2 Shapes","floor":48,"turns":1},{"damage":24,"enemies":"Donu and Deca","floor":50,"turns":6}],"seed_played":"-4889862241569236359","potions_obtained":[{"floor":2,"key":"FearPotion"},{"floor":7,"key":"Strength Potion"},{"floor":11,"key":"SpeedPotion"},{"floor":20,"key":"SmokeBomb"},{"floor":25,"key":"Block Potion"},{"floor":27,"key":"Poison Potion"},{"floor":35,"key":"Dexterity Potion"},{"floor":44,"key":"Strength Potion"}],"is_trial":false,"path_per_floor":["M","M","?","M","M","R","M","?","T","R","M","M","R","E","R","B",null,"M","$","M","?","M","R","M","E","T","M","R","?","M","$","R","B",null,"M","?","?","?","T","R","?","M","T","M","R","$","M","M","R","B"],"character_chosen":"DEFECT","items_purchased":["Symbiotic Virus","BootSequence"],"campfire_rested":0,"item_purchase_floors":[19,46],"current_hp_per_floor":[52,52,52,59,48,48,37,42,42,42,43,42,42,51,51,25,74,71,71,84,66,72,72,86,91,91,95,95,79,93,93,93,93,95,95,80,80,80,80,80,70,68,68,63,63,63,51,51,51,34],"gold":143,"neow_bonus":"REMOVE_TWO","is_prod":false,"is_daily":false,"chose_seed":false,"campfire_upgraded":10,"win_rate":0,"timestamp":1539681084,"path_taken":["M","M","?","M","M","R","M","?","T","R","M","M","R","E","R","BOSS","M","$","?","?","M","R","?","E","T","M","R","?","M","$","R","BOSS","M","?","?","?","?","R","?","M","T","M","R","$","M","M","R","BOSS"],"build_version":"2018-10-15","purchased_purges":3,"victory":true,"max_hp_per_floor":[75,75,75,75,75,75,75,80,80,80,80,80,80,90,90,90,90,90,90,90,95,95,95,95,95,95,95,95,95,95,95,95,95,95,95,95,95,95,95,95,95,95,95,95,95,95,95,95,95,95],"card_choices":[{"not_picked":["Leap","Undo"],"picked":"Conserve Battery","floor":1},{"not_picked":["Blizzard","Hello World"],"picked":"Self Repair","floor":2},{"not_picked":["Redo","Go for the Eyes"],"picked":"Leap","floor":4},{"not_picked":["Go for the Eyes","Conserve Battery"],"picked":"Doom and Gloom","floor":5},{"not_picked":["Turbo","Gash"],"picked":"Sunder","floor":7},{"not_picked":["Rip and Tear","Go for the Eyes"],"picked":"Ball Lightning","floor":11},{"not_picked":["Biased Cognition","Scrape","Redo"],"picked":"SKIP","floor":12},{"not_picked":["White Noise","Force Field"],"picked":"Self Repair","floor":14},{"not_picked":["Biased Cognition","All For One"],"picked":"Fission","floor":16},{"not_picked":["Sweeping Beam","Fusion"],"picked":"Conserve Battery","floor":18},{"not_picked":["Conserve Battery","Stack","Hologram"],"picked":"SKIP","floor":20},{"not_picked":["Sunder","Cold Snap","Meteor Strike"],"picked":"SKIP","floor":22},{"not_picked":["Cold Snap","Fusion","Hologram"],"picked":"SKIP","floor":24},{"not_picked":["Streamline","Meteor Strike"],"picked":"Double Energy","floor":25},{"not_picked":["Sweeping Beam","Cold Snap","Ball Lightning+1"],"picked":"SKIP","floor":27},{"not_picked":["Beam Cell","Static Discharge"],"picked":"Loop","floor":30},{"not_picked":["Machine Learning","Rainbow"],"picked":"Core Surge","floor":33},{"not_picked":["Storm","Undo"],"picked":"Doom and Gloom+1","floor":35},{"not_picked":["Sweeping Beam","Ball Lightning"],"picked":"Skim","floor":36},{"not_picked":["Swift Strike","Bandage Up"],"picked":"The Bomb","floor":41},{"not_picked":["Jack Of All Trades","Good Instincts"],"picked":"Flash of Steel","floor":41},{"not_picked":["Swift Strike","Dark Shackles"],"picked":"Panache","floor":41},{"not_picked":["Go for the Eyes+1","Stack+1"],"picked":"Leap+1","floor":42},{"not_picked":["Defragment","Loop"],"picked":"Conserve Battery+1","floor":44},{"not_picked":["Rebound","Steam"],"picked":"Conserve Battery+1","floor":47},{"not_picked":["Aggregate+1","Machine Learning"],"picked":"Coolheaded+1","floor":48}],"player_experience":100628,"relics_obtained":[{"floor":9,"key":"Blue Candle"},{"floor":14,"key":"Pear"},{"floor":25,"key":"Ornamental Fan"},{"floor":26,"key":"Gremlin Horn"},{"floor":29,"key":"Necronomicon"},{"floor":36,"key":"Emotion Chip"},{"floor":39,"key":"Dodecahedron"},{"floor":43,"key":"Sundial"}],"event_choices":[{"event_name":"Purifier","player_choice":"One Purge","floor":3,"damage_taken":0},{"event_name":"Big Fish","player_choice":"Donut","floor":8,"damage_taken":0},{"event_name":"Forgotten Altar","player_choice":"Shed Blood","floor":21,"damage_taken":0},{"event_name":"Cursed Tome","player_choice":"Obtained Book","floor":29,"damage_taken":0},{"event_name":"MindBloom","player_choice":"Fight","floor":36,"damage_taken":0},{"event_name":"Falling","player_choice":"Removed Power","floor":37,"damage_taken":0},{"event_name":"Tomb of Lord Red Mask","player_choice":"Ignored","floor":38,"damage_taken":0},{"event_name":"SensoryStone","player_choice":"Memory 3","floor":41,"damage_taken":0}],"is_beta":true,"boss_relics":[{"not_picked":["Cursed Key","Philosopher\u0027s Stone"],"picked":"Runic Pyramid"},{"not_picked":["Inserter","Astrolabe"],"picked":"Coffee Dripper"}],"items_purged_floors":[19,31,46],"is_endless":false,"potions_floor_spawned":[2,7,11,12,20,25,27,30,33,35,44],"ascension_level":5}