{"gold_per_floor":[111,111,125,200,1,31,31,44,44,44,54,4,19,49,49,152,152,165,184,184,204,215,244,3,3],"floor_reached":25,"playtime":2197,"items_purged":[],"score":258,"play_id":"f3c2a0aa-af76-4760-889a-3cf41450de67","local_time":"20190803070828","daily_mods":["Draft","Diverse"],"is_ascension_mode":false,"campfire_choices":[{"data":"Phantasmal Killer","floor":7.0,"key":"SMITH"},{"data":"Chaos","floor":10.0,"key":"SMITH"},{"data":"Turbo","floor":15.0,"key":"SMITH"}],"neow_cost":"","seed_source_timestamp":0,"circlet_count":0,"master_deck":["Backflip","Footwork","Flechettes+1","Shrug It Off","Clothesline","Rebound","Terror","Skim","Leap","Cloak And Dagger","Backflip","Ball Lightning","Steam","Leap","Chaos+1","Steam","Phantasmal Killer+1","Quick Slash","Turbo+1","PiercingWail","Fission","Inflame","Flame Barrier+1","Body Slam+1"],"special_seed":0,"relics":["Cracked Core","Sling","Sundial","Orichalcum","Oddly Smooth Stone","Coffee Dripper","MutagenicStrength","Pocketwatch","Kunai"],"potions_floor_usage":[],"damage_taken":[{"damage":0.0,"enemies":"Jaw Worm","floor":1.0,"turns":2.0},{"damage":0.0,"enemies":"2 Louse","floor":3.0,"turns":3.0},{"damage":0.0,"enemies":"Gremlin Nob","floor":6.0,"turns":3.0},{"damage":0.0,"enemies":"Cultist","floor":8.0,"turns":3.0},{"damage":0.0,"enemies":"2 Fungi Beasts","floor":11.0,"turns":3.0},{"damage":0.0,"enemies":"Looter","floor":13.0,"turns":3.0},{"damage":2.0,"enemies":"Lagavulin","floor":14.0,"turns":4.0},{"damage":24.0,"enemies":"Hexaghost","floor":16.0,"turns":7.0},{"damage":0.0,"enemies":"Chosen","floor":18.0,"turns":4.0},{"damage":0.0,"enemies":"Shell Parasite","floor":19.0,"turns":4.0},{"damage":0.0,"enemies":"Sentry and Sphere","floor":21.0,"turns":4.0},{"damage":0.0,"enemies":"Centurion and Healer","floor":22.0,"turns":5.0},{"damage":27.0,"enemies":"Gremlin Leader","floor":23.0,"turns":6.0},{"damage":0,"enemies":"Book of Stabbing","floor":25,"turns":1}],"seed_played":"2236442749467174795","potions_obtained":[{"floor":3.0,"key":"Poison Potion"},{"floor":8.0,"key":"Swift Potion"},{"floor":14.0,"key":"Swift Potion"},{"floor":18.0,"key":"FocusPotion"},{"floor":21.0,"key":"Dexterity Potion"}],"is_trial":true,"path_per_floor":["M","?","M","?","$","E","R","M","T","R","M","$","M","E","R","B",null,"M","M","?","M","M","E","$","E"],"character_chosen":"DEFECT","items_purchased":["Sling","Turbo","Kunai"],"campfire_rested":0,"item_purchase_floors":[5,12,24],"current_hp_per_floor":[75,75,75,68,68,68,68,68,68,68,68,68,68,66,66,42,75,75,75,75,75,75,48,48,48],"gold":3,"neow_bonus":"","is_prod":false,"is_daily":false,"chose_seed":false,"campfire_upgraded":3,"win_rate":0,"timestamp":1564837708,"path_taken":["M","?","M","?","$","E","R","M","T","R","?","$","M","E","R","BOSS","M","M","?","M","M","E","$","E"],"build_version":"2019-07-18","purchased_purges":0,"victory":false,"max_hp_per_floor":[75,75,75,75,75,75,75,75,75,75,75,75,75,75,75,75,75,75,75,75,75,75,75,75,75],"card_choices":[{"not_picked":["Reckless Charge","Havoc"],"picked":"Backflip","floor":0.0},{"not_picked":["Armaments","Pommel Strike"],"picked":"Footwork","floor":0.0},{"not_picked":["Wild Strike","True Grit"],"picked":"Flechettes","floor":0.0},{"not_picked":["Quick Slash","Loop"],"picked":"Shrug It Off","floor":0.0},{"not_picked":["Sweeping Beam","Sever Soul"],"picked":"Clothesline","floor":0.0},{"not_picked":["Scrape","Anger"],"picked":"Rebound","floor":0.0},{"not_picked":["Skim","Twin Strike"],"picked":"Terror","floor":0.0},{"not_picked":["Heavy Blade","Sword Boomerang"],"picked":"Skim","floor":0.0},{"not_picked":["Coolheaded","Turbo"],"picked":"Leap","floor":0.0},{"not_picked":["Noxious Fumes","Fire Breathing"],"picked":"Cloak And Dagger","floor":0.0},{"not_picked":["Noxious Fumes","Cleave"],"picked":"Backflip","floor":0.0},{"not_picked":["Undo","Perfected Strike"],"picked":"Ball Lightning","floor":0.0},{"not_picked":["Heel Hook","Crippling Poison"],"picked":"Steam","floor":0.0},{"not_picked":["Carnage","Steam Power"],"picked":"Leap","floor":0.0},{"not_picked":["Noxious Fumes","Barrage"],"picked":"Chaos","floor":0.0},{"not_picked":["Infernal Blade","Sweeping Beam"],"picked":"Steam","floor":1.0},{"not_picked":["Crippling Poison","Reinforced Body","Masterful Stab"],"picked":"SKIP","floor":3.0},{"not_picked":["Dagger Spray","Coolheaded"],"picked":"Phantasmal Killer","floor":6.0},{"not_picked":["Tempest","Thunderclap"],"picked":"Quick Slash","floor":8.0},{"not_picked":["Blood for Blood","Skim","Dagger Throw"],"picked":"SKIP","floor":11.0},{"not_picked":["Gash","Flex"],"picked":"PiercingWail","floor":13.0},{"not_picked":["FTL","Terror","Sever Soul"],"picked":"SKIP","floor":14.0},{"not_picked":["Thunder Strike","Fiend Fire"],"picked":"Fission","floor":16.0},{"not_picked":["Bane+1","Infernal Blade","Combust"],"picked":"SKIP","floor":18.0},{"not_picked":["Sword Boomerang","Coolheaded"],"picked":"Inflame","floor":19.0},{"not_picked":["Pommel Strike","Dropkick"],"picked":"Flame Barrier+1","floor":21.0},{"not_picked":["Searing Blow","Reprogram","Tactician"],"picked":"SKIP","floor":22.0},{"not_picked":["Go for the Eyes","Unload"],"picked":"Body Slam+1","floor":23.0}],"player_experience":71232,"relics_obtained":[{"floor":6.0,"key":"Sundial"},{"floor":9.0,"key":"Orichalcum"},{"floor":14.0,"key":"Oddly Smooth Stone"},{"floor":23.0,"key":"Pocketwatch"}],"event_choices":[{"damage_healed":0.0,"max_hp_gain":0.0,"max_hp_loss":0.0,"gold_gain":0.0,"event_name":"Living Wall","player_choice":"Grow","floor":2.0,"gold_loss":0.0,"damage_taken":0.0,"cards_upgraded":["Flechettes"]},{"damage_healed":0.0,"max_hp_gain":0.0,"max_hp_loss":0.0,"gold_gain":75.0,"event_name":"FaceTrader","player_choice":"Touch","floor":4.0,"gold_loss":0.0,"damage_taken":7.0},{"damage_healed":0.0,"max_hp_gain":0.0,"max_hp_loss":0.0,"gold_gain":0.0,"event_name":"Drug Dealer","player_choice":"Inject Mutagens","floor":20.0,"gold_loss":0.0,"damage_taken":0.0,"relics_obtained":["MutagenicStrength"]}],"is_beta":true,"boss_relics":[{"not_picked":["Lizard Tail","Philosopher\u0027s Stone"],"picked":"Coffee Dripper"}],"items_purged_floors":[],"is_endless":false,"potions_floor_spawned":[3,8,14,18,21],"killed_by":"Book of Stabbing","ascension_level":0}