{"gold_per_floor":[118,138,154,173,21,49,62,62,62,62,62,76,89,89,89,193,193,209,222,222,239,2,2,19,19,19,30,42,42,57,72,72,169,169,188,203,0,17,33,33,51,51,51,51,71,96,96,110,110,110],"floor_reached":50,"playtime":11730,"items_purged":["Strike_R","Entrench"],"score":484,"play_id":"975c151a-7624-4f2a-b6ec-119dfe6a4921","local_time":"20190706231657","is_ascension_mode":false,"campfire_choices":[{"data":"Rampage","floor":8,"key":"SMITH"},{"data":"Twin Strike","floor":10,"key":"SMITH"},{"data":"Shockwave","floor":15,"key":"SMITH"},{"data":"Good Instincts","floor":23,"key":"SMITH"},{"floor":25,"key":"REST"},{"data":"Pommel Strike","floor":32,"key":"SMITH"},{"floor":40,"key":"REST"},{"floor":42,"key":"REST"},{"floor":49,"key":"REST"}],"neow_cost":"NONE","seed_source_timestamp":1297718743527961,"circlet_count":0,"master_deck":["Strike_R","Strike_R","Strike_R","Defend_R","Defend_R","Defend_R","Defend_R","Bash","Battle Trance","Anger","Thunderclap","Headbutt","Twin Strike+1","Rampage+1","Sword Boomerang","Shockwave+1","Warcry","Fiend Fire","True Grit","Battle Trance","Rampage+1","Good Instincts+1","Power Through","Dropkick+1","Pommel Strike+1","Reaper","Demon Form","Carnage+1","Metallicize+1","Inflame","Bandage Up","Warcry+1","Flex+1"],"relics":["Black Blood","Happy Flower","Ornamental Fan","Kunai","Velvet Choker","Red Mask","Darkstone Periapt","Torii","FaceOfCleric"],"potions_floor_usage":[7,16,19,33,33,33,36,48],"damage_taken":[{"damage":2,"enemies":"2 Louse","floor":1,"turns":3},{"damage":0,"enemies":"Cultist","floor":2,"turns":3},{"damage":3,"enemies":"Jaw Worm","floor":3,"turns":3},{"damage":3,"enemies":"2 Fungi Beasts","floor":4,"turns":3},{"damage":26,"enemies":"Lagavulin","floor":6,"turns":5},{"damage":6,"enemies":"Large Slime","floor":7,"turns":5},{"damage":0,"enemies":"Gremlin Gang","floor":12,"turns":2},{"damage":13,"enemies":"Exordium Thugs","floor":13,"turns":3},{"damage":21,"enemies":"Slime Boss","floor":16,"turns":7},{"damage":25,"enemies":"Spheric Guardian","floor":18,"turns":5},{"damage":17,"enemies":"Shell Parasite","floor":19,"turns":5},{"damage":22,"enemies":"Centurion and Healer","floor":21,"turns":8},{"damage":27,"enemies":"Cultist and Chosen","floor":24,"turns":7},{"damage":11,"enemies":"Snecko","floor":27,"turns":4},{"damage":11,"enemies":"Shelled Parasite and Fungi","floor":28,"turns":5},{"damage":10,"enemies":"Centurion and Healer","floor":30,"turns":7},{"damage":3,"enemies":"Snecko","floor":31,"turns":6},{"damage":90,"enemies":"Automaton","floor":33,"turns":14},{"damage":28,"enemies":"3 Shapes","floor":35,"turns":4},{"damage":30,"enemies":"3 Darklings","floor":36,"turns":5},{"damage":51,"enemies":"Spire Growth","floor":38,"turns":6},{"damage":24,"enemies":"Jaw Worm Horde","floor":39,"turns":5},{"damage":27,"enemies":"Maw","floor":41,"turns":7},{"damage":2,"enemies":"3 Darklings","floor":45,"turns":7},{"damage":82,"enemies":"Giant Head","floor":46,"turns":10},{"damage":39,"enemies":"Transient","floor":48,"turns":5},{"damage":56,"enemies":"Donu and Deca","floor":50,"turns":6}],"seed_played":"-2664475794720200004","potions_obtained":[{"floor":2,"key":"BloodPotion"},{"floor":4,"key":"Ancient Potion"},{"floor":6,"key":"Regen Potion"},{"floor":13,"key":"BloodPotion"},{"floor":18,"key":"Swift Potion"},{"floor":19,"key":"Ancient Potion"},{"floor":35,"key":"Block Potion"},{"floor":39,"key":"PowerPotion"},{"floor":41,"key":"Dexterity Potion"}],"is_trial":false,"path_per_floor":["M","M","M","M","$","E","M","R","T","R","?","M","M","?","R","B",null,"M","M","?","M","$","R","M","R","T","M","M","$","M","M","R","B",null,"M","M","?","M","M","R","M","R","T","?","M","E","?","M","R","B"],"character_chosen":"IRONCLAD","items_purchased":["Rampage","Good Instincts","Energy Potion"],"campfire_rested":4,"item_purchase_floors":[5,22,22],"current_hp_per_floor":[80,80,80,80,80,60,69,69,69,69,69,75,68,68,68,53,80,65,73,73,61,61,61,44,68,68,67,66,66,66,73,73,13,80,80,72,72,31,17,41,39,63,63,63,80,35,35,17,41,0],"gold":110,"neow_bonus":"THREE_CARDS","is_prod":false,"is_daily":false,"chose_seed":false,"campfire_upgraded":5,"win_rate":0.0,"timestamp":1562469417,"path_taken":["M","M","M","M","$","E","M","R","T","R","?","M","M","?","R","BOSS","M","M","?","M","$","R","M","R","T","M","M","?","M","M","R","BOSS","M","M","?","M","M","R","M","R","T","?","M","E","?","M","R","BOSS"],"build_version":"2019-07-05","purchased_purges":2,"victory":false,"max_hp_per_floor":[80,80,80,80,80,80,80,80,80,80,80,80,80,80,80,80,80,80,80,80,80,80,80,80,80,80,80,80,80,80,80,80,80,80,80,80,80,80,80,80,80,80,80,80,80,80,80,81,81,81],"card_choices":[{"not_picked":["Iron Wave","Thunderclap"],"picked":"Battle Trance","floor":0},{"not_picked":["Thunderclap","Iron Wave"],"picked":"Anger","floor":1},{"not_picked":["Cleave","Twin Strike"],"picked":"Thunderclap","floor":2},{"not_picked":["True Grit","Anger"],"picked":"Headbutt","floor":3},{"not_picked":["Clothesline","Brutality"],"picked":"Twin Strike","floor":4},{"not_picked":["Cleave","Burning Pact","Fire Breathing"],"picked":"SKIP","floor":6},{"not_picked":["Headbutt","Spot Weakness"],"picked":"Sword Boomerang","floor":7},{"not_picked":["Whirlwind","Entrench"],"picked":"Shockwave","floor":12},{"not_picked":["Sword Boomerang","Hemokinesis"],"picked":"Warcry","floor":13},{"not_picked":["Brutality","Feed"],"picked":"Fiend Fire","floor":16},{"not_picked":["Twin Strike","Searing Blow"],"picked":"True Grit","floor":18},{"not_picked":["Entrench","Burning Pact+1"],"picked":"Battle Trance","floor":19},{"not_picked":["Combust","Clash","Thunderclap"],"picked":"SKIP","floor":21},{"not_picked":["Heavy Blade+1","Second Wind"],"picked":"Power Through","floor":24},{"not_picked":["Clash+1","True Grit"],"picked":"Dropkick+1","floor":27},{"not_picked":["Clothesline+1","Shockwave+1","Armaments"],"picked":"SKIP","floor":28},{"not_picked":["Clothesline","Heavy Blade+1"],"picked":"Pommel Strike","floor":30},{"not_picked":["Warcry+1","Armaments"],"picked":"Reaper","floor":31},{"not_picked":["Bludgeon","Limit Break"],"picked":"Demon Form","floor":33},{"not_picked":["Armaments+1","Corruption"],"picked":"Carnage+1","floor":35},{"not_picked":["Pommel Strike","Burning Pact"],"picked":"Metallicize+1","floor":36},{"not_picked":["Iron Wave+1","True Grit","Rupture"],"picked":"SKIP","floor":38},{"not_picked":["Sever Soul","Disarm","Twin Strike+1"],"picked":"SKIP","floor":39},{"not_picked":["Combust+1","Perfected Strike+1"],"picked":"Inflame","floor":41},{"not_picked":["Trip","Jack Of All Trades"],"picked":"Bandage Up","floor":44},{"not_picked":["Rupture+1","Flame Barrier"],"picked":"Warcry+1","floor":45},{"not_picked":["Second Wind+1","Flame Barrier"],"picked":"Flex+1","floor":46},{"not_picked":["Burning Pact","Clothesline+1","True Grit+1"],"picked":"SKIP","floor":48}],"player_experience":7320,"relics_obtained":[{"floor":6,"key":"Happy Flower"},{"floor":9,"key":"Ornamental Fan"},{"floor":26,"key":"Kunai"},{"floor":43,"key":"Darkstone Periapt"},{"floor":46,"key":"Torii"}],"event_choices":[{"damage_healed":0,"gold_gain":0,"player_choice":"Ignored","damage_taken":0,"max_hp_gain":0,"max_hp_loss":0,"event_name":"Liars Game","floor":11,"gold_loss":0},{"damage_healed":0,"gold_gain":0,"cards_transformed":["Strike_R"],"player_choice":"Transformed","damage_taken":0,"max_hp_gain":0,"max_hp_loss":0,"event_name":"Transmorgrifier","floor":14,"gold_loss":0,"cards_obtained":["Entrench"]},{"damage_healed":0,"gold_gain":0,"player_choice":"Copied","damage_taken":0,"max_hp_gain":0,"max_hp_loss":0,"event_name":"Duplicator","floor":20,"gold_loss":0,"cards_obtained":["Rampage"]},{"damage_healed":0,"gold_gain":0,"player_choice":"Paid","damage_taken":0,"relics_obtained":["Red Mask"],"max_hp_gain":0,"max_hp_loss":0,"event_name":"Tomb of Lord Red Mask","floor":37,"gold_loss":203},{"damage_healed":0,"gold_gain":0,"player_choice":"Memory 1","damage_taken":0,"max_hp_gain":0,"max_hp_loss":0,"event_name":"SensoryStone","floor":44,"gold_loss":0},{"damage_healed":0,"gold_gain":0,"player_choice":"Trade","damage_taken":0,"relics_obtained":["FaceOfCleric"],"max_hp_gain":0,"max_hp_loss":0,"event_name":"FaceTrader","floor":47,"gold_loss":0}],"is_beta":false,"boss_relics":[{"not_picked":["Orrery","Mark of Pain"],"picked":"Black Blood"},{"not_picked":["Busted Crown","Eternal Feather"],"picked":"Velvet Choker"}],"items_purged_floors":[5,22],"is_endless":false,"potions_floor_spawned":[2,4,6,13,18,19,27,31,35,39,41],"killed_by":"Donu and Deca","ascension_level":0}