{"gold_per_floor":[119,44,64,77,91,91,115,115,187,187,211,211,225,257,257,335,335,354,42,68,68,88,117,42,42,42,72,72,19,19],"floor_reached":30,"playtime":1417,"items_purged":["Strike_R"],"score":502,"play_id":"040ad9b0-1c08-41a3-80c0-ff27976f7b90","local_time":"20190713210141","is_ascension_mode":true,"campfire_choices":[{"data":"Uppercut","floor":6,"key":"SMITH"},{"data":"Whirlwind","floor":8,"key":"SMITH"},{"data":"Disarm","floor":10,"key":"SMITH"},{"data":"Corruption","floor":12,"key":"SMITH"},{"data":"Bludgeon","floor":15,"key":"SMITH"},{"floor":25,"key":"REST"}],"neow_cost":"CURSE","seed_source_timestamp":268908608751643,"circlet_count":0,"master_deck":["AscendersBane","Strike_R+1","Strike_R+1","Defend_R","Defend_R","Defend_R","Bash","Disarm+1","Offering","Ghostly Armor","Whirlwind+1","Uppercut+1","Corruption+1","Bludgeon+1","Battle Trance","Dark Embrace","Feel No Pain","Rage+1","Demon Form","Decay","True Grit"],"relics":["Burning Blood","Centennial Puzzle","Shuriken","Whetstone","Potion Belt","Runic Pyramid","Anchor","Red Mask","Enchiridion","Ornamental Fan","Paper Frog","Gambling Chip"],"potions_floor_usage":[18,23,23,23],"damage_taken":[{"damage":5,"enemies":"2 Louse","floor":1,"turns":4},{"damage":6,"enemies":"Jaw Worm","floor":3,"turns":3},{"damage":9,"enemies":"Small Slimes","floor":4,"turns":4},{"damage":7,"enemies":"Blue Slaver","floor":5,"turns":3},{"damage":6,"enemies":"Exordium Wildlife","floor":13,"turns":1},{"damage":35,"enemies":"Gremlin Nob","floor":14,"turns":4},{"damage":29,"enemies":"Hexaghost","floor":16,"turns":8},{"damage":12,"enemies":"3 Byrds","floor":18,"turns":4},{"damage":6,"enemies":"Masked Bandits","floor":20,"turns":4},{"damage":9,"enemies":"Chosen","floor":22,"turns":4},{"damage":24,"enemies":"Slavers","floor":23,"turns":7},{"damage":26,"enemies":"Book of Stabbing","floor":27,"turns":6},{"damage":16,"enemies":"Centurion and Healer","floor":30,"turns":5}],"seed_played":"-6663489359389271613","potions_obtained":[{"floor":5,"key":"Explosive Potion"},{"floor":16,"key":"Regen Potion"},{"floor":18,"key":"Ancient Potion"},{"floor":22,"key":"Poison Potion"}],"is_trial":false,"path_per_floor":["M","?","M","M","M","R","T","R","T","R","T","R","M","E","R","B",null,"M","$","?","?","M","E","?","R","T","E","?","$","M"],"character_chosen":"IRONCLAD","items_purchased":["Feel No Pain","Anchor","True Grit"],"campfire_rested":1,"item_purchase_floors":[19,19,29],"current_hp_per_floor":[69,69,69,66,65,65,65,65,65,65,65,65,65,36,36,13,57,51,51,51,30,27,14,14,35,35,15,15,15,0],"gold":19,"neow_bonus":"TRANSFORM_TWO_CARDS","is_prod":false,"is_daily":false,"chose_seed":false,"campfire_upgraded":5,"win_rate":0,"timestamp":1563069701,"path_taken":["M","?","M","M","M","R","?","R","T","R","?","R","M","E","R","BOSS","M","$","?","?","?","E","?","R","T","E","?","?","M"],"build_version":"2019-07-05","purchased_purges":1,"victory":false,"max_hp_per_floor":[75,72,72,72,72,72,72,72,72,72,72,72,72,72,72,72,72,72,72,72,72,72,72,72,72,72,72,72,72,72],"card_choices":[{"not_picked":["Perfected Strike","Warcry"],"picked":"Ghostly Armor","floor":1},{"not_picked":["Dual Wield","Headbutt"],"picked":"Whirlwind","floor":3},{"not_picked":["Body Slam","Sword Boomerang"],"picked":"Uppercut","floor":4},{"not_picked":["Anger","Pummel"],"picked":"Corruption","floor":5},{"not_picked":["Clothesline","Anger"],"picked":"Bludgeon","floor":13},{"not_picked":["Uppercut","Seeing Red"],"picked":"Battle Trance","floor":14},{"not_picked":["Limit Break","Offering"],"picked":"Dark Embrace","floor":16},{"not_picked":["Reckless Charge","Warcry","Sever Soul"],"picked":"SKIP","floor":18},{"not_picked":["Perfected Strike","Iron Wave"],"picked":"Rage+1","floor":22},{"not_picked":["Pommel Strike","Feed"],"picked":"Demon Form","floor":23},{"not_picked":["Dropkick","Body Slam","Whirlwind"],"picked":"SKIP","floor":27}],"player_experience":483504,"relics_obtained":[{"floor":7,"key":"Centennial Puzzle"},{"floor":9,"key":"Shuriken"},{"floor":11,"key":"Whetstone"},{"floor":14,"key":"Potion Belt"},{"floor":20,"key":"Red Mask"},{"floor":21,"key":"Enchiridion"},{"floor":23,"key":"Ornamental Fan"},{"floor":26,"key":"Paper Frog"},{"floor":27,"key":"Gambling Chip"}],"event_choices":[{"cards_removed":["Parasite"],"damage_healed":0,"gold_gain":0,"player_choice":"Card Removal","damage_taken":0,"max_hp_gain":0,"max_hp_loss":0,"event_name":"The Cleric","floor":2,"gold_loss":75},{"damage_healed":0,"gold_gain":0,"player_choice":"Fought Bandits","damage_taken":0,"max_hp_gain":0,"max_hp_loss":0,"event_name":"Masked Bandits","floor":20,"gold_loss":0},{"damage_healed":0,"gold_gain":0,"player_choice":"Obtained Book","damage_taken":21,"max_hp_gain":0,"max_hp_loss":0,"event_name":"Cursed Tome","floor":21,"gold_loss":0},{"cards_removed":["Defend_R"],"damage_healed":0,"gold_gain":0,"player_choice":"Gave Gold","damage_taken":0,"max_hp_gain":0,"max_hp_loss":0,"event_name":"Beggar","floor":24,"gold_loss":75},{"damage_healed":0,"gold_gain":0,"player_choice":"Smashed Altar","damage_taken":0,"max_hp_gain":0,"max_hp_loss":0,"event_name":"Forgotten Altar","floor":28,"gold_loss":0,"cards_obtained":["Decay"]}],"is_beta":false,"boss_relics":[{"not_picked":["Runic Cube","Lizard Tail"],"picked":"Runic Pyramid"}],"items_purged_floors":[19],"is_endless":false,"potions_floor_spawned":[5,16,18,22],"killed_by":"Centurion and Healer","ascension_level":18}