{"gold_per_floor":[111,131,144,114,114,114,131,156,180,161,161,217,228,245,245,245],"floor_reached":16,"playtime":822,"items_purged":[],"score":194,"play_id":"9653c364-ee2f-4d3d-96a5-1cde184c00c9","local_time":"20190104150245","is_ascension_mode":true,"campfire_choices":[{"data":"Immolate","floor":6.0,"key":"SMITH"},{"floor":11,"key":"REST"},{"data":"1","floor":15,"key":"LIFT"}],"neow_cost":"PERCENT_DAMAGE","seed_source_timestamp":202796821664369,"circlet_count":0,"master_deck":["AscendersBane","Strike_R","Strike_R","Strike_R","Strike_R","Strike_R","Defend_R","Defend_R","Defend_R","Defend_R","Bash","Havoc","Ghostly Armor","Warcry","Sever Soul","Immolate+1","Dark Embrace","Armaments","Wild Strike","Reckless Charge","Double Tap"],"special_seed":0,"relics":["Burning Blood","Girya","Juzu Bracelet","Ancient Tea Set","Tiny Chest"],"potions_floor_usage":[12],"damage_taken":[{"damage":11.0,"enemies":"Cultist","floor":1.0,"turns":4.0},{"damage":0.0,"enemies":"2 Louse","floor":2.0,"turns":1.0},{"damage":2.0,"enemies":"Small Slimes","floor":3.0,"turns":5.0},{"damage":7.0,"enemies":"Looter","floor":4.0,"turns":4.0},{"damage":6.0,"enemies":"Blue Slaver","floor":7.0,"turns":3.0},{"damage":32.0,"enemies":"Gremlin Nob","floor":8.0,"turns":4.0},{"damage":6,"enemies":"Exordium Thugs","floor":10,"turns":4},{"damage":15,"enemies":"3 Sentries","floor":12,"turns":6},{"damage":7,"enemies":"Looter","floor":13,"turns":3},{"damage":13,"enemies":"Lots of Slimes","floor":14,"turns":4},{"damage":36,"enemies":"Hexaghost","floor":16,"turns":9}],"seed_played":"-3804293867859278517","potions_obtained":[{"floor":1.0,"key":"Explosive Potion"},{"floor":7.0,"key":"Poison Potion"},{"floor":8.0,"key":"Strength Potion"}],"is_trial":false,"path_per_floor":["M","M","M","M","?","R","M","E","T","M","R","E","M","M","R","B"],"character_chosen":"IRONCLAD","items_purchased":[],"campfire_rested":1,"item_purchase_floors":[],"current_hp_per_floor":[45,51,55,54,54,54,54,28,28,28,50,41,40,33,33,0],"gold":245,"neow_bonus":"ONE_RARE_RELIC","is_prod":false,"is_daily":false,"chose_seed":false,"campfire_upgraded":1,"win_rate":0,"timestamp":1546632165,"path_taken":["M","M","?","M","?","R","M","E","T","M","R","E","M","M","R","BOSS"],"build_version":"2019-01-03v3","purchased_purges":0,"victory":false,"max_hp_per_floor":[75,75,75,75,75,75,75,75,75,75,75,75,75,75,75,75],"card_choices":[{"not_picked":["Anger","Clash"],"picked":"Havoc","floor":1.0},{"not_picked":["Rampage","Twin Strike"],"picked":"Ghostly Armor","floor":2.0},{"not_picked":["Perfected Strike","Clash"],"picked":"Warcry","floor":3.0},{"not_picked":["Perfected Strike","Clash"],"picked":"Warcry","floor":3.0},{"not_picked":["Heavy Blade","Pummel"],"picked":"Sever Soul","floor":4.0},{"not_picked":["Carnage","Perfected Strike","Metallicize"],"picked":"SKIP","floor":7.0},{"not_picked":["Wild Strike","Clothesline"],"picked":"Dark Embrace","floor":8.0},{"not_picked":["Body Slam","Warcry"],"picked":"Armaments","floor":10},{"not_picked":["Infernal Blade","Carnage"],"picked":"Wild Strike","floor":12},{"not_picked":["Cleave","Metallicize"],"picked":"Reckless Charge","floor":13},{"not_picked":["True Grit","Combust"],"picked":"Double Tap","floor":14}],"player_experience":508298,"relics_obtained":[{"floor":8.0,"key":"Juzu Bracelet"},{"floor":9.0,"key":"Ancient Tea Set"},{"floor":12,"key":"Tiny Chest"}],"event_choices":[{"damage_healed":0.0,"max_hp_gain":0.0,"max_hp_loss":0.0,"gold_gain":0.0,"cards_transformed":["Warcry"],"event_name":"Living Wall","player_choice":"Change","floor":5.0,"gold_loss":0.0,"damage_taken":0.0,"cards_obtained":["Immolate"]}],"is_beta":false,"boss_relics":[],"items_purged_floors":[],"is_endless":false,"potions_floor_spawned":[1,7,8],"killed_by":"Hexaghost","ascension_level":14}