{"gold_per_floor":[112,112,131,161,18,50,50,65,145,156,173,92,92,102,102,202,202,216,216,316,415,429,429,449,449,449,477,495,514,527,537,537,635,635,655,670,716,716,729,748,763,763,789,789,817,458,490,509,509,509],"floor_reached":50,"playtime":6947,"items_purged":["Regret","Defend_G"],"score":608,"play_id":"c18b9ca4-f2ed-4a4c-a20e-eb1f37541e73","local_time":"20190503151304","is_ascension_mode":false,"campfire_choices":[{"floor":7,"key":"RECALL"},{"data":"Footwork","floor":13,"key":"SMITH"},{"data":"Backflip","floor":15,"key":"SMITH"},{"floor":23,"key":"REST"},{"floor":32,"key":"REST"},{"floor":42,"key":"REST"},{"data":"Bullet Time","floor":44,"key":"SMITH"},{"floor":49,"key":"REST"}],"neow_cost":"NONE","seed_source_timestamp":1698672971491848,"circlet_count":0,"master_deck":["Defend_G","Defend_G","Defend_G","Strike_G","Strike_G","Strike_G","Survivor","Neutralize","Sucker Punch","Heel Hook","Backflip+1","Crippling Poison","Poisoned Stab","Expertise","Footwork+1","Flying Knee","Bullet Time+1","Dash","Footwork+1","PiercingWail","Acrobatics+1","Blur","Doppelganger","Terror","Dodge and Roll","Envenom","Calculated Gamble+1","Dagger Throw+1","Infinite Blades","All Out Attack+1","Predator+1","PiercingWail+1","Riddle With Holes+1","Caltrops","Sucker Punch+1"],"relics":["Philosopher\u0027s Stone","Snake Skull","Tiny Chest","Ancient Tea Set","Enchiridion","Bird Faced Urn","Kunai","Ice Cream","Meat on the Bone","Red Mask","Empty Cage","Dream Catcher","Regal Pillow","Mummified Hand","Mercury Hourglass","Smiling Mask"],"potions_floor_usage":[20,20,24,24,27,36,41,47,47],"damage_taken":[{"damage":0,"enemies":"Cultist","floor":1,"turns":5},{"damage":0,"enemies":"Small Slimes","floor":3,"turns":5},{"damage":19,"enemies":"3 Sentries","floor":6,"turns":12},{"damage":0,"enemies":"Jaw Worm","floor":8,"turns":4},{"damage":1,"enemies":"3 Louse","floor":10,"turns":3},{"damage":1,"enemies":"2 Fungi Beasts","floor":11,"turns":3},{"damage":0,"enemies":"Looter","floor":14,"turns":3},{"damage":16,"enemies":"The Guardian","floor":16,"turns":11},{"damage":14,"enemies":"Chosen","floor":18,"turns":5},{"damage":18,"enemies":"Colosseum Slavers","floor":20,"turns":6},{"damage":15,"enemies":"Colosseum Nobs","floor":20,"turns":6},{"damage":5,"enemies":"Spheric Guardian","floor":22,"turns":8},{"damage":1,"enemies":"Centurion and Healer","floor":24,"turns":10},{"damage":15,"enemies":"Masked Bandits","floor":27,"turns":6},{"damage":21,"enemies":"Cultist and Chosen","floor":28,"turns":6},{"damage":9,"enemies":"3 Cultists","floor":29,"turns":9},{"damage":2,"enemies":"Shelled Parasite and Fungi","floor":30,"turns":9},{"damage":7,"enemies":"Cultist and Chosen","floor":31,"turns":7},{"damage":0,"enemies":"Champ","floor":33,"turns":16},{"damage":8,"enemies":"3 Shapes","floor":35,"turns":8},{"damage":11,"enemies":"3 Darklings","floor":36,"turns":11},{"damage":10,"enemies":"Spire Growth","floor":39,"turns":7},{"damage":26,"enemies":"Sphere and 2 Shapes","floor":40,"turns":12},{"damage":12,"enemies":"Writhing Mass","floor":41,"turns":7},{"damage":31,"enemies":"Nemesis","floor":45,"turns":11},{"damage":37,"enemies":"Reptomancer","floor":47,"turns":8},{"damage":13,"enemies":"Maw","floor":48,"turns":7},{"damage":78,"enemies":"Donu and Deca","floor":50,"turns":3}],"seed_played":"6645062286356641783","potions_obtained":[{"floor":3,"key":"SpeedPotion"},{"floor":8,"key":"SteroidPotion"},{"floor":10,"key":"Swift Potion"},{"floor":18,"key":"GhostInAJar"},{"floor":20,"key":"AttackPotion"},{"floor":24,"key":"Fire Potion"},{"floor":31,"key":"FearPotion"},{"floor":33,"key":"Block Potion"},{"floor":35,"key":"Block Potion"},{"floor":41,"key":"Weak Potion"},{"floor":45,"key":"Block Potion"}],"is_trial":false,"path_per_floor":["M","?","M","?","$","E","R","M","T","M","M","$","R","M","R","B",null,"M","?","?","?","M","R","M","T","T","?","M","M","M","M","R","B",null,"M","M","T","?","M","M","M","R","T","R","E","$","E","M","R","B"],"character_chosen":"THE_SILENT","items_purchased":["Heel Hook","Footwork","Mercury Hourglass"],"campfire_rested":4,"item_purchase_floors":[5,12,46],"current_hp_per_floor":[70,70,70,70,70,51,51,51,51,50,49,49,49,49,49,33,70,56,40,7,7,6,27,32,32,32,35,32,41,45,44,65,70,70,66,63,63,63,60,44,38,59,59,59,38,38,23,32,68,0],"gold":509,"neow_bonus":"BOSS_RELIC","is_prod":false,"is_daily":false,"chose_seed":false,"campfire_upgraded":3,"win_rate":0,"timestamp":1556867584,"path_taken":["M","?","?","?","$","E","R","M","T","M","M","?","R","M","R","BOSS","M","?","?","?","M","R","M","?","T","?","?","M","M","M","R","BOSS","M","M","?","?","M","M","M","R","T","R","E","$","E","?","R","BOSS"],"build_version":"2019-01-23","purchased_purges":2,"victory":false,"max_hp_per_floor":[70,70,70,70,70,70,70,70,70,70,70,70,70,70,70,70,70,70,70,70,70,70,70,70,70,70,70,70,70,70,70,70,70,70,70,70,70,70,70,70,70,70,70,70,70,70,70,70,70,70],"card_choices":[{"not_picked":["Underhanded Strike","Outmaneuver"],"picked":"Sucker Punch","floor":1},{"not_picked":["Acrobatics","Quick Slash"],"picked":"Sucker Punch","floor":3},{"not_picked":["Dagger Spray","Prepared"],"picked":"Backflip","floor":6},{"not_picked":["Eviscerate","Escape Plan"],"picked":"Crippling Poison","floor":8},{"not_picked":["Flying Knee","Dodge and Roll"],"picked":"Poisoned Stab","floor":10},{"not_picked":["Dodge and Roll","Deadly Poison"],"picked":"Expertise","floor":11},{"not_picked":["Dagger Spray","Slice"],"picked":"Flying Knee","floor":14},{"not_picked":["Glass Knife","Adrenaline"],"picked":"Bullet Time","floor":16},{"not_picked":["Cloak And Dagger","Prepared","Quick Slash"],"picked":"SKIP","floor":18},{"not_picked":["Outmaneuver+1","Riddle With Holes"],"picked":"Dash","floor":20},{"not_picked":["Cloak And Dagger","Dagger Throw"],"picked":"Footwork+1","floor":22},{"not_picked":["Flechettes","Riddle With Holes+1"],"picked":"PiercingWail","floor":24},{"not_picked":["Poisoned Stab","Cloak And Dagger"],"picked":"Acrobatics+1","floor":27},{"not_picked":["Bane","Slice"],"picked":"Blur","floor":28},{"not_picked":["Acrobatics","Blade Dance"],"picked":"Doppelganger","floor":29},{"not_picked":["Backflip","Underhanded Strike"],"picked":"Terror","floor":30},{"not_picked":["Masterful Stab","Prepared"],"picked":"Dodge and Roll","floor":31},{"not_picked":["Doppelganger","Tools of the Trade"],"picked":"Envenom","floor":33},{"not_picked":["Deflect+1","Dash"],"picked":"Calculated Gamble+1","floor":35},{"not_picked":["Bane","Escape Plan"],"picked":"Dagger Throw+1","floor":36},{"not_picked":["Bane","Infinite Blades+1"],"picked":"All Out Attack+1","floor":39},{"not_picked":["Skewer+1","Dodge and Roll"],"picked":"Predator+1","floor":40},{"not_picked":["Dagger Spray","Flying Knee+1","Cloak And Dagger+1"],"picked":"SKIP","floor":41},{"not_picked":["Masterful Stab+1","Corpse Explosion"],"picked":"PiercingWail+1","floor":42},{"not_picked":["Quick Slash","Storm of Steel"],"picked":"Riddle With Holes+1","floor":45},{"not_picked":["Accuracy","Dagger Spray","Poisoned Stab"],"picked":"SKIP","floor":47},{"not_picked":["Dodge and Roll+1","Endless Agony"],"picked":"Caltrops","floor":48},{"not_picked":["Crippling Poison","Infinite Blades"],"picked":"Sucker Punch+1","floor":49}],"player_experience":53753,"relics_obtained":[{"floor":6,"key":"Ancient Tea Set"},{"floor":19,"key":"Enchiridion"},{"floor":20,"key":"Bird Faced Urn"},{"floor":20,"key":"Kunai"},{"floor":25,"key":"Ice Cream"},{"floor":26,"key":"Meat on the Bone"},{"floor":27,"key":"Red Mask"},{"floor":37,"key":"Dream Catcher"},{"floor":43,"key":"Regal Pillow"},{"floor":45,"key":"Mummified Hand"},{"floor":47,"key":"Smiling Mask"}],"event_choices":[{"cards_removed":["Sucker Punch"],"damage_healed":0,"gold_gain":0,"player_choice":"Gave Card","damage_taken":0,"relics_obtained":["Snake Skull"],"max_hp_gain":0,"max_hp_loss":0,"event_name":"WeMeetAgain","floor":2,"gold_loss":0},{"damage_healed":0,"gold_gain":0,"player_choice":"Box","damage_taken":0,"relics_obtained":["Tiny Chest"],"max_hp_gain":0,"max_hp_loss":0,"event_name":"Big Fish","floor":4,"gold_loss":0,"cards_obtained":["Regret"]},{"damage_healed":0,"gold_gain":0,"player_choice":"Obtained Book","damage_taken":16,"max_hp_gain":0,"max_hp_loss":0,"event_name":"Cursed Tome","floor":19,"gold_loss":0},{"damage_healed":0,"gold_gain":0,"player_choice":"Fight","damage_taken":0,"max_hp_gain":0,"max_hp_loss":0,"event_name":"Colosseum","floor":20,"gold_loss":0},{"damage_healed":0,"gold_gain":0,"player_choice":"Fought Nobs","damage_taken":0,"max_hp_gain":0,"max_hp_loss":0,"event_name":"Colosseum","floor":20,"gold_loss":0},{"damage_healed":0,"gold_gain":99,"player_choice":"Stole From Cult","damage_taken":0,"max_hp_gain":0,"max_hp_loss":0,"event_name":"Nest","floor":21,"gold_loss":0},{"damage_healed":0,"gold_gain":0,"player_choice":"Fought Bandits","damage_taken":0,"max_hp_gain":0,"max_hp_loss":0,"event_name":"Masked Bandits","floor":27,"gold_loss":0},{"damage_healed":0,"gold_gain":0,"cards_transformed":["Defend_G"],"player_choice":"Transformed","damage_taken":0,"max_hp_gain":0,"max_hp_loss":0,"event_name":"Transmorgrifier","floor":38,"gold_loss":0,"cards_obtained":["Infinite Blades"]}],"is_beta":false,"boss_relics":[{"not_picked":["Busted Crown","HoveringKite","Coffee Dripper"]},{"not_picked":["Velvet Choker","WristBlade"],"picked":"Empty Cage"}],"items_purged_floors":[5,46],"is_endless":false,"potions_floor_spawned":[3,8,10,11,14,16,18,20,24,31,33,35,41,45],"killed_by":"Donu and Deca","ascension_level":0}