{"gold_per_floor":[118,118,132,132,2,2,12,12,12,12,30,63,63,63],"floor_reached":14,"playtime":403,"items_purged":["Strike_G"],"score":158,"play_id":"b498a644-3222-429e-8497-956ad831daf0","local_time":"20190403234114","is_ascension_mode":true,"campfire_choices":[{"data":"Neutralize","floor":6.0,"key":"SMITH"},{"data":"Footwork","floor":8.0,"key":"SMITH"},{"data":"Deadly Poison","floor":10.0,"key":"SMITH"}],"neow_cost":"NONE","seed_source_timestamp":271205564700640,"circlet_count":0,"master_deck":["AscendersBane","Defend_G+1","Defend_G","Defend_G+1","Defend_G","Defend_G","Strike_G","Strike_G","Strike_G","Strike_G","Survivor","Neutralize+1","Deadly Poison+1","Dodge and Roll","Deadly Poison","Footwork+1"],"special_seed":0,"relics":["Sozu","Singing Bowl","Bronze Scales"],"potions_floor_usage":[],"damage_taken":[{"damage":0.0,"enemies":"2 Louse","floor":1.0,"turns":4.0},{"damage":0.0,"enemies":"Jaw Worm","floor":3.0,"turns":4.0},{"damage":7.0,"enemies":"Small Slimes","floor":7.0,"turns":4.0},{"damage":0.0,"enemies":"Blue Slaver","floor":11.0,"turns":4.0},{"damage":30,"enemies":"Gremlin Nob","floor":12,"turns":5},{"damage":14,"enemies":"Red Slaver","floor":14,"turns":1}],"seed_played":"-4177909987181241317","potions_obtained":[],"is_trial":false,"path_per_floor":["M","?","M","?","$","R","M","R","T","R","M","E","?","M"],"character_chosen":"THE_SILENT","items_purchased":["Deadly Poison"],"campfire_rested":0,"item_purchase_floors":[5],"current_hp_per_floor":[59,39,39,39,39,39,32,32,32,32,34,6,6,0],"gold":63,"neow_bonus":"BOSS_RELIC","is_prod":false,"is_daily":false,"chose_seed":false,"campfire_upgraded":3,"win_rate":0,"timestamp":1554352874,"path_taken":["M","?","M","?","$","R","M","R","T","R","M","E","?","M"],"build_version":"2019-01-23","purchased_purges":1,"victory":false,"max_hp_per_floor":[66,66,66,66,66,66,66,66,66,66,68,70,70,70],"card_choices":[{"not_picked":["Underhanded Strike","Dodge and Roll"],"picked":"Deadly Poison","floor":1.0},{"not_picked":["Accuracy","All Out Attack"],"picked":"Dodge and Roll","floor":3.0},{"not_picked":["Dodge and Roll","Concentrate"],"picked":"Footwork","floor":7.0},{"not_picked":["Masterful Stab","Endless Agony","Dagger Spray"],"picked":"Singing Bowl","floor":11.0},{"not_picked":["Flying Knee","Underhanded Strike","Dagger Throw"],"picked":"Singing Bowl","floor":12}],"player_experience":656370,"relics_obtained":[{"floor":9.0,"key":"Singing Bowl"},{"floor":12,"key":"Bronze Scales"}],"event_choices":[{"damage_healed":0.0,"max_hp_gain":0.0,"max_hp_loss":0.0,"gold_gain":0.0,"event_name":"Shining Light","player_choice":"Entered Light","floor":2.0,"gold_loss":0.0,"damage_taken":20.0,"cards_upgraded":["Defend_G","Defend_G"]},{"damage_healed":0.0,"max_hp_gain":0.0,"max_hp_loss":0.0,"gold_gain":0.0,"event_name":"The Cleric","player_choice":"Leave","floor":4.0,"gold_loss":0.0,"damage_taken":0.0},{"damage_healed":0,"gold_gain":0,"player_choice":"Searched \u00270\u0027 times","damage_taken":0,"max_hp_gain":0,"max_hp_loss":0,"event_name":"Dead Adventurer","floor":13,"gold_loss":0}],"is_beta":false,"boss_relics":[],"items_purged_floors":[5],"is_endless":false,"potions_floor_spawned":[7,11,12],"killed_by":"Red Slaver","ascension_level":16}