{"gold_per_floor":[109,27,46,46,60,93,93,368,368,383,21,36,36,46,46,147,147,161,179,57,57,72,72],"floor_reached":23,"playtime":635,"items_purged":["Regret"],"score":193,"play_id":"b2ad63b9-39bc-463b-9482-e0b7fbc8cc40","local_time":"20180910202836","is_ascension_mode":false,"campfire_choices":[{"data":"Perfected Strike","floor":7,"key":"SMITH"},{"floor":15,"key":"REST"}],"neow_cost":"NONE","seed_source_timestamp":12428911760863,"circlet_count":0,"master_deck":["Strike_R","Strike_R","Strike_R","Strike_R","Strike_R","Defend_R","Defend_R","Defend_R","Defend_R","Bash","Perfected Strike+1","Infernal Blade","Evolve","Inflame","Perfected Strike+1","Uppercut","Dramatic Entrance","Shrug It Off","Clash","Berserk","Regret","Bash","Wild Strike","Dark Embrace","Blood for Blood","Rupture","Thunderclap","RitualDagger","Flex"],"relics":["Burning Blood","Boot","Bottled Lightning","Oddly Smooth Stone","Membership Card","Busted Crown","ClockworkSouvenir"],"potions_floor_usage":[16,16,23,23],"damage_taken":[{"damage":0,"enemies":"2 Louse","floor":1,"turns":3},{"damage":5,"enemies":"Small Slimes","floor":3,"turns":3},{"damage":13,"enemies":"Jaw Worm","floor":5,"turns":3},{"damage":15,"enemies":"Gremlin Nob","floor":6,"turns":4},{"damage":9,"enemies":"2 Fungi Beasts","floor":10,"turns":3},{"damage":13,"enemies":"Red Slaver","floor":12,"turns":2},{"damage":9,"enemies":"Lots of Slimes","floor":14,"turns":3},{"damage":49,"enemies":"The Guardian","floor":16,"turns":8},{"damage":2,"enemies":"Spheric Guardian","floor":18,"turns":2},{"damage":25,"enemies":"3 Byrds","floor":19,"turns":4},{"damage":30,"enemies":"Snake Plant","floor":22,"turns":3},{"damage":40,"enemies":"Slavers","floor":23,"turns":2}],"seed_played":"833784298147937246","potions_obtained":[{"floor":3,"key":"Dexterity Potion"},{"floor":6,"key":"Ancient Potion"},{"floor":12,"key":"Poison Potion"},{"floor":19,"key":"Ancient Potion"},{"floor":22,"key":"Dexterity Potion"}],"is_trial":false,"path_per_floor":["M","$","M","?","M","E","R","?","T","M","$","M","?","M","R","B",null,"M","M","$","?","M"],"character_chosen":"IRONCLAD","items_purchased":["Infernal Blade","Membership Card","Dramatic Entrance","Shrug It Off","Clash","ClockworkSouvenir","Thunderclap"],"campfire_rested":1,"item_purchase_floors":[2,11,11,11,11,20,20],"current_hp_per_floor":[80,80,83,83,76,67,67,67,67,64,64,57,57,54,78,35,83,83,64,64,58,37,0],"gold":72,"neow_bonus":"RANDOM_COMMON_RELIC","is_prod":false,"is_daily":false,"chose_seed":false,"campfire_upgraded":1,"win_rate":0,"timestamp":1536604116,"path_taken":["M","$","M","?","M","E","R","?","T","M","$","M","?","?","R","BOSS","M","M","$","?","M","E"],"build_version":"2018-09-06","purchased_purges":1,"victory":false,"max_hp_per_floor":[80,80,83,83,83,83,83,83,83,83,83,83,83,83,83,83,83,83,83,83,83,83,83],"card_choices":[{"not_picked":["Wild Strike","Shockwave"],"picked":"Perfected Strike","floor":1},{"not_picked":["Headbutt","True Grit"],"picked":"Evolve","floor":3},{"not_picked":["Blood for Blood","Thunderclap"],"picked":"Inflame","floor":5},{"not_picked":["True Grit","Heavy Blade"],"picked":"Perfected Strike","floor":6},{"not_picked":["Spot Weakness","Shrug It Off"],"picked":"Uppercut","floor":10},{"not_picked":["Evolve","Dual Wield"],"picked":"Berserk","floor":12},{"not_picked":["Warcry","Body Slam"],"picked":"Wild Strike","floor":14},{"not_picked":["Reaper","Berserk"],"picked":"Dark Embrace","floor":16},{"not_picked":[],"picked":"Blood for Blood","floor":18},{"not_picked":[],"picked":"Rupture","floor":19},{"not_picked":[],"picked":"Flex","floor":22}],"player_experience":241421,"relics_obtained":[{"floor":6,"key":"Bottled Lightning"},{"floor":9,"key":"Oddly Smooth Stone"}],"event_choices":[{"event_name":"Living Wall","player_choice":"Grow","floor":4,"damage_taken":0},{"event_name":"Golden Shrine","player_choice":"Desecrate","floor":8,"damage_taken":0},{"event_name":"Match and Keep!","player_choice":"2 cards matched","floor":13,"damage_taken":0},{"event_name":"Nest","player_choice":"Joined the Cult","floor":21,"damage_taken":0}],"is_beta":false,"boss_relics":[{"not_picked":["Sozu","Coffee Dripper"],"picked":"Busted Crown"}],"items_purged_floors":[11],"is_endless":false,"potions_floor_spawned":[3,6,12,19,22],"killed_by":"Slavers","ascension_level":0}