{"gold_per_floor":[112,125,143,143,160,160,172,172,172,189,62,73,86,86,86,186,186,200,218,230,244,259,259,184,184,238,238,257,130,130,144,144,144],"floor_reached":33,"playtime":1663,"items_purged":["Tools of the Trade"],"score":245,"play_id":"871e06d4-1415-492f-939a-2cfb4a752124","local_time":"20190306182753","is_ascension_mode":false,"campfire_choices":[{"data":"Crippling Poison","floor":6,"key":"SMITH"},{"data":"Caltrops","floor":15,"key":"SMITH"},{"floor":23,"key":"REST"},{"data":"Backflip","floor":25,"key":"SMITH"},{"data":"Caltrops","floor":27,"key":"SMITH"},{"floor":32,"key":"REST"}],"neow_cost":"NONE","seed_source_timestamp":341222262093373,"circlet_count":0,"master_deck":["Survivor","Neutralize","Dodge and Roll","Finisher","Backflip+1","Doppelganger","Adrenaline","Footwork","Caltrops+1","Phantasmal Killer","Tools of the Trade","Sucker Punch","Crippling Poison+1","Predator","Poisoned Stab","Poisoned Stab","Caltrops+1","Dash+1","Bane","Cloak And Dagger","Backstab","Die Die Die","Deadly Poison+1","Backstab","Poisoned Stab"],"relics":["Pandora\u0027s Box"],"potions_floor_usage":[10,16,18,21,28,31,33],"damage_taken":[{"damage":0,"enemies":"Cultist","floor":1,"turns":5},{"damage":11,"enemies":"Small Slimes","floor":2,"turns":3},{"damage":0,"enemies":"Jaw Worm","floor":3,"turns":4},{"damage":1,"enemies":"Blue Slaver","floor":5,"turns":5},{"damage":9,"enemies":"Looter","floor":7,"turns":3},{"damage":0,"enemies":"3 Louse","floor":10,"turns":3},{"damage":5,"enemies":"Exordium Wildlife","floor":12,"turns":4},{"damage":5,"enemies":"Exordium Thugs","floor":13,"turns":3},{"damage":21,"enemies":"Hexaghost","floor":16,"turns":7},{"damage":4,"enemies":"3 Byrds","floor":18,"turns":3},{"damage":21,"enemies":"Shell Parasite","floor":19,"turns":5},{"damage":14,"enemies":"Centurion and Healer","floor":20,"turns":6},{"damage":6,"enemies":"3 Cultists","floor":21,"turns":4},{"damage":13,"enemies":"Snecko","floor":22,"turns":4},{"damage":16,"enemies":"Sentry and Sphere","floor":28,"turns":5},{"damage":10,"enemies":"Chosen and Byrds","floor":31,"turns":4},{"damage":28,"enemies":"Automaton","floor":33,"turns":4}],"seed_played":"6510917417342099775","potions_obtained":[{"floor":3,"key":"LiquidBronze"},{"floor":5,"key":"Regen Potion"},{"floor":7,"key":"Dexterity Potion"},{"floor":12,"key":"GhostInAJar"},{"floor":16,"key":"SteroidPotion"},{"floor":20,"key":"Energy Potion"},{"floor":21,"key":"SteroidPotion"},{"floor":31,"key":"Poison Potion"}],"is_trial":false,"path_per_floor":["M","M","M","T","M","R","M","?","T","M","$","M","M","?","R","B",null,"M","M","M","M","M","R","?","R","T","R","M","$","?","M","R","B"],"character_chosen":"THE_SILENT","items_purchased":["Poisoned Stab","Caltrops","Poisoned Stab"],"campfire_rested":2,"item_purchase_floors":[11,11,29],"current_hp_per_floor":[70,59,59,59,58,58,49,49,49,61,61,56,51,51,51,30,70,66,45,31,25,12,33,33,33,33,33,17,17,17,7,28,0],"gold":144,"neow_bonus":"BOSS_RELIC","is_prod":false,"is_daily":false,"chose_seed":false,"campfire_upgraded":4,"win_rate":0,"timestamp":1551896873,"path_taken":["M","M","M","?","M","R","M","?","T","?","$","M","M","?","R","BOSS","M","M","M","M","M","R","?","R","T","R","M","$","?","M","R","BOSS"],"build_version":"2019-01-23","purchased_purges":1,"victory":false,"max_hp_per_floor":[70,70,70,70,70,70,70,70,70,70,70,70,70,70,70,70,70,70,70,70,70,70,70,70,70,70,70,70,70,70,70,70,70],"card_choices":[{"not_picked":["Caltrops","Dagger Spray"],"picked":"Sucker Punch","floor":1},{"not_picked":["Well Laid Plans","Catalyst"],"picked":"Dagger Spray","floor":2},{"not_picked":["Underhanded Strike","Acrobatics"],"picked":"Crippling Poison","floor":3},{"not_picked":["Skewer","Sucker Punch"],"picked":"Predator","floor":5},{"not_picked":["Prepared","Concentrate"],"picked":"Poisoned Stab","floor":7},{"not_picked":["Blade Dance","Endless Agony"],"picked":"Dash","floor":12},{"not_picked":["Finisher","Dagger Spray"],"picked":"Bane","floor":13},{"not_picked":["After Image","Night Terror"],"picked":"A Thousand Cuts","floor":16},{"not_picked":["Prepared","Poisoned Stab"],"picked":"Cloak And Dagger","floor":18},{"not_picked":["Dagger Spray","Blade Dance"],"picked":"Backstab","floor":19},{"not_picked":["Backflip","Riddle With Holes"],"picked":"Die Die Die","floor":20},{"not_picked":["Endless Agony","Heel Hook"],"picked":"Deadly Poison+1","floor":21},{"not_picked":["Flechettes","Infinite Blades"],"picked":"Backstab","floor":22},{"not_picked":["Flechettes+1","Slice","Skewer"],"picked":"SKIP","floor":31}],"player_experience":335960,"relics_obtained":[],"event_choices":[{"damage_healed":0,"gold_gain":0,"player_choice":"Bought 0 Potions","damage_taken":0,"max_hp_gain":0,"max_hp_loss":0,"event_name":"The Woman in Blue","floor":8,"gold_loss":0},{"damage_healed":0,"gold_gain":0,"player_choice":"Grow","damage_taken":0,"max_hp_gain":0,"max_hp_loss":0,"event_name":"Living Wall","floor":14,"gold_loss":0,"cards_upgraded":["Dash"]},{"cards_removed":["A Thousand Cuts"],"damage_healed":0,"gold_gain":0,"player_choice":"Gave Gold","damage_taken":0,"max_hp_gain":0,"max_hp_loss":0,"event_name":"Beggar","floor":24,"gold_loss":75},{"cards_removed":["Dagger Spray"],"damage_healed":0,"gold_gain":0,"player_choice":"Elegance","damage_taken":0,"max_hp_gain":0,"max_hp_loss":0,"event_name":"Back to Basics","floor":30,"gold_loss":0}],"is_beta":false,"boss_relics":[{"not_picked":["Runic Dome","Calling Bell","Black Star"]}],"items_purged_floors":[29],"is_endless":false,"potions_floor_spawned":[3,5,7,12,16,20,21,31],"killed_by":"Automaton","ascension_level":0}