{"gold_per_floor":[109,119,130,102,72,103,117,117,117,117,137,166,166,199,199,295,295,310,321,321,321,338,363,373,388,388,688,688,721,721,644,644,739,739,751,751,751,13,30,30,56,56,82,113,113,4,19,19,19,19],"floor_reached":51,"playtime":2259,"items_purged":["Strike_G+1"],"score":958,"play_id":"3a9af29c-6546-47ff-a56a-85543edd7c04","local_time":"20180814211459","is_ascension_mode":true,"campfire_choices":[{"data":"Infinite Blades","floor":8.0,"key":"SMITH"},{"floor":13.0,"key":"REST"},{"floor":15.0,"key":"REST"},{"floor":28.0,"key":"REST"},{"floor":30.0,"key":"REST"},{"floor":32.0,"key":"REST"},{"data":"Cloak And Dagger","floor":40.0,"key":"SMITH"},{"data":"Neutralize","floor":45,"key":"SMITH"},{"floor":49,"key":"REST"}],"neow_cost":"","seed_source_timestamp":355357598886048,"circlet_count":0,"master_deck":["Defend_G+1","Defend_G+1","Defend_G+1","Defend_G+1","Defend_G+1","Strike_G+1","Strike_G+1","Neutralize+1","Accuracy+1","Blur","Cloak And Dagger+1","Infinite Blades+1","Accuracy+1","Storm of Steel+1","Cloak And Dagger+1","Phantasmal Killer+1","Cloak And Dagger+1","Cloak And Dagger+1","Burst+1","Cloak And Dagger+1","J.A.X.+1","Envenom+1","A Thousand Cuts+1","Cloak And Dagger+1","Infinite Blades+1","Well Laid Plans+1","Distraction+1","Purity+1","Jack Of All Trades+1"],"special_seed":0,"relics":["Ring of the Snake","Orichalcum","Anchor","Toxic Egg 2","Letter Opener","Empty Cage","Frozen Egg 2","Shuriken","Old Coin","Matryoshka","Busted Crown","Bottled Lightning","StoneCalendar","Calipers","Bag of Preparation","Art of War","Dead Branch"],"potions_floor_usage":[50],"damage_taken":[{"damage":6.0,"enemies":"2 Louse","floor":1.0,"turns":3.0},{"damage":6.0,"enemies":"Jaw Worm","floor":2.0,"turns":6.0},{"damage":4.0,"enemies":"Small Slimes","floor":3.0,"turns":4.0},{"damage":0.0,"enemies":"Looter","floor":5.0,"turns":4.0},{"damage":20.0,"enemies":"Gremlin Nob","floor":6.0,"turns":4.0},{"damage":6.0,"enemies":"3 Louse","floor":7.0,"turns":5.0},{"damage":3.0,"enemies":"Large Slime","floor":11.0,"turns":6.0},{"damage":10.0,"enemies":"3 Sentries","floor":12.0,"turns":7.0},{"damage":7.0,"enemies":"Gremlin Nob","floor":14.0,"turns":3.0},{"damage":31.0,"enemies":"The Guardian","floor":16.0,"turns":10.0},{"damage":0.0,"enemies":"Shell Parasite","floor":18.0,"turns":2.0},{"damage":2.0,"enemies":"Chosen","floor":19.0,"turns":2.0},{"damage":8.0,"enemies":"Centurion and Healer","floor":22.0,"turns":5.0},{"damage":31.0,"enemies":"Slavers","floor":23.0,"turns":6.0},{"damage":14.0,"enemies":"Snake Plant","floor":24.0,"turns":5.0},{"damage":2.0,"enemies":"Cultist and Chosen","floor":25.0,"turns":4.0},{"damage":30.0,"enemies":"Book of Stabbing","floor":29.0,"turns":5.0},{"damage":27.0,"enemies":"Collector","floor":33.0,"turns":6.0},{"damage":0.0,"enemies":"3 Shapes","floor":35.0,"turns":4.0},{"damage":0.0,"enemies":"Flame Bruiser 1 Orb","floor":39.0,"turns":5.0},{"damage":0.0,"enemies":"Giant Head","floor":41.0,"turns":5.0},{"damage":10,"enemies":"2 Orb Walkers","floor":44,"turns":3},{"damage":0,"enemies":"Sphere and 2 Shapes","floor":47,"turns":1},{"damage":41,"enemies":"Time Eater","floor":50,"turns":6}],"seed_played":"-4934242410539355664","potions_obtained":[{"floor":3.0,"key":"PowerPotion"},{"floor":6.0,"key":"FearPotion"},{"floor":12.0,"key":"GhostInAJar"},{"floor":19.0,"key":"Strength Potion"},{"floor":29.0,"key":"SkillPotion"},{"floor":33.0,"key":"PowerPotion"},{"floor":44,"key":"EssenceOfSteel"}],"is_trial":false,"path_per_floor":["M","M","M","?","M","E","M","R","T","?","M","E","R","E","R","B",null,"M","M","?","?","M","E","M","M","T","T","R","E","R","?","R","B",null,"M","?","?","$","M","R","E","?","T","E","R","$","M","?","R","B"],"character_chosen":"THE_SILENT","items_purchased":["GhostInAJar","Bottled Lightning","StoneCalendar","Cloak And Dagger+1","GhostInAJar","Well Laid Plans+1"],"campfire_rested":6,"item_purchase_floors":[38,38,38,38,46,46],"current_hp_per_floor":[64,58,54,54,54,34,28,28,28,28,25,15,36,29,50,19,70,70,68,68,68,60,29,15,13,13,13,34,4,25,25,46,19,70,70,70,70,70,70,70,70,70,70,60,60,60,60,50,70,29],"gold":19,"neow_bonus":"","is_prod":false,"is_daily":false,"chose_seed":false,"campfire_upgraded":3,"win_rate":0,"timestamp":1534295699,"path_taken":["M","M","M","?","M","E","M","R","T","?","M","E","R","E","R","BOSS","M","M","?","?","M","E","M","M","T","?","R","E","R","?","R","BOSS","M","?","?","$","M","R","E","?","T","E","R","$","M","?","R","BOSS"],"build_version":"2018-08-09","purchased_purges":1,"victory":true,"max_hp_per_floor":[70,70,70,70,70,70,70,70,70,70,70,70,70,70,70,70,70,70,70,70,70,70,70,70,70,70,70,70,70,70,70,70,70,70,70,70,70,70,70,70,70,70,70,70,70,70,70,70,70,70],"card_choices":[{"not_picked":["PiercingWail","Deflect"],"picked":"Accuracy","floor":1.0},{"not_picked":["Backflip","Outmaneuver"],"picked":"Blur","floor":2.0},{"not_picked":["Bouncing Flask","Flying Knee"],"picked":"Cloak And Dagger","floor":3.0},{"not_picked":["Outmaneuver","Quick Slash"],"picked":"Infinite Blades","floor":5.0},{"not_picked":["Masterful Stab","Acrobatics"],"picked":"Accuracy","floor":6.0},{"not_picked":["PiercingWail","Outmaneuver","Caltrops"],"picked":"SKIP","floor":7.0},{"not_picked":["Eviscerate","Dagger Throw","Underhanded Strike"],"picked":"SKIP","floor":11.0},{"not_picked":["Dagger Throw","Prepared"],"picked":"Storm of Steel","floor":12.0},{"not_picked":["Prepared+1","Blur+1"],"picked":"Cloak And Dagger+1","floor":14.0},{"not_picked":["Bullet Time+1","After Image"],"picked":"Phantasmal Killer+1","floor":16.0},{"not_picked":["Deadly Poison+1","Endless Agony","Quick Slash"],"picked":"SKIP","floor":18.0},{"not_picked":["Predator+1","Caltrops+1","Acrobatics+1"],"picked":"SKIP","floor":19.0},{"not_picked":["Predator","Sucker Punch"],"picked":"Cloak And Dagger+1","floor":22.0},{"not_picked":["Storm of Steel+1","Dagger Spray+1"],"picked":"Cloak And Dagger+1","floor":23.0},{"not_picked":["Caltrops+1","Bane","Predator"],"picked":"SKIP","floor":24.0},{"not_picked":["Outmaneuver+1","Acrobatics+1"],"picked":"Burst+1","floor":25.0},{"not_picked":["Backstab","Finisher"],"picked":"Cloak And Dagger+1","floor":29.0},{"not_picked":["Malaise+1","Corpse Explosion+1"],"picked":"Envenom+1","floor":33.0},{"not_picked":["Dash+1"],"picked":"SKIP","floor":35.0},{"not_picked":["Poisoned Stab+1"],"picked":"SKIP","floor":39.0},{"not_picked":["PiercingWail+1"],"picked":"SKIP","floor":41.0},{"not_picked":["Eviscerate+1"],"picked":"SKIP","floor":44},{"not_picked":[],"picked":"Distraction+1","floor":47},{"not_picked":[],"picked":"Purity+1","floor":48},{"not_picked":[],"picked":"Jack Of All Trades+1","floor":48}],"player_experience":189494,"relics_obtained":[{"floor":6.0,"key":"Orichalcum"},{"floor":9.0,"key":"Anchor"},{"floor":12.0,"key":"Toxic Egg 2"},{"floor":14.0,"key":"Letter Opener"},{"floor":23.0,"key":"Frozen Egg 2"},{"floor":26.0,"key":"Shuriken"},{"floor":27.0,"key":"Old Coin"},{"floor":29.0,"key":"Matryoshka"},{"floor":41.0,"key":"Calipers"},{"floor":43.0,"key":"Bag of Preparation"},{"floor":43.0,"key":"Art of War"},{"floor":44,"key":"Dead Branch"}],"event_choices":[{"event_name":"World of Goop","player_choice":"Left","floor":4.0,"damage_taken":0.0},{"event_name":"Accursed Blacksmith","player_choice":"Forge","floor":10.0,"damage_taken":0.0},{"event_name":"Cursed Tome","player_choice":"Ignored","floor":20.0,"damage_taken":0.0},{"event_name":"Back to Basics","player_choice":"Simplicity","floor":21.0,"damage_taken":0.0},{"event_name":"Drug Dealer","player_choice":"Got JAXXED","floor":31.0,"damage_taken":0.0},{"event_name":"Upgrade Shrine","player_choice":"Upgraded","floor":36.0,"damage_taken":0.0},{"event_name":"Transmorgrifier","player_choice":"Transform","floor":37.0,"damage_taken":0.0},{"event_name":"Duplicator","player_choice":"One dupe","floor":42.0,"damage_taken":0.0},{"event_name":"SensoryStone","player_choice":"Memory 3","floor":48,"damage_taken":0}],"is_beta":false,"boss_relics":[{"not_picked":["Velvet Choker","Fusion Hammer"],"picked":"Empty Cage"},{"not_picked":["Runic Pyramid","Lizard Tail"],"picked":"Busted Crown"}],"items_purged_floors":[38],"is_endless":false,"potions_floor_spawned":[3,6,12,19,29,33,44],"ascension_level":4}