{"gold_per_floor":[119,43,43,53,53,87,87,87,110,110,122,157,157,168,168,244,244,256,181,204,129,129,146,146,165,191,241,241,254,254,254,254,333,333,345,359,83,83,94,119,119,146,220,220,239,19,19,35,35,35,35],"floor_reached":52,"playtime":4252,"items_purged":["Strike_B"],"score":1861,"play_id":"aad61305-7add-4ec3-8746-173913442a37","local_time":"20190209215855","is_ascension_mode":true,"campfire_choices":[{"data":"Defragment","floor":7.0,"key":"SMITH"},{"data":"Strike_B","floor":10.0,"key":"SMITH"},{"data":"Zap","floor":13.0,"key":"SMITH"},{"floor":15.0,"key":"REST"},{"floor":28.0,"key":"REST"},{"floor":32.0,"key":"REST"},{"data":"Seek","floor":41.0,"key":"SMITH"},{"floor":47.0,"key":"REST"},{"floor":49.0,"key":"REST"}],"neow_cost":"NONE","seed_source_timestamp":0,"circlet_count":0,"master_deck":["AscendersBane","Strike_B+1","Defend_B","Defend_B","Defend_B","Defend_B","Zap+1","Dualcast","Capacitor","Defragment+1","Steam","Ball Lightning","Cold Snap","Seek+1","Leap","Defragment","Rebound","Glacier","Echo Form","Defragment+1","Rainbow"],"special_seed":0,"relics":["Cracked Core","NeowsBlessing","Ancient Tea Set","Blue Candle","Strawberry","Juzu Bracelet","Lizard Tail","Omamori","DataDisk","Busted Crown","Bottled Lightning","Molten Egg 2","Mango","The Courier","Runic Capacitor"],"potions_floor_usage":[51],"damage_taken":[{"damage":0.0,"enemies":"Small Slimes","floor":1.0,"turns":1.0},{"damage":0.0,"enemies":"Cultist","floor":4.0,"turns":1.0},{"damage":0.0,"enemies":"3 Sentries","floor":6.0,"turns":1.0},{"damage":3.0,"enemies":"2 Louse","floor":11.0,"turns":3.0},{"damage":35.0,"enemies":"Lagavulin","floor":12.0,"turns":6.0},{"damage":4.0,"enemies":"Red Slaver","floor":14.0,"turns":3.0},{"damage":36.0,"enemies":"The Guardian","floor":16.0,"turns":11.0},{"damage":25.0,"enemies":"Shell Parasite","floor":18.0,"turns":6.0},{"damage":8.0,"enemies":"Spheric Guardian","floor":23.0,"turns":5.0},{"damage":0.0,"enemies":"Centurion and Healer","floor":24.0,"turns":1.0},{"damage":6.0,"enemies":"Cultist and Chosen","floor":25.0,"turns":7.0},{"damage":4.0,"enemies":"Chosen and Byrds","floor":29.0,"turns":5.0},{"damage":17.0,"enemies":"Collector","floor":33.0,"turns":12.0},{"damage":7.0,"enemies":"Orb Walker","floor":35.0,"turns":4.0},{"damage":19.0,"enemies":"3 Shapes","floor":36.0,"turns":6.0},{"damage":0.0,"enemies":"Maw","floor":39.0,"turns":8.0},{"damage":9.0,"enemies":"Nemesis","floor":40.0,"turns":13.0},{"damage":8.0,"enemies":"Giant Head","floor":42.0,"turns":12.0},{"damage":29.0,"enemies":"4 Shapes","floor":45.0,"turns":8.0},{"damage":25.0,"enemies":"3 Darklings","floor":48.0,"turns":5.0},{"damage":6.0,"enemies":"Time Eater","floor":50.0,"turns":17.0},{"damage":67,"enemies":"Awakened One","floor":51,"turns":92}],"seed_played":"-8044171202398598624","potions_obtained":[{"floor":1.0,"key":"SmokeBomb"},{"floor":3.0,"key":"EntropicBrew"},{"floor":35.0,"key":"Weak Potion"},{"floor":36.0,"key":"FearPotion"}],"is_trial":false,"path_per_floor":["M","$","?","M","?","E","R","?","T","R","M","E","R","M","R","B",null,"M","$","T","?","?","M","M","M","T","?","R","M","?","?","R","B",null,"M","M","$","?","M","E","R","E","T","?","M","$","R","M","R","B","B",null],"character_chosen":"DEFECT","items_purchased":["Defragment","Bottled Lightning","Runic Capacitor","Weak Potion"],"campfire_rested":5,"item_purchase_floors":[2,37,46,46],"current_hp_per_floor":[64,64,64,64,64,64,64,64,71,71,68,33,33,29,52,16,63,38,38,38,38,38,30,30,24,24,24,47,43,43,43,66,49,71,64,45,45,78,78,69,69,75,75,75,46,46,73,48,75,69,2],"gold":35,"neow_bonus":"THREE_ENEMY_KILL","is_prod":false,"is_daily":false,"chose_seed":false,"campfire_upgraded":4,"win_rate":0,"timestamp":1549767535,"path_taken":["M","$","?","?","?","E","R","?","T","R","?","E","R","M","R","BOSS","M","?","?","?","?","M","M","M","T","?","R","M","?","?","R","BOSS","M","M","$","?","M","E","R","E","T","?","M","$","R","M","R","BOSS","BOSS"],"build_version":"2019-01-23","purchased_purges":1,"victory":true,"max_hp_per_floor":[71,71,71,71,71,71,71,71,78,78,78,78,78,78,78,78,78,78,78,78,78,78,78,78,78,78,78,78,78,78,78,78,78,78,78,78,78,78,78,78,78,92,92,92,92,92,92,92,92,92,92],"card_choices":[{"not_picked":["Turbo","Leap"],"picked":"Capacitor","floor":1.0},{"not_picked":["Stack","Double Energy"],"picked":"Steam","floor":4.0},{"not_picked":["Stack","Redo","Steam"],"picked":"SKIP","floor":6.0},{"not_picked":["Stack","Redo","Steam"],"picked":"SKIP","floor":6.0},{"not_picked":["Turbo","Force Field"],"picked":"FTL","floor":11.0},{"not_picked":["Compile Driver","Heatsinks"],"picked":"Ball Lightning","floor":12.0},{"not_picked":["Go for the Eyes","Beam Cell"],"picked":"Cold Snap","floor":14.0},{"not_picked":["Creative AI","Thunder Strike"],"picked":"Seek","floor":16.0},{"not_picked":["Tempest","Scrape"],"picked":"Leap","floor":18.0},{"not_picked":["Sweeping Beam","Go for the Eyes"],"picked":"Defragment","floor":23.0},{"not_picked":["Fusion","Sweeping Beam"],"picked":"Rebound","floor":25.0},{"not_picked":["Barrage","Ball Lightning"],"picked":"Glacier","floor":29.0},{"not_picked":["Machine Learning","Core Surge"],"picked":"Rainbow","floor":33.0},{"not_picked":["Hologram"],"picked":"SKIP","floor":35.0},{"not_picked":["Heatsinks"],"picked":"SKIP","floor":36.0},{"not_picked":["Beam Cell+1"],"picked":"SKIP","floor":39.0},{"not_picked":["Beam Cell"],"picked":"SKIP","floor":40.0},{"not_picked":["Gash+1"],"picked":"SKIP","floor":42.0},{"not_picked":["Ball Lightning+1"],"picked":"SKIP","floor":45.0},{"not_picked":["Reinforced Body"],"picked":"SKIP","floor":48.0}],"player_experience":650555,"relics_obtained":[{"floor":6.0,"key":"Blue Candle"},{"floor":9.0,"key":"Strawberry"},{"floor":12.0,"key":"Juzu Bracelet"},{"floor":20.0,"key":"Omamori"},{"floor":26.0,"key":"DataDisk"},{"floor":40.0,"key":"Molten Egg 2"},{"floor":42.0,"key":"Mango"},{"floor":43.0,"key":"The Courier"}],"event_choices":[{"damage_healed":0.0,"max_hp_gain":0.0,"max_hp_loss":0.0,"gold_gain":0.0,"event_name":"Lab","player_choice":"Got Potions","floor":3.0,"gold_loss":0.0,"damage_taken":0.0},{"damage_healed":0.0,"max_hp_gain":0.0,"max_hp_loss":0.0,"gold_gain":0.0,"event_name":"Big Fish","player_choice":"Box","floor":5.0,"gold_loss":0.0,"damage_taken":0.0,"relics_obtained":["Ancient Tea Set"],"cards_obtained":["Regret"]},{"cards_removed":["Regret"],"damage_healed":0.0,"max_hp_gain":0.0,"max_hp_loss":0.0,"gold_gain":0.0,"event_name":"Purifier","player_choice":"Purged","floor":8.0,"gold_loss":0.0,"damage_taken":0.0},{"cards_removed":["Strike_B"],"damage_healed":0.0,"max_hp_gain":0.0,"max_hp_loss":0.0,"gold_gain":0.0,"event_name":"Beggar","player_choice":"Gave Gold","floor":21.0,"gold_loss":75.0,"damage_taken":0.0},{"damage_healed":0.0,"max_hp_gain":0.0,"max_hp_loss":0.0,"gold_gain":0.0,"event_name":"N\u0027loth","player_choice":"Ignored","floor":22.0,"gold_loss":0.0,"damage_taken":0.0},{"damage_healed":0.0,"max_hp_gain":0.0,"max_hp_loss":0.0,"gold_gain":50.0,"event_name":"Nest","player_choice":"Stole From Cult","floor":27.0,"gold_loss":0.0,"damage_taken":0.0},{"damage_healed":0.0,"max_hp_gain":0.0,"max_hp_loss":0.0,"gold_gain":0.0,"cards_transformed":["Strike_B"],"event_name":"Transmorgrifier","player_choice":"Transformed","floor":30.0,"gold_loss":0.0,"damage_taken":0.0,"cards_obtained":["Echo Form"]},{"damage_healed":0.0,"max_hp_gain":0.0,"max_hp_loss":0.0,"gold_gain":0.0,"event_name":"Duplicator","player_choice":"Copied","floor":31.0,"gold_loss":0.0,"damage_taken":0.0,"cards_obtained":["Defragment"]},{"cards_removed":["FTL"],"damage_healed":33.0,"max_hp_gain":0.0,"max_hp_loss":0.0,"gold_gain":0.0,"event_name":"Bonfire Elementals","player_choice":"Offered Uncommon","floor":38.0,"gold_loss":0.0,"damage_taken":0.0},{"damage_healed":0.0,"max_hp_gain":0.0,"max_hp_loss":0.0,"gold_gain":0.0,"event_name":"SensoryStone","player_choice":"Memory 1","floor":44.0,"gold_loss":0.0,"damage_taken":0.0}],"is_beta":false,"boss_relics":[{"not_picked":["Runic Dome","Black Star"],"picked":"Lizard Tail"},{"not_picked":["Runic Pyramid","Orrery"],"picked":"Busted Crown"}],"items_purged_floors":[19],"is_endless":false,"potions_floor_spawned":[1,4,16,24,35,36],"ascension_level":20}