{"gold_per_floor":[111,123,123,140,65,100,19,19,96,96,96,134,152,186,186,186],"floor_reached":16,"playtime":711,"items_purged":["Regret"],"score":136,"play_id":"387b97a8-4496-417f-9464-d996f8ca6cbc","local_time":"20180810232635","is_ascension_mode":true,"campfire_choices":[{"floor":10,"key":"REST"},{"floor":15,"key":"REST"}],"neow_cost":"NONE","seed_source_timestamp":19602562450447,"circlet_count":0,"master_deck":["Strike_B","Strike_B","Strike_B","Strike_B","Defend_B","Defend_B","Defend_B","Defend_B","Zap","Dualcast","Hologram","Sweeping Beam","Coolheaded","Buffer","Static Discharge","Melter","BootSequence+1","Gash","Turbo+1","Fusion+1"],"relics":["Cracked Core","NeowsBlessing","Happy Flower","Smiling Mask","Dream Catcher","Toxic Egg 2","Golden Idol","Centennial Puzzle","Kunai"],"potions_floor_usage":[6,16],"damage_taken":[{"damage":0,"enemies":"2 Louse","floor":1,"turns":1},{"damage":0,"enemies":"Cultist","floor":2,"turns":1},{"damage":0,"enemies":"Small Slimes","floor":4,"turns":1},{"damage":25,"enemies":"Lagavulin","floor":6,"turns":8},{"damage":27,"enemies":"Gremlin Nob","floor":12,"turns":5},{"damage":0,"enemies":"Gremlin Gang","floor":13,"turns":4},{"damage":23,"enemies":"3 Sentries","floor":14,"turns":7},{"damage":53,"enemies":"Slime Boss","floor":16,"turns":10}],"seed_played":"8777387432221867544","potions_obtained":[{"floor":2,"key":"Weak Potion"},{"floor":6,"key":"Fire Potion"},{"floor":13,"key":"FairyPotion"},{"floor":14,"key":"Regen Potion"}],"is_trial":false,"path_per_floor":["M","M","?","M","$","E","$","?","T","R","?","E","M","E","R"],"character_chosen":"DEFECT","items_purchased":["Static Discharge"],"campfire_rested":2,"item_purchase_floors":[7],"current_hp_per_floor":[75,75,75,75,75,50,50,50,50,72,54,27,27,4,26,0],"gold":186,"neow_bonus":"THREE_ENEMY_KILL","is_prod":false,"is_daily":false,"chose_seed":false,"campfire_upgraded":0,"win_rate":0,"timestamp":1533957995,"path_taken":["M","M","?","M","$","E","$","?","T","R","?","E","?","E","R","BOSS"],"build_version":"2018-08-09","purchased_purges":1,"victory":false,"max_hp_per_floor":[75,75,75,75,75,75,75,75,75,75,75,75,75,75,75,75],"card_choices":[{"not_picked":["Conserve Battery","Leap"],"picked":"Hologram","floor":1},{"not_picked":["Turbo","Aggregate"],"picked":"Sweeping Beam","floor":2},{"not_picked":["Compile Driver","Leap"],"picked":"Coolheaded","floor":4},{"not_picked":["Redo","Barrage"],"picked":"Buffer","floor":6},{"not_picked":["Beam Cell","Leap+1"],"picked":"Melter","floor":10},{"not_picked":["Cold Snap","Coolheaded+1"],"picked":"BootSequence+1","floor":12},{"not_picked":["Cold Snap","Rebound"],"picked":"Gash","floor":13},{"not_picked":["Streamline","Biased Cognition"],"picked":"Turbo+1","floor":14},{"not_picked":["Turbo+1","Hologram+1"],"picked":"Fusion+1","floor":15}],"player_experience":180070,"relics_obtained":[{"floor":6,"key":"Smiling Mask"},{"floor":9,"key":"Toxic Egg 2"},{"floor":12,"key":"Centennial Puzzle"},{"floor":14,"key":"Kunai"}],"event_choices":[{"event_name":"Big Fish","player_choice":"Box","floor":3,"damage_taken":0},{"event_name":"WeMeetAgain","player_choice":"Potion","floor":8,"damage_taken":0},{"event_name":"Golden Idol","player_choice":"Take Damage","floor":11,"damage_taken":0}],"is_beta":false,"boss_relics":[],"items_purged_floors":[5],"is_endless":false,"potions_floor_spawned":[2,6,13,14],"killed_by":"Slime Boss","ascension_level":3}