{"gold_per_floor":[110,110,60,70,81,114,127,159,230,264,275,275,350,366,366,471,471,481,481],"floor_reached":19,"playtime":1065,"items_purged":[],"score":246,"play_id":"a2cc8c74-89f9-4a33-b236-69ea4fe815c9","local_time":"20180918124322","is_ascension_mode":true,"campfire_choices":[{"floor":12.0,"key":"REST"},{"data":"Feed","floor":15,"key":"SMITH"}],"neow_cost":"PERCENT_DAMAGE","seed_source_timestamp":0,"circlet_count":0,"master_deck":["Strike_R","Strike_R+1","Strike_R","Strike_R","Defend_R","Defend_R","Defend_R","Defend_R","Bash","Searing Blow+1","Uppercut","Shrug It Off","Rampage+1","Battle Trance","Sever Soul","Spot Weakness","Feed+1","Exhume"],"special_seed":0,"relics":["Burning Blood","Bird Faced Urn","Blood Vial","Charon\u0027s Ashes","Pantograph","Whetstone","Busted Crown"],"potions_floor_usage":[16,18,19],"damage_taken":[{"damage":1.0,"enemies":"Cultist","floor":1.0,"turns":4.0},{"damage":3.0,"enemies":"Small Slimes","floor":4.0,"turns":2.0},{"damage":1.0,"enemies":"2 Louse","floor":5.0,"turns":2.0},{"damage":29.0,"enemies":"3 Sentries","floor":6.0,"turns":11.0},{"damage":2.0,"enemies":"2 Fungi Beasts","floor":7.0,"turns":4.0},{"damage":22.0,"enemies":"Gremlin Nob","floor":8.0,"turns":4.0},{"damage":24.0,"enemies":"3 Sentries","floor":10.0,"turns":6.0},{"damage":0.0,"enemies":"Exordium Wildlife","floor":11.0,"turns":3.0},{"damage":8,"enemies":"Large Slime","floor":14,"turns":4},{"damage":38,"enemies":"The Guardian","floor":16,"turns":10},{"damage":18,"enemies":"3 Byrds","floor":18,"turns":3},{"damage":44,"enemies":"Colosseum Slavers","floor":19,"turns":3},{"damage":40,"enemies":"Colosseum Nobs","floor":19,"turns":3}],"seed_played":"-3309634489089696176","potions_obtained":[{"floor":1.0,"key":"Energy Potion"},{"floor":5.0,"key":"Dexterity Potion"},{"floor":6.0,"key":"AttackPotion"},{"floor":10.0,"key":"Energy Potion"},{"floor":16,"key":"Fire Potion"},{"floor":18,"key":"LiquidBronze"}],"is_trial":false,"path_per_floor":["M","?","?","M","M","E","M","E","T","E","M","R","?","M","R","B",null,"M"],"character_chosen":"IRONCLAD","items_purchased":[],"campfire_rested":1,"item_purchase_floors":[],"current_hp_per_floor":[56,56,56,59,64,41,47,33,33,17,25,49,41,41,41,40,73,63,0],"gold":481,"neow_bonus":"ONE_RARE_RELIC","is_prod":false,"is_daily":false,"chose_seed":false,"campfire_upgraded":1,"win_rate":0,"timestamp":1537289002,"path_taken":["M","?","?","M","M","E","M","E","T","E","M","R","?","M","R","BOSS","M","?"],"build_version":"2018-09-06","purchased_purges":0,"victory":false,"max_hp_per_floor":[80,80,80,80,80,80,80,80,80,80,80,80,80,80,80,84,84,84,84],"card_choices":[{"not_picked":["Sword Boomerang","Reckless Charge"],"picked":"Searing Blow","floor":1.0},{"not_picked":["Warcry","Hemokinesis"],"picked":"Uppercut","floor":4.0},{"not_picked":["Reckless Charge","Infernal Blade"],"picked":"Shrug It Off","floor":5.0},{"not_picked":["Perfected Strike","Ghostly Armor"],"picked":"Rampage","floor":6.0},{"not_picked":["Hemokinesis","Rampage"],"picked":"Battle Trance","floor":7.0},{"not_picked":["Havoc","Searing Blow"],"picked":"Sever Soul","floor":8.0},{"not_picked":["Anger","Hemokinesis"],"picked":"Spot Weakness","floor":10.0},{"not_picked":["Sword Boomerang","Warcry","Fire Breathing"],"picked":"SKIP","floor":11.0},{"not_picked":["Body Slam","Whirlwind"],"picked":"Feed","floor":14},{"not_picked":["Feed","Bludgeon"],"picked":"Exhume","floor":16},{"not_picked":["Searing Blow"],"picked":"SKIP","floor":18}],"player_experience":252540,"relics_obtained":[{"floor":6.0,"key":"Blood Vial"},{"floor":8.0,"key":"Charon\u0027s Ashes"},{"floor":9.0,"key":"Pantograph"},{"floor":10.0,"key":"Whetstone"}],"event_choices":[{"event_name":"Living Wall","player_choice":"Grow","floor":2.0,"damage_taken":0.0},{"event_name":"The Cleric","player_choice":"Card Removal","floor":3.0,"damage_taken":0.0},{"event_name":"FaceTrader","player_choice":"Touch","floor":13,"damage_taken":0},{"event_name":"Colosseum","player_choice":"Fight","floor":19,"damage_taken":0},{"event_name":"Colosseum","player_choice":"Fought Nobs","floor":19,"damage_taken":0}],"is_beta":false,"boss_relics":[{"not_picked":["Tiny House","Astrolabe"],"picked":"Busted Crown"}],"items_purged_floors":[],"is_endless":false,"potions_floor_spawned":[1,5,6,10,16,18],"killed_by":"Colosseum Nobs","ascension_level":6}