{"gold_per_floor":[109,109,120,135,152,152,184,160,187,39,59,59,59,59,59,155,155,174,24,24,42,55,55],"floor_reached":23,"playtime":1209,"items_purged":[],"score":306,"play_id":"e0d59ae8-0522-4b4d-89ca-a3474d4d7bb2","local_time":"20181226155843","is_ascension_mode":true,"campfire_choices":[{"data":"Consume","floor":6.0,"key":"SMITH"},{"data":"Capacitor","floor":13,"key":"SMITH"},{"data":"Creative AI","floor":15,"key":"SMITH"}],"neow_cost":"TEN_PERCENT_HP_LOSS","seed_source_timestamp":179418526036017,"circlet_count":0,"master_deck":["AscendersBane","Strike_B+1","Strike_B","Defend_B","Defend_B","Defend_B","Defend_B","Zap","Dualcast","Chaos+1","Compile Driver","Cold Snap","Leap","Consume+1","Creative AI+1","Cold Snap+1","Capacitor+1","Rainbow","Turbo","Sweeping Beam"],"special_seed":0,"relics":["Cracked Core","Boot","Pen Nib","Whetstone","Bag of Marbles","White Beast Statue","PreservedInsect"],"potions_floor_usage":[22],"damage_taken":[{"damage":2.0,"enemies":"Jaw Worm","floor":1.0,"turns":4.0},{"damage":0.0,"enemies":"Cultist","floor":3.0,"turns":3.0},{"damage":0.0,"enemies":"Small Slimes","floor":4.0,"turns":4.0},{"damage":1.0,"enemies":"3 Louse","floor":5.0,"turns":2.0},{"damage":20.0,"enemies":"Lagavulin","floor":7.0,"turns":6.0},{"damage":9.0,"enemies":"Exordium Wildlife","floor":11.0,"turns":4.0},{"damage":21,"enemies":"The Guardian","floor":16,"turns":10},{"damage":11,"enemies":"Chosen","floor":18,"turns":7},{"damage":10,"enemies":"Shell Parasite","floor":21,"turns":6},{"damage":18,"enemies":"Snecko","floor":22,"turns":6},{"damage":22,"enemies":"Gremlin Leader","floor":23,"turns":6}],"seed_played":"1904437763185727011","potions_obtained":[{"floor":4.0,"key":"Explosive Potion"},{"floor":5.0,"key":"FearPotion"},{"floor":18,"key":"SpeedPotion"},{"floor":22,"key":"Fire Potion"}],"is_trial":false,"path_per_floor":["M","?","M","M","M","R","E","$","T","$","M","?","R","?","R","B",null,"M","$","?","M","M","E"],"character_chosen":"DEFECT","items_purchased":["Cold Snap","Whetstone","PreservedInsect"],"campfire_rested":0,"item_purchase_floors":[8,10,19],"current_hp_per_floor":[66,66,66,66,65,65,45,45,45,45,36,36,36,58,58,37,60,49,49,49,39,21,0],"gold":55,"neow_bonus":"TRANSFORM_TWO_CARDS","is_prod":false,"is_daily":false,"chose_seed":false,"campfire_upgraded":3,"win_rate":0,"timestamp":1545857923,"path_taken":["M","?","M","M","?","R","E","$","T","?","?","?","R","?","R","BOSS","M","$","?","M","M","E"],"build_version":"2018-12-20","purchased_purges":0,"victory":false,"max_hp_per_floor":[68,68,68,68,68,68,68,68,68,68,68,68,68,68,68,68,68,68,68,68,68,68,68],"card_choices":[{"not_picked":["Steam","Barrage"],"picked":"Cold Snap","floor":1.0},{"not_picked":["Rebound","Stack"],"picked":"Leap","floor":3.0},{"not_picked":["Compile Driver","Leap"],"picked":"Consume","floor":4.0},{"not_picked":["Lockon","Steam Power","Consume"],"picked":"SKIP","floor":5.0},{"not_picked":["Lockon","Steam Power","Consume"],"picked":"SKIP","floor":5.0},{"not_picked":["Darkness","Cold Snap"],"picked":"Creative AI","floor":7.0},{"not_picked":["Scrape","Turbo"],"picked":"Capacitor","floor":11.0},{"not_picked":["Fission","Meteor Strike"],"picked":"Rainbow","floor":16},{"not_picked":["Conserve Battery","Genetic Algorithm"],"picked":"Turbo","floor":18},{"not_picked":["Aggregate","Turbo","Compile Driver"],"picked":"SKIP","floor":21},{"not_picked":["Turbo","Go for the Eyes"],"picked":"Sweeping Beam","floor":22}],"player_experience":440968,"relics_obtained":[{"floor":7.0,"key":"Boot"},{"floor":9.0,"key":"Pen Nib"}],"event_choices":[{"damage_healed":0.0,"max_hp_gain":0.0,"max_hp_loss":0.0,"gold_gain":0.0,"event_name":"Upgrade Shrine","player_choice":"Upgraded","floor":2.0,"gold_loss":0.0,"damage_taken":0.0,"cards_upgraded":["Chaos"]},{"damage_healed":0,"gold_gain":0,"player_choice":"Searched \u00272\u0027 times","damage_taken":0,"relics_obtained":["Bag of Marbles"],"max_hp_gain":0,"max_hp_loss":0,"event_name":"Dead Adventurer","floor":12,"gold_loss":0},{"damage_healed":22,"gold_gain":0,"player_choice":"Banana","damage_taken":0,"max_hp_gain":0,"max_hp_loss":0,"event_name":"Big Fish","floor":14,"gold_loss":0},{"damage_healed":0,"gold_gain":0,"player_choice":"Ignored","damage_taken":0,"max_hp_gain":0,"max_hp_loss":0,"event_name":"Vampires","floor":20,"gold_loss":0}],"is_beta":false,"boss_relics":[{"not_picked":["Philosopher\u0027s Stone","Eternal Feather"],"picked":"White Beast Statue"}],"items_purged_floors":[],"is_endless":false,"potions_floor_spawned":[4,5,18,21,22],"killed_by":"Gremlin Leader","ascension_level":12}