{"gold_per_floor":[110,127,147,147,165,199,199,227,280,290,36,36,111,142,142,216,216,235,247,247,247,258,258,283,208,235,235,263,263,273,302,302,373,373,383,436,285,685,685,685,719,732,732,765,765,142,142,85,85,85,85,85,85,31,63,63],"floor_reached":57,"playtime":4882,"items_purged":["Regret","Strike_B+1"],"score":2864,"play_id":"fbf87ccd-d3da-4af2-ba9f-fadb846cde13","local_time":"20190414095810","is_ascension_mode":true,"campfire_choices":[{"data":"Zap","floor":7.0,"key":"SMITH"},{"data":"Sunder","floor":12.0,"key":"SMITH"},{"data":"Capacitor","floor":15.0,"key":"SMITH"},{"data":"Defragment","floor":23.0,"key":"SMITH"},{"data":"Go for the Eyes","floor":27.0,"key":"SMITH"},{"data":"Buffer","floor":32.0,"key":"SMITH"},{"data":"Defragment","floor":40.0,"key":"SMITH"},{"floor":45.0,"key":"RECALL"},{"data":"Loop","floor":49.0,"key":"SMITH"},{"data":"PanicButton","floor":53,"key":"SMITH"}],"neow_cost":"NONE","seed_source_timestamp":260612482837156,"circlet_count":0,"master_deck":["AscendersBane","Strike_B+1","Strike_B+1","Defend_B+1","Defend_B+1","Defend_B+1","Defend_B+1","Zap+1","Dualcast","Melter","Ball Lightning+1","Glacier+1","Go for the Eyes+1","Coolheaded+1","Rainbow","Sunder+1","Capacitor+1","Echo Form","Defragment+1","Stack+1","Self Repair","Buffer+1","Auto Shields+1","Echo Form","Cold Snap+1","Defragment+1","Double Energy","Panacea","Panacea","Trip","Go for the Eyes+1","Stack+1","PanicButton+1","Loop+1","Stack","Lockon"],"special_seed":0,"relics":["Cracked Core","Orichalcum","Cables","Matryoshka","Pantograph","Potion Belt","Bag of Preparation","Whetstone","Cursed Key","War Paint","Oddly Smooth Stone","Happy Flower","Symbiotic Virus","Runic Pyramid","Gambling Chip","Old Coin","Kunai","Sundial","Bronze Scales","Anchor","Boot"],"potions_floor_usage":[56,56,56,56],"damage_taken":[{"damage":0.0,"enemies":"2 Louse","floor":1.0,"turns":2.0},{"damage":0.0,"enemies":"Jaw Worm","floor":2.0,"turns":3.0},{"damage":2.0,"enemies":"Small Slimes","floor":3.0,"turns":2.0},{"damage":9.0,"enemies":"3 Louse","floor":5.0,"turns":4.0},{"damage":5.0,"enemies":"Gremlin Nob","floor":6.0,"turns":3.0},{"damage":11.0,"enemies":"Lagavulin","floor":8.0,"turns":7.0},{"damage":0.0,"enemies":"Looter","floor":10.0,"turns":3.0},{"damage":16.0,"enemies":"Gremlin Nob","floor":14.0,"turns":4.0},{"damage":8.0,"enemies":"The Guardian","floor":16.0,"turns":10.0},{"damage":3.0,"enemies":"2 Thieves","floor":18.0,"turns":4.0},{"damage":13.0,"enemies":"Shell Parasite","floor":19.0,"turns":3.0},{"damage":7.0,"enemies":"Shelled Parasite and Fungi","floor":22.0,"turns":6.0},{"damage":0.0,"enemies":"Book of Stabbing","floor":24.0,"turns":5.0},{"damage":28.0,"enemies":"Slavers","floor":28.0,"turns":6.0},{"damage":5.0,"enemies":"Snake Plant","floor":30.0,"turns":5.0},{"damage":18.0,"enemies":"Book of Stabbing","floor":31.0,"turns":6.0},{"damage":4.0,"enemies":"Champ","floor":33.0,"turns":9.0},{"damage":0.0,"enemies":"3 Shapes","floor":35.0,"turns":5.0},{"damage":31.0,"enemies":"2 Orb Walkers","floor":36.0,"turns":6.0},{"damage":4.0,"enemies":"Mind Bloom Boss Battle","floor":38.0,"turns":7.0},{"damage":2.0,"enemies":"Reptomancer","floor":41.0,"turns":8.0},{"damage":0.0,"enemies":"Orb Walker","floor":42.0,"turns":4.0},{"damage":0.0,"enemies":"Giant Head","floor":44.0,"turns":7.0},{"damage":5.0,"enemies":"Donu and Deca","floor":50.0,"turns":6.0},{"damage":50,"enemies":"Awakened One","floor":51,"turns":12},{"damage":12,"enemies":"Shield and Spear","floor":55,"turns":11},{"damage":32,"enemies":"The Heart","floor":56,"turns":12}],"seed_played":"-7457023351338545779","potions_obtained":[{"floor":2.0,"key":"Regen Potion"},{"floor":5.0,"key":"Fire Potion"},{"floor":8.0,"key":"Weak Potion"},{"floor":10.0,"key":"Explosive Potion"},{"floor":14.0,"key":"AttackPotion"},{"floor":19.0,"key":"Weak Potion"},{"floor":22.0,"key":"PowerPotion"},{"floor":28.0,"key":"Weak Potion"},{"floor":33.0,"key":"Strength Potion"},{"floor":36.0,"key":"SpeedPotion"},{"floor":44.0,"key":"Energy Potion"}],"is_trial":false,"path_per_floor":["M","M","M","?","M","E","R","E","T","M","$","R","?","E","R","B",null,"M","M","?","?","M","R","E","?","T","R","E","T","M","E","R","B",null,"M","?","$","?","?","R","E","M","T","E","R","$","?","$","R","B","B",null,"R","$","E","B",null],"character_chosen":"DEFECT","items_purchased":["Bag of Preparation","Capacitor","Defragment","Bronze Scales","Anchor","PanicButton","Loop","Stack","Dexterity Potion"],"campfire_rested":0,"item_purchase_floors":[11,11,37,46,46,46,46,48,54],"current_hp_per_floor":[64,64,62,67,58,53,53,42,42,42,42,42,31,15,15,32,65,74,61,61,61,54,54,54,54,54,54,40,40,42,31,31,59,72,76,59,59,76,66,66,76,76,76,76,76,76,72,72,72,72,36,63,63,63,65,47],"gold":63,"neow_bonus":"RANDOM_COMMON_RELIC","is_prod":false,"is_daily":false,"chose_seed":false,"campfire_upgraded":9,"win_rate":0,"timestamp":1555253890,"path_taken":["M","M","M","?","M","E","R","E","T","M","$","R","?","E","R","BOSS","M","M","?","?","M","R","E","?","T","R","E","?","M","E","R","BOSS","M","?","$","?","?","R","E","M","T","E","R","$","?","?","R","BOSS","BOSS","R","$","E","BOSS"],"build_version":"2019-01-23","purchased_purges":2,"victory":true,"max_hp_per_floor":[71,71,71,76,76,76,76,76,76,76,76,76,76,76,76,76,76,76,76,76,76,76,76,76,76,76,76,76,76,76,76,76,76,76,76,76,76,76,76,76,76,76,76,76,76,76,72,72,72,72,72,72,72,72,72,72],"card_choices":[{"not_picked":["Rebound","Compile Driver"],"picked":"Melter","floor":1.0},{"not_picked":["Blizzard","Hello World"],"picked":"Ball Lightning","floor":2.0},{"not_picked":["Steam","Gash"],"picked":"Glacier","floor":3.0},{"not_picked":["Turbo","Scrape"],"picked":"Go for the Eyes","floor":5.0},{"not_picked":["Sweeping Beam","Tempest"],"picked":"Coolheaded","floor":6.0},{"not_picked":["Rip and Tear","Hologram"],"picked":"Rainbow","floor":8.0},{"not_picked":["Gash","Barrage"],"picked":"Sunder","floor":10.0},{"not_picked":["Redo","Gash","Reprogram"],"picked":"SKIP","floor":14.0},{"not_picked":["Meteor Strike","Core Surge"],"picked":"Echo Form","floor":16.0},{"not_picked":["Double Energy","Steam"],"picked":"Defragment","floor":18.0},{"not_picked":["Melter","Ball Lightning","Rebound"],"picked":"SKIP","floor":19.0},{"not_picked":["Heatsinks","Skim"],"picked":"Stack+1","floor":22.0},{"not_picked":["Turbo","Melter"],"picked":"Self Repair","floor":24.0},{"not_picked":["Rip and Tear","Turbo"],"picked":"Buffer","floor":28.0},{"not_picked":["Rip and Tear","Redo","Go for the Eyes"],"picked":"SKIP","floor":30.0},{"not_picked":["Tempest","Gash"],"picked":"Auto Shields+1","floor":31.0},{"not_picked":["Rainbow","Thunder Strike"],"picked":"Echo Form","floor":33.0},{"not_picked":["Capacitor","Turbo","Chaos+1"],"picked":"SKIP","floor":35.0},{"not_picked":["Ball Lightning","Conserve Battery"],"picked":"Cold Snap+1","floor":36.0},{"not_picked":["Streamline","Steam"],"picked":"Double Energy","floor":38.0},{"not_picked":["Bandage Up","Sadistic Nature"],"picked":"Panacea","floor":39.0},{"not_picked":["Good Instincts","Dramatic Entrance"],"picked":"Panacea","floor":39.0},{"not_picked":["Jack Of All Trades","Master of Strategy"],"picked":"Trip","floor":39.0},{"not_picked":["Tempest","Conserve Battery+1"],"picked":"Go for the Eyes+1","floor":41.0},{"not_picked":["Sweeping Beam","Buffer","Self Repair"],"picked":"SKIP","floor":42.0},{"not_picked":["Go for the Eyes","Heatsinks"],"picked":"Stack+1","floor":44.0},{"not_picked":["Force Field+1","Chaos"],"picked":"Lockon","floor":55}],"player_experience":1049114,"relics_obtained":[{"floor":6.0,"key":"Cables"},{"floor":8.0,"key":"Matryoshka"},{"floor":9.0,"key":"Pantograph"},{"floor":9.0,"key":"Potion Belt"},{"floor":14.0,"key":"Whetstone"},{"floor":24.0,"key":"War Paint"},{"floor":26.0,"key":"Oddly Smooth Stone"},{"floor":28.0,"key":"Happy Flower"},{"floor":31.0,"key":"Symbiotic Virus"},{"floor":36.0,"key":"Gambling Chip"},{"floor":38.0,"key":"Old Coin"},{"floor":41.0,"key":"Kunai"},{"floor":44.0,"key":"Sundial"},{"floor":55,"key":"Boot"}],"event_choices":[{"damage_healed":0.0,"max_hp_gain":5.0,"max_hp_loss":0.0,"gold_gain":0.0,"event_name":"Big Fish","player_choice":"Donut","floor":4.0,"gold_loss":0.0,"damage_taken":0.0},{"damage_healed":0.0,"max_hp_gain":0.0,"max_hp_loss":0.0,"gold_gain":75.0,"event_name":"World of Goop","player_choice":"Gather Gold","floor":13.0,"gold_loss":0.0,"damage_taken":11.0},{"damage_healed":0.0,"max_hp_gain":0.0,"max_hp_loss":0.0,"gold_gain":0.0,"event_name":"Back to Basics","player_choice":"Simplicity","floor":20.0,"gold_loss":0.0,"damage_taken":0.0,"cards_upgraded":["Strike_B","Strike_B","Strike_B","Defend_B","Defend_B","Defend_B","Defend_B"]},{"damage_healed":0.0,"max_hp_gain":0.0,"max_hp_loss":0.0,"gold_gain":0.0,"event_name":"Vampires","player_choice":"Ignored","floor":21.0,"gold_loss":0.0,"damage_taken":0.0},{"cards_removed":["Strike_B"],"damage_healed":0.0,"max_hp_gain":0.0,"max_hp_loss":0.0,"gold_gain":0.0,"event_name":"Beggar","player_choice":"Gave Gold","floor":25.0,"gold_loss":75.0,"damage_taken":0.0},{"damage_healed":0.0,"max_hp_gain":0.0,"max_hp_loss":0.0,"gold_gain":0.0,"event_name":"Mysterious Sphere","player_choice":"Fight","floor":36.0,"gold_loss":0.0,"damage_taken":0.0},{"damage_healed":0.0,"max_hp_gain":0.0,"max_hp_loss":0.0,"gold_gain":0.0,"event_name":"MindBloom","player_choice":"Fight","floor":38.0,"gold_loss":0.0,"damage_taken":0.0},{"damage_healed":0.0,"max_hp_gain":0.0,"max_hp_loss":0.0,"gold_gain":0.0,"event_name":"SensoryStone","player_choice":"Memory 3","floor":39.0,"gold_loss":0.0,"damage_taken":10.0},{"damage_healed":0.0,"max_hp_gain":0.0,"max_hp_loss":4.0,"gold_gain":0.0,"event_name":"Winding Halls","player_choice":"Max HP","floor":47.0,"gold_loss":0.0,"damage_taken":0.0}],"is_beta":false,"boss_relics":[{"not_picked":["Philosopher\u0027s Stone","Lizard Tail"],"picked":"Cursed Key"},{"not_picked":["Tiny House","Pandora\u0027s Box"],"picked":"Runic Pyramid"}],"items_purged_floors":[37,46],"is_endless":false,"potions_floor_spawned":[2,5,8,10,14,19,22,28,33,36,44],"ascension_level":20}