{"gold_per_floor":[119,133,133,144,69,94,94,121,173,198,198,215,228,257,257,362,362,377,81,63,76,76],"floor_reached":22,"playtime":1406,"items_purged":["Strike_G","Normality"],"score":303,"play_id":"c353860c-5718-43b2-bd0f-41d16a63524d","local_time":"20190501225335","is_ascension_mode":true,"campfire_choices":[{"data":"Neutralize","floor":7,"key":"SMITH"},{"data":"Dodge and Roll","floor":11,"key":"SMITH"},{"floor":15,"key":"REST"}],"neow_cost":"NONE","seed_source_timestamp":714117190770313,"circlet_count":0,"master_deck":["Defend_G","Defend_G","Defend_G","Defend_G","Defend_G","Strike_G","Strike_G","Strike_G","Survivor","Neutralize+1","Dash","Sucker Punch","Cloak And Dagger","Dodge and Roll+1","Dagger Throw","Heel Hook","Cloak And Dagger","Dodge and Roll","Bullet Time","Decay","Shame","Prepared","Bouncing Flask"],"relics":["Ring of the Snake","Mummified Hand","Bag of Marbles","Strawberry","PreservedInsect","Kunai","Calling Bell","Orichalcum","Gremlin Horn","Pocketwatch","Lee\u0027s Waffle"],"potions_floor_usage":[8,12,16,16,16,18],"damage_taken":[{"damage":2,"enemies":"Jaw Worm","floor":1,"turns":5},{"damage":0,"enemies":"Cultist","floor":2,"turns":4},{"damage":0,"enemies":"Small Slimes","floor":4,"turns":3},{"damage":34,"enemies":"Gremlin Nob","floor":6,"turns":6},{"damage":31,"enemies":"Lagavulin","floor":8,"turns":9},{"damage":0,"enemies":"3 Louse","floor":12,"turns":5},{"damage":1,"enemies":"Blue Slaver","floor":13,"turns":3},{"damage":4,"enemies":"Gremlin Nob","floor":14,"turns":4},{"damage":16,"enemies":"The Guardian","floor":16,"turns":13},{"damage":26,"enemies":"Spheric Guardian","floor":18,"turns":8},{"damage":9,"enemies":"2 Thieves","floor":20,"turns":4},{"damage":78,"enemies":"3 Cultists","floor":21,"turns":10},{"damage":19,"enemies":"Cultist and Chosen","floor":22,"turns":4}],"seed_played":"1408996638776853798","potions_obtained":[{"floor":1,"key":"Ancient Potion"},{"floor":8,"key":"Regen Potion"},{"floor":12,"key":"FearPotion"},{"floor":13,"key":"Block Potion"},{"floor":14,"key":"Strength Potion"},{"floor":16,"key":"GamblersBrew"}],"is_trial":false,"path_per_floor":["M","M","?","M","$","E","R","E","T","T","R","M","M","E","R","B",null,"M","$","M","M","M"],"character_chosen":"THE_SILENT","items_purchased":["Lee\u0027s Waffle"],"campfire_rested":1,"item_purchase_floors":[19],"current_hp_per_floor":[68,68,68,68,68,34,34,3,10,10,10,24,23,19,44,28,70,44,91,82,4,0],"gold":76,"neow_bonus":"TEN_PERCENT_HP_BONUS","is_prod":false,"is_daily":false,"chose_seed":false,"campfire_upgraded":2,"win_rate":0,"timestamp":1556747615,"path_taken":["M","M","?","M","?","E","R","E","T","?","R","M","M","E","R","BOSS","M","$","M","M","M"],"build_version":"2019-01-23","purchased_purges":2,"victory":false,"max_hp_per_floor":[77,77,77,77,77,77,77,77,84,84,84,84,84,84,84,84,84,84,91,91,91,91],"card_choices":[{"not_picked":["Dagger Spray","PiercingWail"],"picked":"Dash","floor":1},{"not_picked":["Dagger Throw","Bane"],"picked":"Sucker Punch","floor":2},{"not_picked":["Infinite Blades","Slice"],"picked":"Cloak And Dagger","floor":4},{"not_picked":["Dash","Dagger Throw"],"picked":"Dodge and Roll","floor":6},{"not_picked":["Bouncing Flask","Crippling Poison"],"picked":"Dagger Throw","floor":8},{"not_picked":["Calculated Gamble","Accuracy"],"picked":"Heel Hook","floor":12},{"not_picked":["Sucker Punch","Setup"],"picked":"Cloak And Dagger","floor":13},{"not_picked":["Deflect","Dagger Spray"],"picked":"Dodge and Roll","floor":14},{"not_picked":["A Thousand Cuts","Envenom"],"picked":"Bullet Time","floor":16},{"not_picked":["Dagger Throw+1","Underhanded Strike"],"picked":"Prepared","floor":18},{"not_picked":["Endless Agony","Choke"],"picked":"Bouncing Flask","floor":20},{"not_picked":["Deflect+1","Acrobatics","Tools of the Trade"],"picked":"SKIP","floor":21}],"player_experience":581468,"relics_obtained":[{"floor":6,"key":"Mummified Hand"},{"floor":8,"key":"Bag of Marbles"},{"floor":9,"key":"Strawberry"},{"floor":10,"key":"PreservedInsect"},{"floor":14,"key":"Kunai"},{"floor":17,"key":"Orichalcum"},{"floor":17,"key":"Gremlin Horn"},{"floor":17,"key":"Pocketwatch"}],"event_choices":[{"cards_removed":["Strike_G"],"damage_healed":0,"gold_gain":0,"player_choice":"Card Removal","damage_taken":0,"max_hp_gain":0,"max_hp_loss":0,"event_name":"Wheel of Change","floor":3,"gold_loss":0}],"is_beta":false,"boss_relics":[{"not_picked":["Ectoplasm","Sozu"],"picked":"Calling Bell"}],"items_purged_floors":[5,19],"is_endless":false,"potions_floor_spawned":[1,8,12,13,14,16],"killed_by":"Cultist and Chosen","ascension_level":7}