{"gold_per_floor":[109,109,59,73,73,108,108,139,139,7,19,34,34,47,47,146,146,163,163,163,180,190,190,522,522,569,569,598,623,687,207,207,307,307,319,338,338,357,0,0],"floor_reached":40,"playtime":1388,"items_purged":["Strike_B"],"score":475,"play_id":"c89b4262-3c53-4e31-8d6c-f44d3b3d3af4","local_time":"20190426185547","is_ascension_mode":true,"campfire_choices":[{"floor":7,"key":"REST"},{"data":"Double Energy","floor":13,"key":"SMITH"},{"data":"Static Discharge","floor":15,"key":"SMITH"},{"data":"RitualDagger","floor":23,"key":"SMITH"},{"data":"Electrodynamics","floor":25,"key":"SMITH"},{"data":"Loop","floor":27,"key":"SMITH"},{"floor":32,"key":"REST"}],"neow_cost":"NONE","seed_source_timestamp":1305380788820100,"circlet_count":0,"master_deck":["Zap","Dualcast","Electrodynamics+1","Hologram","Conserve Battery","Heatsinks","Leap","Cold Snap+1","Double Energy+1","Melter","Static Discharge+1","Self Repair","Thunder Strike","Auto Shields","RitualDagger+1","Ball Lightning+1","Hologram","Loop+1","Coolheaded","Beam Cell","Cold Snap","Steam","Skim","Discovery","Sunder","Machine Learning","Defragment","Ball Lightning","Redo","Tempest","Glacier+1"],"relics":["FrozenCore","Bottled Lightning","Symbiotic Virus","Regal Pillow","Unceasing Top","Old Coin","Boot","Bottled Tornado","Whetstone","Tiny Chest","Pandora\u0027s Box","Red Mask"],"potions_floor_usage":[6,8,12,22,24,24,33,33,33],"damage_taken":[{"damage":3,"enemies":"Jaw Worm","floor":1,"turns":3},{"damage":0,"enemies":"2 Louse","floor":4,"turns":2},{"damage":14,"enemies":"Lagavulin","floor":6,"turns":6},{"damage":31,"enemies":"Gremlin Nob","floor":8,"turns":5},{"damage":0,"enemies":"Small Slimes","floor":11,"turns":3},{"damage":2,"enemies":"Exordium Thugs","floor":12,"turns":3},{"damage":4,"enemies":"Exordium Wildlife","floor":14,"turns":3},{"damage":19,"enemies":"Hexaghost","floor":16,"turns":10},{"damage":7,"enemies":"3 Byrds","floor":18,"turns":3},{"damage":0,"enemies":"Spheric Guardian","floor":21,"turns":3},{"damage":10,"enemies":"Centurion and Healer","floor":22,"turns":4},{"damage":23,"enemies":"Book of Stabbing","floor":24,"turns":5},{"damage":53,"enemies":"Gremlin Leader","floor":28,"turns":7},{"damage":14,"enemies":"Slavers","floor":30,"turns":3},{"damage":32,"enemies":"Automaton","floor":33,"turns":12},{"damage":9,"enemies":"Orb Walker","floor":35,"turns":3},{"damage":11,"enemies":"3 Shapes","floor":36,"turns":2},{"damage":58,"enemies":"Spire Growth","floor":38,"turns":5},{"damage":5,"enemies":"Reptomancer","floor":40,"turns":1}],"seed_played":"1341152867125349200","potions_obtained":[{"floor":4,"key":"Weak Potion"},{"floor":6,"key":"Weak Potion"},{"floor":11,"key":"Block Potion"},{"floor":16,"key":"Regen Potion"},{"floor":21,"key":"PowerPotion"},{"floor":22,"key":"FocusPotion"},{"floor":28,"key":"GamblersBrew"},{"floor":36,"key":"FearPotion"}],"is_trial":false,"path_per_floor":["M","?","?","M","?","E","R","E","T","$","M","M","R","M","R","B",null,"M","?","?","M","M","R","E","R","T","R","E","T","E","$","R","B",null,"M","M","?","M","?","E"],"character_chosen":"DEFECT","items_purchased":["Cold Snap","Double Energy","Energy Potion","SkillPotion","Cold Snap","Steam","Skim","Discovery","Sunder"],"campfire_rested":2,"item_purchase_floors":[10,10,31,31,31,31,31,31,31],"current_hp_per_floor":[72,72,72,72,72,58,75,44,44,44,44,42,42,38,38,26,75,75,69,69,75,65,65,61,61,61,61,15,15,1,1,38,13,75,73,62,62,4,4,0],"gold":0,"neow_bonus":"ONE_RANDOM_RARE_CARD","is_prod":false,"is_daily":false,"chose_seed":false,"campfire_upgraded":5,"win_rate":0,"timestamp":1556297747,"path_taken":["M","?","?","M","?","E","R","E","T","$","M","M","R","?","R","BOSS","M","?","?","M","M","R","E","R","T","R","E","?","E","?","R","BOSS","M","M","?","?","?","E"],"build_version":"2019-01-23","purchased_purges":1,"victory":false,"max_hp_per_floor":[75,75,75,75,75,75,75,75,75,75,75,75,75,75,75,75,75,75,75,75,75,75,75,75,75,75,75,75,75,75,75,75,75,75,75,75,75,75,75,75],"card_choices":[{"not_picked":["Redo","Skim"],"picked":"Hologram","floor":1},{"not_picked":["Beam Cell","Go for the Eyes"],"picked":"Conserve Battery","floor":4},{"not_picked":["Darkness","Chaos"],"picked":"Leap","floor":6},{"not_picked":["Blizzard","Gash","Heatsinks"],"picked":"SKIP","floor":8},{"not_picked":["Leap","Gash"],"picked":"Melter","floor":11},{"not_picked":["BootSequence","Melter"],"picked":"Static Discharge","floor":12},{"not_picked":["Fission","Go for the Eyes"],"picked":"Self Repair","floor":14},{"not_picked":["Hyperbeam","Amplify"],"picked":"Thunder Strike","floor":16},{"not_picked":["Beam Cell","Rebound"],"picked":"Auto Shields","floor":18},{"not_picked":["Reprogram","Compile Driver"],"picked":"Ball Lightning+1","floor":21},{"not_picked":["Stack","Compile Driver"],"picked":"Hologram","floor":22},{"not_picked":["Cold Snap","Redo"],"picked":"Loop","floor":24},{"not_picked":["Double Energy+1","Fission"],"picked":"Coolheaded","floor":28},{"not_picked":["Self Repair","Skim"],"picked":"Beam Cell","floor":30},{"not_picked":["Meteor Strike","Electrodynamics"],"picked":"Machine Learning","floor":33},{"not_picked":["Recycle","Beam Cell","Hologram"],"picked":"SKIP","floor":35},{"not_picked":["Redo","Ball Lightning+1","Heatsinks"],"picked":"SKIP","floor":36},{"not_picked":["Redo","Beam Cell+1"],"picked":"Glacier+1","floor":38}],"player_experience":398025,"relics_obtained":[{"floor":6,"key":"Bottled Lightning"},{"floor":8,"key":"Symbiotic Virus"},{"floor":9,"key":"Regal Pillow"},{"floor":24,"key":"Old Coin"},{"floor":26,"key":"Boot"},{"floor":28,"key":"Bottled Tornado"},{"floor":29,"key":"Whetstone"},{"floor":30,"key":"Tiny Chest"}],"event_choices":[{"damage_healed":0,"gold_gain":0,"player_choice":"Ignored","damage_taken":0,"max_hp_gain":0,"max_hp_loss":0,"event_name":"Liars Game","floor":2,"gold_loss":0},{"cards_removed":["Strike_B"],"damage_healed":0,"gold_gain":0,"player_choice":"Card Removal","damage_taken":0,"max_hp_gain":0,"max_hp_loss":0,"event_name":"The Cleric","floor":3,"gold_loss":50},{"damage_healed":0,"gold_gain":0,"cards_transformed":["Strike_B"],"player_choice":"Transformed","damage_taken":0,"max_hp_gain":0,"max_hp_loss":0,"event_name":"Transmorgrifier","floor":5,"gold_loss":0,"cards_obtained":["Heatsinks"]},{"damage_healed":0,"gold_gain":0,"player_choice":"Joined the Cult","damage_taken":6,"max_hp_gain":0,"max_hp_loss":0,"event_name":"Nest","floor":19,"gold_loss":0,"cards_obtained":["RitualDagger"]},{"damage_healed":0,"gold_gain":0,"player_choice":"Opened","damage_taken":0,"relics_obtained":["Unceasing Top"],"max_hp_gain":0,"max_hp_loss":0,"event_name":"The Mausoleum","floor":20,"gold_loss":0},{"cards_removed":["Darkness"],"damage_healed":0,"gold_gain":0,"player_choice":"Purged","damage_taken":0,"max_hp_gain":0,"max_hp_loss":0,"event_name":"Purifier","floor":37,"gold_loss":0},{"damage_healed":0,"gold_gain":0,"player_choice":"Paid","damage_taken":0,"relics_obtained":["Red Mask"],"max_hp_gain":0,"max_hp_loss":0,"event_name":"Tomb of Lord Red Mask","floor":39,"gold_loss":357}],"is_beta":false,"boss_relics":[{"not_picked":["Lizard Tail","Orrery"],"picked":"FrozenCore"},{"not_picked":["Runic Dome","Empty Cage"],"picked":"Pandora\u0027s Box"}],"items_purged_floors":[31],"is_endless":false,"potions_floor_spawned":[4,6,11,16,21,22,28,36],"killed_by":"Reptomancer","ascension_level":1}