{"gold_per_floor":[114,130,130,8,19,48,48,67,67,95,95,112,128,47,47,151,151,162,179,199,217,227,261,274,274,274,284,299,315,315,329,329,434,434,451,15,26,0,0,35,35,65,116,29,29,39,39,53,53,53],"floor_reached":51,"playtime":2176,"items_purged":[],"score":773,"play_id":"62a85c15-a18c-4fd5-aeaf-ed726f43df53","local_time":"20180817190736","is_ascension_mode":true,"campfire_choices":[{"floor":7,"key":"REST"},{"floor":11,"key":"REST"},{"data":"Infernal Blade","floor":15,"key":"SMITH"},{"floor":25,"key":"REST"},{"data":"Demon Form","floor":30,"key":"SMITH"},{"floor":32,"key":"REST"},{"data":"Armaments","floor":45,"key":"SMITH"},{"floor":49,"key":"REST"}],"neow_cost":"PERCENT_DAMAGE","seed_source_timestamp":94770182355074,"circlet_count":0,"master_deck":["Strike_R","Strike_R","Strike_R","Strike_R","Strike_R","Defend_R+1","Defend_R","Defend_R","Defend_R","Bash","Immolate+1","Clothesline","Armaments+1","Flex","Shrug It Off","Metallicize","Perfected Strike","Infernal Blade+1","Perfected Strike+1","Ghostly Armor","Uppercut+1","Demon Form+1","Pommel Strike+1","Heavy Blade+1","Infernal Blade+1","Cleave+1","Perfected Strike+1","Reaper+1","Heavy Blade+1","Clothesline+1","Inflame","Iron Wave+1","Sword Boomerang+1","Immolate+1","Uppercut+1","Limit Break","Flame Barrier","Discovery","Enlightenment","Hemokinesis+1","Dropkick+1","Twin Strike+1","Flame Barrier+1","Flex+1","Thunderclap+1"],"relics":["Burning Blood","Oddly Smooth Stone","Bag of Preparation","Molten Egg 2","Sozu","Letter Opener","Ice Cream","Busted Crown","Orichalcum","HandDrill","Red Mask","Meat on the Bone","Tiny Chest","Happy Flower","StoneCalendar"],"potions_floor_usage":[6,21,33,40],"damage_taken":[{"damage":0,"enemies":"Small Slimes","floor":1,"turns":2},{"damage":0,"enemies":"2 Louse","floor":2,"turns":2},{"damage":0,"enemies":"Jaw Worm","floor":5,"turns":3},{"damage":24,"enemies":"Gremlin Nob","floor":6,"turns":5},{"damage":0,"enemies":"Red Slaver","floor":8,"turns":2},{"damage":34,"enemies":"Lagavulin","floor":10,"turns":7},{"damage":8,"enemies":"Lots of Slimes","floor":12,"turns":3},{"damage":0,"enemies":"3 Louse","floor":13,"turns":1},{"damage":32,"enemies":"Slime Boss","floor":16,"turns":10},{"damage":0,"enemies":"Shell Parasite","floor":18,"turns":5},{"damage":16,"enemies":"3 Byrds","floor":19,"turns":5},{"damage":13,"enemies":"Centurion and Healer","floor":20,"turns":6},{"damage":15,"enemies":"Snake Plant","floor":21,"turns":2},{"damage":9,"enemies":"Shelled Parasite and Fungi","floor":22,"turns":5},{"damage":25,"enemies":"Book of Stabbing","floor":23,"turns":5},{"damage":5,"enemies":"Centurion and Healer","floor":24,"turns":3},{"damage":11,"enemies":"Snecko","floor":27,"turns":3},{"damage":10,"enemies":"Sentry and Sphere","floor":28,"turns":3},{"damage":17,"enemies":"Centurion and Healer","floor":29,"turns":5},{"damage":8,"enemies":"3 Cultists","floor":31,"turns":4},{"damage":50,"enemies":"Automaton","floor":33,"turns":10},{"damage":14,"enemies":"3 Shapes","floor":35,"turns":3},{"damage":0,"enemies":"Orb Walker","floor":37,"turns":2},{"damage":12,"enemies":"Giant Head","floor":40,"turns":6},{"damage":4,"enemies":"Sphere and 2 Shapes","floor":46,"turns":3},{"damage":22,"floor":47,"turns":5},{"damage":9,"enemies":"4 Shapes","floor":48,"turns":6},{"damage":59,"enemies":"Time Eater","floor":50,"turns":10}],"seed_played":"-1679393361689815306","potions_obtained":[{"floor":6,"key":"BloodPotion"},{"floor":12,"key":"Swift Potion"},{"floor":16,"key":"FearPotion"}],"is_trial":false,"path_per_floor":["M","M","?","$","M","E","R","M","T","E","R","M","M","$","R","B",null,"M","M","M","M","M","E","M","R","T","M","M","M","R","M","R","B",null,"M","$","M","?","?","E","?","T","T","$","R","M","?","M","R","B"],"character_chosen":"IRONCLAD","items_purchased":["Flex","Block Potion","Shrug It Off","Uppercut+1","Limit Break","Orichalcum","HandDrill","Dropkick+1","Twin Strike+1"],"campfire_rested":5,"item_purchase_floors":[4,4,4,14,36,36,36,44,44],"current_hp_per_floor":[62,68,52,52,58,40,64,70,70,42,66,64,70,70,70,44,80,80,70,63,62,59,40,41,65,65,60,56,59,59,57,80,36,80,72,72,80,80,70,64,69,69,69,69,69,71,59,56,80,39],"gold":53,"neow_bonus":"THREE_RARE_CARDS","is_prod":false,"is_daily":false,"chose_seed":false,"campfire_upgraded":3,"win_rate":0,"timestamp":1534525656,"path_taken":["M","M","?","$","M","E","R","M","T","E","R","M","?","$","R","BOSS","M","?","M","M","M","E","M","R","T","M","M","M","R","M","R","BOSS","M","$","M","?","?","E","?","?","T","$","R","M","?","M","R","BOSS"],"build_version":"2018-08-16","purchased_purges":0,"victory":true,"max_hp_per_floor":[80,80,80,80,80,80,80,80,80,80,80,80,80,80,80,80,80,80,80,80,80,80,80,80,80,80,80,80,80,80,80,80,80,80,80,80,80,80,80,80,80,80,80,80,80,80,80,80,80,80],"card_choices":[{"not_picked":["Juggernaut","Offering"],"picked":"Immolate","floor":0},{"not_picked":["Heavy Blade","Wild Strike"],"picked":"Clothesline","floor":1},{"not_picked":["Cleave","Clothesline"],"picked":"Armaments","floor":2},{"not_picked":["Warcry","Burning Pact"],"picked":"Armaments","floor":5},{"not_picked":["Limit Break","Flame Barrier"],"picked":"Metallicize","floor":6},{"not_picked":["Warcry","Pommel Strike"],"picked":"Perfected Strike","floor":8},{"not_picked":["Clothesline","Corruption"],"picked":"Infernal Blade","floor":10},{"not_picked":["Headbutt+1","Warcry"],"picked":"Perfected Strike+1","floor":12},{"not_picked":["Reckless Charge+1","Intimidate"],"picked":"Ghostly Armor","floor":13},{"not_picked":["Offering","Reaper+1"],"picked":"Demon Form","floor":16},{"not_picked":["Body Slam+1","Perfected Strike+1"],"picked":"Pommel Strike+1","floor":18},{"not_picked":["Clothesline+1","True Grit"],"picked":"Heavy Blade+1","floor":19},{"not_picked":["Headbutt+1","Shrug It Off"],"picked":"Infernal Blade+1","floor":20},{"not_picked":["Evolve","Flame Barrier"],"picked":"Cleave+1","floor":21},{"not_picked":["Sword Boomerang+1","Sever Soul+1"],"picked":"Perfected Strike+1","floor":22},{"not_picked":["Dropkick+1","Burning Pact"],"picked":"Reaper+1","floor":23},{"not_picked":["Clash+1","Battle Trance+1"],"picked":"Heavy Blade+1","floor":24},{"not_picked":["Spot Weakness","Ghostly Armor+1"],"picked":"Clothesline+1","floor":27},{"not_picked":["Reckless Charge+1","Heavy Blade+1"],"picked":"Inflame","floor":28},{"not_picked":["Cleave+1","Clothesline+1"],"picked":"Iron Wave+1","floor":29},{"not_picked":["Pommel Strike+1","Twin Strike+1"],"picked":"Sword Boomerang+1","floor":31},{"not_picked":["Barricade","Demon Form"],"picked":"Immolate+1","floor":33},{"not_picked":[],"picked":"Uppercut+1","floor":35},{"not_picked":[],"picked":"Flame Barrier","floor":37},{"not_picked":[],"picked":"Discovery","floor":39},{"not_picked":[],"picked":"Enlightenment","floor":39},{"not_picked":[],"picked":"Hemokinesis+1","floor":40},{"not_picked":[],"picked":"Flame Barrier+1","floor":46},{"not_picked":[],"picked":"Flex+1","floor":47},{"not_picked":[],"picked":"Thunderclap+1","floor":48}],"player_experience":185958,"relics_obtained":[{"floor":6,"key":"Oddly Smooth Stone"},{"floor":9,"key":"Bag of Preparation"},{"floor":10,"key":"Molten Egg 2"},{"floor":23,"key":"Letter Opener"},{"floor":26,"key":"Ice Cream"},{"floor":40,"key":"Meat on the Bone"},{"floor":42,"key":"Tiny Chest"},{"floor":43,"key":"Happy Flower"},{"floor":47,"key":"StoneCalendar"}],"event_choices":[{"event_name":"Shining Light","player_choice":"Entered Light","floor":3,"damage_taken":0},{"event_name":"Tomb of Lord Red Mask","player_choice":"Paid","floor":38,"damage_taken":0},{"event_name":"SensoryStone","player_choice":"Memory 3","floor":39,"damage_taken":0},{"event_name":"Bonfire Elementals","player_choice":"COMMON","floor":41,"damage_taken":0},{"event_name":"MindBloom","player_choice":"Fight","floor":47,"damage_taken":0}],"is_beta":false,"boss_relics":[{"not_picked":["Fusion Hammer","Velvet Choker"],"picked":"Sozu"},{"not_picked":["Black Blood","Runic Cube"],"picked":"Busted Crown"}],"items_purged_floors":[],"is_endless":false,"potions_floor_spawned":[6,12,16,21,22,23,24,29,31,33,40,47,48],"ascension_level":1}