{"gold_per_floor":[118,1,0,0,12,12,162,173,173,7,7,27,27,27,27,101,101,116,116,116,4,4,4,4,4,27,27,0,0,12,26,26,104,104,119,16,28,42,55,55,155,155,155,155,175,48,164,182,182,182],"floor_reached":51,"playtime":3638,"items_purged":["Defend_G+1"],"score":1091,"play_id":"aea15274-e11c-4812-b7ae-322394dabb4b","local_time":"20190124151711","is_ascension_mode":true,"campfire_choices":[{"data":"Caltrops","floor":6.0,"key":"SMITH"},{"data":"Neutralize","floor":11.0,"key":"SMITH"},{"data":"Grand Finale","floor":13.0,"key":"SMITH"},{"data":"Backflip","floor":15.0,"key":"SMITH"},{"data":"Caltrops","floor":23.0,"key":"SMITH"},{"data":"Grand Finale","floor":29.0,"key":"SMITH"},{"floor":32.0,"key":"REST"},{"floor":40.0,"key":"REST"},{"floor":42.0,"key":"REST"},{"floor":49,"key":"REST"}],"neow_cost":"NONE","seed_source_timestamp":132317638988297,"circlet_count":0,"master_deck":["AscendersBane","Defend_G+1","Defend_G+1","Defend_G+1","Defend_G+1","Survivor","Neutralize+1","Backflip+1","Poisoned Stab","Caltrops+1","Poisoned Stab","Grand Finale+1","Outmaneuver+1","Bullet Time+1","Malaise+1","Escape Plan+1","Dagger Spray+1","Dodge and Roll+1","Ghostly+1","Ghostly+1","Ghostly+1","Caltrops+1","Grand Finale+1","Prepared+1","Phantasmal Killer+1","Expertise+1","Burst+1","Finesse+1","Footwork","Backflip+1","PiercingWail+1"],"special_seed":0,"relics":["Runic Pyramid","Incense Burner","Toxic Egg 2","Astrolabe","Potion Belt","Sozu","Ice Cream","Gremlin Horn","Ornamental Fan"],"potions_floor_usage":[],"damage_taken":[{"damage":1.0,"enemies":"Small Slimes","floor":1.0,"turns":5.0},{"damage":2.0,"enemies":"Jaw Worm","floor":5.0,"turns":4.0},{"damage":0.0,"enemies":"2 Louse","floor":8.0,"turns":3.0},{"damage":3.0,"enemies":"Blue Slaver","floor":12.0,"turns":5.0},{"damage":28.0,"enemies":"The Guardian","floor":16.0,"turns":9.0},{"damage":0.0,"enemies":"Shell Parasite","floor":18.0,"turns":5.0},{"damage":0.0,"enemies":"2 Thieves","floor":28.0,"turns":4.0},{"damage":3.0,"enemies":"Snake Plant","floor":30.0,"turns":7.0},{"damage":4.0,"enemies":"Centurion and Healer","floor":31.0,"turns":8.0},{"damage":3.0,"enemies":"Champ","floor":33.0,"turns":13.0},{"damage":1.0,"enemies":"Orb Walker","floor":35.0,"turns":6.0},{"damage":0.0,"enemies":"3 Darklings","floor":37.0,"turns":4.0},{"damage":22.0,"enemies":"Jaw Worm Horde","floor":38.0,"turns":5.0},{"damage":0.0,"enemies":"Maw","floor":39.0,"turns":6.0},{"damage":0.0,"enemies":"Mind Bloom Boss Battle","floor":41.0,"turns":5.0},{"damage":0.0,"enemies":"Writhing Mass","floor":45.0,"turns":5.0},{"damage":5.0,"enemies":"2 Orb Walkers","floor":47.0,"turns":6.0},{"damage":2,"enemies":"Transient","floor":48,"turns":5},{"damage":2,"enemies":"Donu and Deca","floor":50,"turns":5}],"seed_played":"6507325029621926249","potions_obtained":[{"floor":16.0,"key":"Dexterity Potion"},{"floor":30.0,"key":"Fruit Juice"},{"floor":33.0,"key":"GamblersBrew"}],"is_trial":false,"path_per_floor":["M","$","?","?","M","R","?","M","T","$","R","M","R","$","R","B",null,"M","?","?","$","?","R","$","?","T","?","M","R","M","M","R","B",null,"M","$","M","M","M","R","?","R","T","?","M","$","?","M","R","B",null],"character_chosen":"THE_SILENT","items_purchased":["Poisoned Stab","Caltrops","Grand Finale","Fruit Juice","Finesse+1","Backflip+1"],"campfire_rested":4,"item_purchase_floors":[2,2,10,21,36,46],"current_hp_per_floor":[58,58,58,47,45,45,45,45,45,45,45,42,42,42,42,14,53,53,33,33,38,38,38,38,38,38,38,38,38,40,36,43,40,42,41,41,41,19,19,31,31,43,43,41,41,41,36,34,41,39],"gold":182,"neow_bonus":"BOSS_RELIC","is_prod":false,"is_daily":false,"chose_seed":false,"campfire_upgraded":6,"win_rate":0,"timestamp":1548361031,"path_taken":["M","$","?","?","M","R","?","M","T","?","R","M","R","$","R","BOSS","M","?","?","$","?","R","$","?","T","?","M","R","M","M","R","BOSS","M","$","?","M","M","R","?","R","T","?","M","$","?","M","R","BOSS"],"build_version":"2019-01-23","purchased_purges":1,"victory":true,"max_hp_per_floor":[66,66,66,66,66,66,66,66,66,66,66,66,66,66,66,66,66,66,33,33,38,38,38,38,38,38,38,38,38,43,43,43,43,43,43,43,43,43,43,43,43,43,43,41,41,41,41,41,41,41],"card_choices":[{"not_picked":["Outmaneuver","Dodge and Roll"],"picked":"Backflip","floor":1.0},{"not_picked":["Dodge and Roll","Acrobatics"],"picked":"Poisoned Stab","floor":5.0},{"not_picked":["Underhanded Strike","Dodge and Roll","Acrobatics"],"picked":"SKIP","floor":8.0},{"not_picked":["Prepared+1","Slice"],"picked":"Outmaneuver+1","floor":12.0},{"not_picked":["Tools of the Trade","Glass Knife"],"picked":"Bullet Time+1","floor":16.0},{"not_picked":["Cloak And Dagger+1","Backflip+1"],"picked":"Dodge and Roll+1","floor":18.0},{"not_picked":["Poisoned Stab","Flying Knee"],"picked":"Prepared+1","floor":28.0},{"not_picked":["Cloak And Dagger+1","Eviscerate"],"picked":"Phantasmal Killer+1","floor":30.0},{"not_picked":["Footwork","Predator"],"picked":"Expertise+1","floor":31.0},{"not_picked":["Corpse Explosion+1","A Thousand Cuts"],"picked":"Burst+1","floor":33.0},{"not_picked":["Flechettes","Bane","Deadly Poison+1"],"picked":"SKIP","floor":35.0},{"not_picked":["Finisher","Quick Slash"],"picked":"Footwork","floor":37.0},{"not_picked":["Poisoned Stab","Dagger Spray","All Out Attack"],"picked":"SKIP","floor":38.0},{"not_picked":["Deadly Poison+1","Quick Slash","Poisoned Stab"],"picked":"SKIP","floor":39.0},{"not_picked":["Dagger Throw","Crippling Poison+1","Poisoned Stab"],"picked":"SKIP","floor":45.0},{"not_picked":["Choke+1","Unload"],"picked":"PiercingWail+1","floor":48}],"player_experience":563819,"relics_obtained":[{"floor":9.0,"key":"Toxic Egg 2"},{"floor":26.0,"key":"Potion Belt"},{"floor":41.0,"key":"Ice Cream"},{"floor":43.0,"key":"Gremlin Horn"},{"floor":47.0,"key":"Ornamental Fan"}],"event_choices":[{"damage_healed":0.0,"max_hp_gain":0.0,"max_hp_loss":0.0,"gold_gain":0.0,"event_name":"World of Goop","player_choice":"Left Gold","floor":3.0,"gold_loss":1.0,"damage_taken":0.0},{"damage_healed":0.0,"max_hp_gain":0.0,"max_hp_loss":0.0,"gold_gain":0.0,"event_name":"Scrap Ooze","player_choice":"Success","floor":4.0,"gold_loss":0.0,"damage_taken":11.0,"relics_obtained":["Incense Burner"]},{"damage_healed":0.0,"max_hp_gain":0.0,"max_hp_loss":0.0,"gold_gain":150.0,"event_name":"Liars Game","player_choice":"AGREE","floor":7.0,"gold_loss":0.0,"damage_taken":0.0,"cards_obtained":["Doubt"]},{"damage_healed":0.0,"max_hp_gain":0.0,"max_hp_loss":33.0,"gold_gain":0.0,"event_name":"Ghosts","player_choice":"Became a Ghost","floor":19.0,"gold_loss":0.0,"damage_taken":0.0,"cards_obtained":["Ghostly","Ghostly","Ghostly"]},{"damage_healed":0.0,"max_hp_gain":0.0,"max_hp_loss":0.0,"gold_gain":0.0,"event_name":"Vampires","player_choice":"Ignored","floor":20.0,"gold_loss":0.0,"damage_taken":0.0},{"damage_healed":0.0,"max_hp_gain":0.0,"max_hp_loss":0.0,"gold_gain":0.0,"cards_transformed":["Strike_G","Strike_G"],"event_name":"Drug Dealer","player_choice":"Became Test Subject","floor":22.0,"gold_loss":0.0,"damage_taken":0.0,"cards_obtained":["Caltrops","Grand Finale"]},{"damage_healed":0.0,"max_hp_gain":0.0,"max_hp_loss":0.0,"gold_gain":0.0,"event_name":"Back to Basics","player_choice":"Simplicity","floor":25.0,"gold_loss":0.0,"damage_taken":0.0,"cards_upgraded":["Defend_G","Defend_G","Defend_G","Defend_G","Defend_G"]},{"cards_removed":["Doubt"],"damage_healed":0.0,"max_hp_gain":0.0,"max_hp_loss":0.0,"gold_gain":0.0,"event_name":"Purifier","player_choice":"Purged","floor":27.0,"gold_loss":0.0,"damage_taken":0.0},{"damage_healed":0.0,"max_hp_gain":0.0,"max_hp_loss":0.0,"gold_gain":0.0,"event_name":"MindBloom","player_choice":"Fight","floor":41.0,"gold_loss":0.0,"damage_taken":0.0},{"damage_healed":0.0,"max_hp_gain":0.0,"max_hp_loss":2.0,"gold_gain":0.0,"event_name":"Winding Halls","player_choice":"Max HP","floor":44.0,"gold_loss":0.0,"damage_taken":0.0},{"damage_healed":0.0,"max_hp_gain":0.0,"max_hp_loss":0.0,"gold_gain":0.0,"event_name":"Mysterious Sphere","player_choice":"Fight","floor":47.0,"gold_loss":0.0,"damage_taken":0.0}],"is_beta":false,"boss_relics":[{"not_picked":["Lizard Tail","Philosopher\u0027s Stone"],"picked":"Astrolabe"},{"not_picked":["Velvet Choker","Orrery"],"picked":"Sozu"}],"items_purged_floors":[46],"is_endless":false,"potions_floor_spawned":[16,30,33,38,39,41,48],"ascension_level":16}