{"gold_per_floor":[210,210,226,245,327,360,360,385,385,385,560,560],"floor_reached":12,"playtime":570,"items_purged":[],"score":116,"play_id":"350d2c9a-e8e3-4c9e-8f09-cdb3a406445a","local_time":"20190503004746","is_ascension_mode":true,"campfire_choices":[{"floor":7,"key":"REST"},{"floor":10,"key":"REST"}],"neow_cost":"NONE","seed_source_timestamp":737257630982082,"circlet_count":0,"master_deck":["Defend_G+1","Defend_G","Defend_G","Defend_G+1","Defend_G","Strike_G","Strike_G","Strike_G","Strike_G","Survivor","Neutralize","Heel Hook","Reflex","Flying Knee","Prepared","Dodge and Roll","Grand Finale","Doubt"],"relics":["Ring of the Snake","Kunai","Bag of Marbles","War Paint","Lantern"],"potions_floor_usage":[6,8],"damage_taken":[{"damage":1,"enemies":"Cultist","floor":1,"turns":3},{"damage":2,"enemies":"2 Louse","floor":3,"turns":5},{"damage":0,"enemies":"Small Slimes","floor":4,"turns":4},{"damage":43,"enemies":"Gremlin Nob","floor":6,"turns":5},{"damage":21,"enemies":"Lagavulin","floor":8,"turns":7},{"damage":41,"enemies":"3 Sentries","floor":12,"turns":12}],"seed_played":"539840589301187843","potions_obtained":[{"floor":3,"key":"GamblersBrew"},{"floor":6,"key":"Fire Potion"}],"is_trial":false,"path_per_floor":["M","?","M","M","T","E","R","E","T","R","?","E"],"character_chosen":"THE_SILENT","items_purchased":[],"campfire_rested":2,"item_purchase_floors":[],"current_hp_per_floor":[62,62,60,60,60,17,38,17,17,38,38,0],"gold":560,"neow_bonus":"HUNDRED_GOLD","is_prod":false,"is_daily":false,"chose_seed":false,"campfire_upgraded":0,"win_rate":0,"timestamp":1556840866,"path_taken":["M","?","M","?","?","E","R","E","T","R","?","E"],"build_version":"2019-01-23","purchased_purges":0,"victory":false,"max_hp_per_floor":[70,70,70,70,70,70,70,70,70,70,70,70],"card_choices":[{"not_picked":["Underhanded Strike","Prepared"],"picked":"Heel Hook","floor":1},{"not_picked":["Slice","Prepared"],"picked":"Flying Knee","floor":3},{"not_picked":["Calculated Gamble","Slice"],"picked":"Prepared","floor":4},{"not_picked":["Choke","Bouncing Flask"],"picked":"Dodge and Roll","floor":6},{"not_picked":["PiercingWail","Cloak And Dagger"],"picked":"Grand Finale","floor":8}],"player_experience":588673,"relics_obtained":[{"floor":5,"key":"Kunai"},{"floor":6,"key":"Bag of Marbles"},{"floor":8,"key":"War Paint"},{"floor":9,"key":"Lantern"}],"event_choices":[{"damage_healed":0,"gold_gain":0,"cards_transformed":["Strike_G"],"player_choice":"Transformed","damage_taken":0,"max_hp_gain":0,"max_hp_loss":0,"event_name":"Transmorgrifier","floor":2,"gold_loss":0,"cards_obtained":["Reflex"]},{"damage_healed":0,"gold_gain":175,"player_choice":"AGREE","damage_taken":0,"max_hp_gain":0,"max_hp_loss":0,"event_name":"Liars Game","floor":11,"gold_loss":0,"cards_obtained":["Doubt"]}],"is_beta":false,"boss_relics":[],"items_purged_floors":[],"is_endless":false,"potions_floor_spawned":[3,6],"killed_by":"3 Sentries","ascension_level":7}