{"gold_per_floor":[117,129,129,156,172,172,192,192,192,217,217,167,167,167,167,167],"floor_reached":16,"playtime":631,"items_purged":[],"score":98,"play_id":"ca387fc5-b235-474d-932d-0688d26178db","local_time":"20190310192340","is_ascension_mode":false,"campfire_choices":[{"data":"Bash","floor":6,"key":"SMITH"},{"data":"Cleave","floor":8,"key":"SMITH"},{"floor":13,"key":"REST"},{"data":"Seeing Red","floor":15,"key":"SMITH"}],"neow_cost":"NONE","seed_source_timestamp":117171188088900,"circlet_count":0,"master_deck":["Strike_R","Strike_R","Defend_R+1","Defend_R","Defend_R","Defend_R+1","Bash+1","Impervious+1","Feel No Pain+1","Shrug It Off","Cleave+1","Seeing Red+1","Shockwave"],"relics":["Astrolabe","Dream Catcher","Matryoshka","Prayer Wheel","Golden Idol"],"potions_floor_usage":[16,16],"damage_taken":[{"damage":0,"enemies":"Small Slimes","floor":1,"turns":5},{"damage":15,"enemies":"Jaw Worm","floor":2,"turns":6},{"damage":4,"enemies":"Cultist","floor":5,"turns":6},{"damage":0,"enemies":"Exordium Wildlife","floor":7,"turns":5},{"damage":12,"enemies":"3 Sentries","floor":10,"turns":8},{"damage":60,"enemies":"Hexaghost","floor":16,"turns":14}],"seed_played":"-5655535301478032363","potions_obtained":[{"floor":1,"key":"Weak Potion"},{"floor":10,"key":"Poison Potion"}],"is_trial":false,"path_per_floor":["M","M","?","T","M","R","M","R","T","E","?","?","R","?","R","B"],"character_chosen":"IRONCLAD","items_purchased":[],"campfire_rested":1,"item_purchase_floors":[],"current_hp_per_floor":[80,65,49,49,45,45,45,45,45,33,33,33,57,57,57,0],"gold":167,"neow_bonus":"BOSS_RELIC","is_prod":false,"is_daily":false,"chose_seed":false,"campfire_upgraded":3,"win_rate":0,"timestamp":1552242220,"path_taken":["M","M","?","?","M","R","M","R","T","E","?","?","R","?","R","BOSS"],"build_version":"2019-01-23","purchased_purges":0,"victory":false,"max_hp_per_floor":[80,80,80,80,80,80,80,80,80,80,80,80,80,80,80,80],"card_choices":[{"not_picked":["Bloodletting","Clash"],"picked":"Shrug It Off","floor":1},{"not_picked":["Burning Pact","Iron Wave","Hemokinesis"],"picked":"SKIP","floor":2},{"not_picked":["True Grit","Headbutt"],"picked":"Cleave","floor":5},{"not_picked":["Pommel Strike","Evolve","Sword Boomerang"],"picked":"SKIP","floor":7},{"not_picked":["Pommel Strike","Armaments","Corruption"],"picked":"SKIP","floor":10},{"not_picked":["Shrug It Off","Pommel Strike"],"picked":"Seeing Red","floor":13}],"player_experience":329939,"relics_obtained":[{"floor":4,"key":"Dream Catcher"},{"floor":9,"key":"Matryoshka"},{"floor":10,"key":"Prayer Wheel"}],"event_choices":[{"damage_healed":0,"gold_gain":0,"player_choice":"Entered Light","damage_taken":16,"max_hp_gain":0,"max_hp_loss":0,"event_name":"Shining Light","floor":3,"gold_loss":0,"cards_upgraded":["Defend_R","Defend_R"]},{"damage_healed":0,"gold_gain":0,"player_choice":"Take Wound","damage_taken":0,"relics_obtained":["Golden Idol"],"max_hp_gain":0,"max_hp_loss":0,"event_name":"Golden Idol","floor":11,"gold_loss":0,"cards_obtained":["Injury"]},{"cards_removed":["Injury"],"damage_healed":0,"gold_gain":0,"player_choice":"Card Removal","damage_taken":0,"max_hp_gain":0,"max_hp_loss":0,"event_name":"The Cleric","floor":12,"gold_loss":50},{"damage_healed":0,"gold_gain":0,"cards_transformed":["Burning Pact"],"player_choice":"Change","damage_taken":0,"max_hp_gain":0,"max_hp_loss":0,"event_name":"Living Wall","floor":14,"gold_loss":0,"cards_obtained":["Shockwave"]}],"is_beta":false,"boss_relics":[],"items_purged_floors":[],"is_endless":false,"potions_floor_spawned":[1,10],"killed_by":"Hexaghost","ascension_level":0}