{"gold_per_floor":[15,15,30,50,50,77,96,96,121,131,150,150,168,198,198,198],"floor_reached":16,"playtime":726,"items_purged":[],"score":171,"play_id":"6810ebe8-ce88-4e37-9392-8ebef864416e","local_time":"20181020201432","is_ascension_mode":true,"campfire_choices":[{"floor":8,"key":"REST"},{"floor":15,"key":"REST"}],"neow_cost":"NO_GOLD","seed_source_timestamp":405724018569379,"circlet_count":0,"master_deck":["Strike_B","Strike_B","Strike_B","Strike_B","Defend_B","Defend_B","Defend_B+1","Defend_B","Zap+1","Dualcast","AscendersBane","Ball Lightning","Lockon","Capacitor","Auto Shields","Amplify","Conserve Battery","Melter","Leap","FTL"],"special_seed":0,"relics":["Cracked Core","Omamori","Ancient Tea Set","Smiling Mask"],"potions_floor_usage":[7,14,14,16],"damage_taken":[{"damage":2.0,"enemies":"Jaw Worm","floor":1.0,"turns":3.0},{"damage":6.0,"enemies":"Cultist","floor":3.0,"turns":3.0},{"damage":7.0,"enemies":"2 Louse","floor":4.0,"turns":2.0},{"damage":30,"enemies":"Lagavulin","floor":6,"turns":5},{"damage":12,"enemies":"Lots of Slimes","floor":7,"turns":3},{"damage":4,"enemies":"3 Louse","floor":10,"turns":3},{"damage":6,"enemies":"Blue Slaver","floor":11,"turns":3},{"damage":12,"enemies":"Large Slime","floor":13,"turns":5},{"damage":25,"enemies":"Gremlin Nob","floor":14,"turns":4},{"damage":36,"enemies":"Hexaghost","floor":16,"turns":9}],"seed_played":"8844946026187962985","potions_obtained":[{"floor":6,"key":"LiquidBronze"},{"floor":10,"key":"PowerPotion"},{"floor":11,"key":"Dexterity Potion"},{"floor":13,"key":"Swift Potion"}],"is_trial":false,"path_per_floor":["M","?","M","M","?","E","M","R","T","M","M","?","M","E","R"],"character_chosen":"DEFECT","items_purchased":[],"campfire_rested":2,"item_purchase_floors":[],"current_hp_per_floor":[80,62,56,49,49,19,7,33,33,29,23,45,33,8,34,0],"gold":198,"neow_bonus":"TWENTY_PERCENT_HP_BONUS","is_prod":false,"is_daily":false,"chose_seed":false,"campfire_upgraded":0,"win_rate":0,"timestamp":1540080872,"path_taken":["M","?","M","M","?","E","M","R","T","M","M","?","M","E","R","BOSS"],"build_version":"2018-10-18","purchased_purges":0,"victory":false,"max_hp_per_floor":[89,89,89,89,89,89,89,89,89,89,89,89,89,89,89,89],"card_choices":[{"not_picked":["Hologram","Barrage"],"picked":"Ball Lightning","floor":1.0},{"not_picked":["Barrage","Scrape"],"picked":"Lockon","floor":3.0},{"not_picked":["Redo","Compile Driver"],"picked":"Capacitor","floor":4.0},{"not_picked":["Barrage","Conserve Battery"],"picked":"Auto Shields","floor":6},{"not_picked":["Stack","Compile Driver"],"picked":"Amplify","floor":7},{"not_picked":["Stack","Coolheaded"],"picked":"Conserve Battery","floor":10},{"not_picked":["Ball Lightning","Coolheaded"],"picked":"Melter","floor":11},{"not_picked":["Heatsinks","Rebound"],"picked":"Leap","floor":13},{"not_picked":["Blizzard","Thunder Strike"],"picked":"FTL","floor":14}],"player_experience":370529,"relics_obtained":[{"floor":6,"key":"Omamori"},{"floor":9,"key":"Ancient Tea Set"},{"floor":14,"key":"Smiling Mask"}],"event_choices":[{"damage_healed":0.0,"max_hp_gain":0.0,"max_hp_loss":0.0,"gold_gain":0.0,"event_name":"Shining Light","player_choice":"Entered Light","floor":2.0,"gold_loss":0.0,"damage_taken":18.0,"cards_upgraded":["Zap","Defend_B"]},{"damage_healed":0.0,"max_hp_gain":0.0,"max_hp_loss":0.0,"gold_gain":0.0,"event_name":"Liars Game","player_choice":"Ignored","floor":5.0,"gold_loss":0.0,"damage_taken":0.0},{"damage_healed":22,"gold_gain":0,"player_choice":"Healed and dodged fight","damage_taken":0,"max_hp_gain":0,"max_hp_loss":0,"event_name":"Mushrooms","floor":12,"gold_loss":0,"cards_obtained":["Parasite"]}],"is_beta":false,"boss_relics":[],"items_purged_floors":[],"is_endless":false,"potions_floor_spawned":[6,10,11,13],"killed_by":"Hexaghost","ascension_level":10}