{"gold_per_floor":[115,126,138,54,69,100,110,110,137,168,235,247,271,23,23,125,125,138,155,155,171,171],"floor_reached":22,"playtime":1188,"items_purged":["Parasite"],"score":190,"play_id":"beedbb36-8df7-420b-8103-e3ca951aa6b1","local_time":"20180722071127","is_ascension_mode":false,"campfire_choices":[{"floor":8,"key":"REST"},{"floor":15,"key":"REST"}],"neow_cost":"NONE","seed_source_timestamp":1790669092138,"circlet_count":0,"master_deck":["Strike_R","Strike_R","Strike_R","Strike_R","Strike_R","Defend_R","Defend_R","Defend_R","Defend_R","Bash","Pommel Strike","Second Wind","Inflame","Carnage","Iron Wave","Spot Weakness","Clothesline","Corruption","Disarm","Infernal Blade","Intimidate","Ghostly Armor","Dark Embrace","Heavy Blade","Havoc","Heavy Blade","Fire Breathing","Pommel Strike","Perfected Strike","Feed","Havoc+1"],"relics":["Runic Pyramid","Sundial","MawBank","Orichalcum","Bag of Preparation","Orrery","Enchiridion"],"potions_floor_usage":[10,11,19,21,22],"damage_taken":[{"damage":1,"enemies":"Cultist","floor":1,"turns":3},{"damage":0,"enemies":"2 Louse","floor":2,"turns":2},{"damage":0,"enemies":"Small Slimes","floor":3,"turns":3},{"damage":14,"enemies":"Blue Slaver","floor":5,"turns":3},{"damage":8,"enemies":"Gremlin Nob","floor":6,"turns":4},{"damage":6,"enemies":"Red Slaver","floor":7,"turns":4},{"damage":36,"enemies":"Exordium Thugs","floor":10,"turns":6},{"damage":10,"enemies":"Lagavulin Event","floor":11,"turns":5},{"damage":1,"enemies":"Lots of Slimes","floor":13,"turns":4},{"damage":8,"enemies":"Hexaghost","floor":16,"turns":9},{"damage":20,"enemies":"2 Thieves","floor":18,"turns":4},{"damage":6,"enemies":"Chosen","floor":19,"turns":4},{"damage":26,"enemies":"3 Cultists","floor":21,"turns":6},{"damage":14,"enemies":"Snake Plant","floor":22,"turns":4}],"seed_played":"-9029488846711364703","potions_obtained":[{"floor":1,"key":"SteroidPotion"},{"floor":7,"key":"SpeedPotion"},{"floor":11,"key":"GamblersBrew"},{"floor":13,"key":"FearPotion"},{"floor":16,"key":"Strength Potion"},{"floor":18,"key":"SpeedPotion"}],"is_trial":false,"path_per_floor":["M","M","M","$","M","E","M","R","T","M","?","?","M","$","R","B",null,"M","M","?","M"],"character_chosen":"IRONCLAD","items_purchased":["Carnage","Iron Wave","Ghostly Armor","Bag of Preparation"],"campfire_rested":2,"item_purchase_floors":[4,4,14,14],"current_hp_per_floor":[79,79,79,79,65,57,51,75,75,39,29,49,48,48,71,63,77,57,51,35,12,0],"gold":171,"neow_bonus":"BOSS_RELIC","is_prod":false,"is_daily":false,"chose_seed":false,"campfire_upgraded":0,"win_rate":0,"timestamp":1532236287,"path_taken":["M","M","M","$","M","E","M","R","T","M","?","?","M","$","R","BOSS","M","M","?","M","?"],"build_version":"2018-07-19v2","purchased_purges":1,"victory":false,"max_hp_per_floor":[80,80,80,80,80,80,80,80,80,80,80,80,80,77,77,77,77,77,77,77,80,80],"card_choices":[{"not_picked":["Dual Wield","Clothesline"],"picked":"Pommel Strike","floor":1},{"not_picked":["Shrug It Off","Pummel"],"picked":"Second Wind","floor":2},{"not_picked":["Twin Strike","Corruption"],"picked":"Inflame","floor":3},{"not_picked":["Cleave","Evolve"],"picked":"Spot Weakness","floor":5},{"not_picked":["Uppercut","Rage"],"picked":"Clothesline","floor":6},{"not_picked":["Cleave","Battle Trance"],"picked":"Corruption","floor":7},{"not_picked":["Warcry","Spot Weakness"],"picked":"Disarm","floor":10},{"not_picked":["Anger","Thunderclap"],"picked":"Infernal Blade","floor":11},{"not_picked":["Sword Boomerang","Blood for Blood"],"picked":"Intimidate","floor":13},{"not_picked":["Bludgeon","Fiend Fire"],"picked":"Dark Embrace","floor":16},{"not_picked":["Clash","Sword Boomerang"],"picked":"Heavy Blade","floor":17},{"not_picked":["Anger","Corruption"],"picked":"Havoc","floor":17},{"not_picked":["Hemokinesis","Whirlwind"],"picked":"Heavy Blade","floor":17},{"not_picked":["Sword Boomerang","Shockwave"],"picked":"Fire Breathing","floor":17},{"not_picked":["Corruption","Body Slam"],"picked":"Pommel Strike","floor":17},{"not_picked":["Dual Wield","Flame Barrier"],"picked":"Perfected Strike","floor":18},{"not_picked":["True Grit+1","Thunderclap"],"picked":"Feed","floor":19},{"not_picked":["Intimidate","Sentinel"],"picked":"Havoc+1","floor":21}],"player_experience":99665,"relics_obtained":[{"floor":6,"key":"Sundial"},{"floor":9,"key":"MawBank"},{"floor":20,"key":"Enchiridion"}],"event_choices":[{"event_name":"Dead Adventurer","player_choice":"Searched \u00273\u0027 times","floor":11,"damage_taken":0},{"event_name":"Mushrooms","player_choice":"Healed and dodged fight","floor":12,"damage_taken":0},{"event_name":"Cursed Tome","player_choice":"Obtained Book","floor":20,"damage_taken":0}],"is_beta":false,"boss_relics":[{"not_picked":["Ectoplasm","Philosopher\u0027s Stone"],"picked":"Orrery"}],"items_purged_floors":[14],"is_endless":false,"potions_floor_spawned":[1,7,11,13,16,18],"killed_by":"Snake Plant","ascension_level":0}