{"gold_per_floor":[116,136,147,97,115,115,290,290,290,67,67,81,81,107,107,204,204,218,230,241,258,173,173,173,173,173,18,18,18,36,49,49,151,151,161,1160,1160,1160,1173,1173,1191,1191,1191,400,453,453,36,54,54,54,54,54,5,5],"floor_reached":54,"playtime":2917,"items_purged":["Strike_G","Normality"],"score":685,"play_id":"1d881d04-b0c5-4782-bcf5-73199b11158f","local_time":"20190503003532","is_ascension_mode":false,"campfire_choices":[{"data":"Dodge and Roll","floor":6.0,"key":"SMITH"},{"data":"Poisoned Stab","floor":8.0,"key":"SMITH"},{"data":"Predator","floor":13.0,"key":"SMITH"},{"data":"Neutralize","floor":15.0,"key":"SMITH"},{"data":"Noxious Fumes","floor":23.0,"key":"SMITH"},{"data":"Dodge and Roll","floor":28.0,"key":"SMITH"},{"floor":32.0,"key":"REST"},{"data":"Burst","floor":40.0,"key":"SMITH"},{"floor":42.0,"key":"REST"},{"floor":46.0,"key":"REST"},{"floor":49.0,"key":"RECALL"},{"data":"Catalyst","floor":52.0,"key":"SMITH"}],"neow_cost":"NONE","seed_source_timestamp":513037811664200,"circlet_count":0,"master_deck":["Defend_G","Defend_G","Defend_G","Defend_G","Defend_G","Strike_G","Survivor","Neutralize+1","A Thousand Cuts","Quick Slash","Poisoned Stab+1","Dodge and Roll+1","Predator+1","Infinite Blades","Well Laid Plans","Backflip","Envenom","Cloak And Dagger+1","Noxious Fumes+1","Accuracy","Backflip","Dodge and Roll+1","Escape Plan","Poisoned Stab+1","Catalyst+1","Burst+1","Thinking Ahead","Blur+1","Cloak And Dagger+1","Adrenaline","Dodge and Roll","Sadistic Nature","Dodge and Roll+1","Escape Plan","Deep Breath","Skewer+1"],"special_seed":0,"relics":["Ring of the Serpent","Boot","Blue Candle","PreservedInsect","Paper Crane","Bronze Scales","Art of War","WristBlade","Anchor","Blood Vial","Chemical X","Bird Faced Urn","Strawberry"],"potions_floor_usage":[],"damage_taken":[{"damage":2.0,"enemies":"2 Louse","floor":1.0,"turns":4.0},{"damage":5.0,"enemies":"Jaw Worm","floor":2.0,"turns":5.0},{"damage":1.0,"enemies":"Small Slimes","floor":3.0,"turns":4.0},{"damage":25.0,"enemies":"Exordium Thugs","floor":5.0,"turns":7.0},{"damage":2.0,"enemies":"2 Fungi Beasts","floor":12.0,"turns":4.0},{"damage":20.0,"enemies":"Lagavulin","floor":14.0,"turns":7.0},{"damage":5.0,"enemies":"Hexaghost","floor":16.0,"turns":9.0},{"damage":1.0,"enemies":"Shell Parasite","floor":18.0,"turns":6.0},{"damage":14.0,"enemies":"2 Thieves","floor":19.0,"turns":4.0},{"damage":19.0,"enemies":"Snecko","floor":20.0,"turns":5.0},{"damage":3.0,"enemies":"Snake Plant","floor":21.0,"turns":4.0},{"damage":4.0,"enemies":"Cultist and Chosen","floor":30.0,"turns":5.0},{"damage":15.0,"enemies":"Snecko","floor":31.0,"turns":6.0},{"damage":16.0,"enemies":"Champ","floor":33.0,"turns":13.0},{"damage":2.0,"enemies":"Orb Walker","floor":35.0,"turns":4.0},{"damage":20.0,"enemies":"3 Darklings","floor":39.0,"turns":6.0},{"damage":20.0,"enemies":"Jaw Worm Horde","floor":41.0,"turns":5.0},{"damage":33.0,"enemies":"2 Orb Walkers","floor":45.0,"turns":7.0},{"damage":15.0,"enemies":"Sphere and 2 Shapes","floor":48.0,"turns":5.0},{"damage":56.0,"enemies":"Awakened One","floor":50.0,"turns":16.0},{"damage":90,"enemies":"Shield and Spear","floor":54,"turns":6}],"seed_played":"-1951484727084560436","potions_obtained":[{"floor":12.0,"key":"Fire Potion"},{"floor":14.0,"key":"Explosive Potion"},{"floor":16.0,"key":"PowerPotion"},{"floor":21.0,"key":"SneckoOil"},{"floor":30.0,"key":"Block Potion"},{"floor":31.0,"key":"GamblersBrew"},{"floor":35.0,"key":"Block Potion"},{"floor":41.0,"key":"GamblersBrew"},{"floor":48.0,"key":"Dexterity Potion"}],"is_trial":false,"path_per_floor":["M","M","M","?","M","R","?","R","T","$","?","M","R","E","R","B",null,"M","M","M","M","?","R","?","$","T","$","R","T","M","M","R","B",null,"M","?","?","?","M","R","M","R","T","$","?","R","$","M","R","B",null,"R","$","E"],"character_chosen":"THE_SILENT","items_purchased":["Predator","Infinite Blades","Bronze Scales","Adrenaline","Anchor","Dodge and Roll","Sadistic Nature","Blood Vial","Chemical X","Strawberry","Escape Plan","Deep Breath","Dexterity Potion"],"campfire_rested":3,"item_purchase_floors":[10,10,27,44,44,44,44,44,44,47,47,47,53],"current_hp_per_floor":[68,63,62,62,37,37,37,37,37,37,37,35,35,15,15,10,70,69,55,36,33,33,33,33,33,33,33,33,33,29,14,35,19,70,68,68,68,68,48,48,28,49,49,49,18,39,46,45,45,5,77,77,77,0],"gold":5,"neow_bonus":"ONE_RANDOM_RARE_CARD","is_prod":false,"is_daily":false,"chose_seed":false,"campfire_upgraded":8,"win_rate":0,"timestamp":1556858132,"path_taken":["M","M","M","?","M","R","?","R","T","?","?","M","R","E","R","BOSS","M","M","M","M","?","R","?","$","T","$","R","?","?","M","R","BOSS","M","?","?","?","?","R","M","R","T","$","?","R","$","M","R","BOSS","R","$","E"],"build_version":"2019-01-23","purchased_purges":2,"victory":false,"max_hp_per_floor":[70,70,70,70,70,70,70,70,70,70,70,70,70,70,70,70,70,70,70,70,70,70,70,70,70,70,70,70,70,70,70,70,70,70,70,70,70,70,70,70,70,70,70,70,70,70,77,77,77,77,77,77,77,77],"card_choices":[{"not_picked":["Outmaneuver","Acrobatics","Underhanded Strike"],"picked":"SKIP","floor":1.0},{"not_picked":["Sucker Punch","Prepared"],"picked":"Quick Slash","floor":2.0},{"not_picked":["Acrobatics","Quick Slash"],"picked":"Poisoned Stab","floor":3.0},{"not_picked":["Sucker Punch","Eviscerate"],"picked":"Dodge and Roll","floor":5.0},{"not_picked":["Concentrate","Infinite Blades"],"picked":"Well Laid Plans","floor":12.0},{"not_picked":["Dagger Spray","Wraith Form v2"],"picked":"Backflip","floor":14.0},{"not_picked":["Die Die Die","Venomology"],"picked":"Envenom","floor":16.0},{"not_picked":["Quick Slash","Deflect"],"picked":"Cloak And Dagger+1","floor":18.0},{"not_picked":["Calculated Gamble","Predator"],"picked":"Noxious Fumes","floor":19.0},{"not_picked":["Bouncing Flask","Crippling Poison"],"picked":"Accuracy","floor":20.0},{"not_picked":["Dagger Throw","Storm of Steel"],"picked":"Backflip","floor":21.0},{"not_picked":["Bane","Underhanded Strike"],"picked":"Poisoned Stab+1","floor":30.0},{"not_picked":["Choke","Deadly Poison"],"picked":"Catalyst","floor":31.0},{"not_picked":["A Thousand Cuts","Tools of the Trade"],"picked":"Burst","floor":33.0},{"not_picked":["Tactician","Calculated Gamble","Dagger Throw+1"],"picked":"SKIP","floor":35.0},{"not_picked":["Blind","PanicButton"],"picked":"Thinking Ahead","floor":37.0},{"not_picked":["Outmaneuver","PiercingWail"],"picked":"Blur+1","floor":39.0},{"not_picked":["Concentrate","PiercingWail"],"picked":"Cloak And Dagger+1","floor":41.0},{"not_picked":["Dash","PiercingWail+1"],"picked":"Dodge and Roll+1","floor":45.0},{"not_picked":["Poisoned Stab+1","Dagger Spray+1"],"picked":"Skewer+1","floor":48.0}],"player_experience":337435,"relics_obtained":[{"floor":9.0,"key":"Boot"},{"floor":14.0,"key":"Blue Candle"},{"floor":26.0,"key":"Paper Crane"},{"floor":29.0,"key":"Art of War"},{"floor":45.0,"key":"Bird Faced Urn"}],"event_choices":[{"cards_removed":["Strike_G"],"damage_healed":0.0,"max_hp_gain":0.0,"max_hp_loss":0.0,"gold_gain":0.0,"event_name":"The Cleric","player_choice":"Card Removal","floor":4.0,"gold_loss":50.0,"damage_taken":0.0},{"damage_healed":0.0,"max_hp_gain":0.0,"max_hp_loss":0.0,"gold_gain":175.0,"event_name":"Liars Game","player_choice":"AGREE","floor":7.0,"gold_loss":0.0,"damage_taken":0.0,"cards_obtained":["Doubt"]},{"cards_removed":["Doubt"],"damage_healed":0.0,"max_hp_gain":0.0,"max_hp_loss":0.0,"gold_gain":0.0,"event_name":"Purifier","player_choice":"Purged","floor":11.0,"gold_loss":0.0,"damage_taken":0.0},{"damage_healed":0.0,"max_hp_gain":0.0,"max_hp_loss":0.0,"gold_gain":0.0,"event_name":"Addict","player_choice":"Obtained Relic","floor":22.0,"gold_loss":85.0,"damage_taken":0.0,"relics_obtained":["PreservedInsect"]},{"damage_healed":0.0,"max_hp_gain":0.0,"max_hp_loss":0.0,"gold_gain":0.0,"cards_transformed":["Strike_G","Strike_G"],"event_name":"Drug Dealer","player_choice":"Became Test Subject","floor":24.0,"gold_loss":0.0,"damage_taken":0.0,"cards_obtained":["Dodge and Roll","Escape Plan"]},{"damage_healed":0.0,"max_hp_gain":0.0,"max_hp_loss":0.0,"gold_gain":999.0,"event_name":"MindBloom","player_choice":"Gold","floor":36.0,"gold_loss":0.0,"damage_taken":0.0,"cards_obtained":["Normality","Normality"]},{"damage_healed":0.0,"max_hp_gain":0.0,"max_hp_loss":0.0,"gold_gain":0.0,"event_name":"SensoryStone","player_choice":"Memory 1","floor":37.0,"gold_loss":0.0,"damage_taken":0.0},{"cards_removed":["Normality"],"damage_healed":0.0,"max_hp_gain":0.0,"max_hp_loss":0.0,"gold_gain":0.0,"event_name":"Purifier","player_choice":"Purged","floor":38.0,"gold_loss":0.0,"damage_taken":0.0},{"damage_healed":0.0,"max_hp_gain":0.0,"max_hp_loss":0.0,"gold_gain":0.0,"event_name":"Mysterious Sphere","player_choice":"Fight","floor":45.0,"gold_loss":0.0,"damage_taken":0.0}],"is_beta":false,"boss_relics":[{"not_picked":["Coffee Dripper","Busted Crown"],"picked":"Ring of the Serpent"},{"not_picked":["Orrery","Fusion Hammer"],"picked":"WristBlade"}],"items_purged_floors":[10,47],"is_endless":false,"potions_floor_spawned":[12,14,16,21,30,31,35,41,48],"killed_by":"Shield and Spear","ascension_level":0}