{"gold_per_floor":[109,109,109,121,46,46,58,58,83,117,117,117,140,155,155,274,274,289,312,325,35,53,53,53,53,53,72,115,115,133,156,156,285,285,305,319,334,334,347,347],"floor_reached":40,"playtime":2050,"items_purged":["Strike_B","Strike_B"],"score":412,"play_id":"a0092867-bedc-40b8-a885-2e5baf256f20","local_time":"20190503072124","is_ascension_mode":false,"campfire_choices":[{"data":"Deep Breath","floor":6.0,"key":"SMITH"},{"data":"Dualcast","floor":8.0,"key":"SMITH"},{"floor":12.0,"key":"REST"},{"floor":15.0,"key":"REST"},{"floor":23.0,"key":"REST"},{"floor":32.0,"key":"REST"}],"neow_cost":"NONE","seed_source_timestamp":0,"circlet_count":0,"master_deck":["Strike_B+1","Defend_B+1","Defend_B+1","Defend_B+1","Defend_B+1","Zap","Dualcast+1","Deep Breath+1","Ball Lightning","Turbo+1","Conserve Battery+1","Creative AI","Coolheaded+1","Genetic Algorithm+1","Echo Form","Leap+1","Conserve Battery+1","RitualDagger","Headbutt+1","Lockon+1","Impatience+1","Secret Technique+1"],"special_seed":0,"relics":["Cracked Core","Toxic Egg 2","Art of War","Omamori","Golden Idol","Eternal Feather","PrismaticShard","Ornamental Fan","Ice Cream","Philosopher\u0027s Stone","PreservedInsect"],"potions_floor_usage":[],"damage_taken":[{"damage":1.0,"enemies":"Jaw Worm","floor":1.0,"turns":3.0},{"damage":0.0,"enemies":"Small Slimes","floor":4.0,"turns":3.0},{"damage":1.0,"enemies":"2 Louse","floor":7.0,"turns":2.0},{"damage":8.0,"enemies":"Lagavulin","floor":10.0,"turns":5.0},{"damage":7.0,"enemies":"Exordium Thugs","floor":13.0,"turns":5.0},{"damage":4.0,"enemies":"3 Louse","floor":14.0,"turns":4.0},{"damage":23.0,"enemies":"Slime Boss","floor":16.0,"turns":7.0},{"damage":20.0,"enemies":"Chosen","floor":18.0,"turns":7.0},{"damage":18.0,"enemies":"Spheric Guardian","floor":19.0,"turns":6.0},{"damage":6.0,"enemies":"3 Cultists","floor":20.0,"turns":7.0},{"damage":1.0,"enemies":"Snecko","floor":22.0,"turns":4.0},{"damage":3.0,"enemies":"Snake Plant","floor":27.0,"turns":5.0},{"damage":42.0,"enemies":"Slavers","floor":28.0,"turns":7.0},{"damage":5.0,"enemies":"Cultist and Chosen","floor":30.0,"turns":8.0},{"damage":0.0,"enemies":"Shelled Parasite and Fungi","floor":31.0,"turns":5.0},{"damage":51.0,"enemies":"Collector","floor":33.0,"turns":12.0},{"damage":0.0,"enemies":"3 Shapes","floor":35.0,"turns":4.0},{"damage":31.0,"enemies":"3 Darklings","floor":36.0,"turns":6.0},{"damage":16.0,"enemies":"Writhing Mass","floor":37.0,"turns":7.0},{"damage":8,"enemies":"Spire Growth","floor":39,"turns":5},{"damage":36,"enemies":"Nemesis","floor":40,"turns":2}],"seed_played":"391010053542798471","potions_obtained":[{"floor":1.0,"key":"Fire Potion"},{"floor":4.0,"key":"SpeedPotion"},{"floor":13.0,"key":"Weak Potion"},{"floor":18.0,"key":"Swift Potion"},{"floor":20.0,"key":"AttackPotion"},{"floor":27.0,"key":"FearPotion"},{"floor":31.0,"key":"Weak Potion"},{"floor":36.0,"key":"GamblersBrew"}],"is_trial":false,"path_per_floor":["M","?","?","M","$","R","M","R","T","E","?","R","M","M","R","B",null,"M","M","M","$","M","R","?","?","T","M","E","?","M","M","R","B",null,"M","M","M","?","M","E"],"character_chosen":"DEFECT","items_purchased":["PrismaticShard"],"campfire_rested":4,"item_purchase_floors":[21],"current_hp_per_floor":[74,74,49,49,49,49,48,48,48,40,22,44,37,33,55,32,75,55,37,31,31,30,61,55,55,55,52,10,35,30,30,64,13,75,75,44,28,28,20,0],"gold":347,"neow_bonus":"RANDOM_COLORLESS","is_prod":false,"is_daily":false,"chose_seed":false,"campfire_upgraded":2,"win_rate":0,"timestamp":1556860884,"path_taken":["M","?","?","M","$","R","M","R","T","E","?","R","M","M","R","BOSS","M","M","M","$","M","R","?","?","T","M","E","?","M","M","R","BOSS","M","M","M","?","M","E"],"build_version":"2019-01-23","purchased_purges":2,"victory":false,"max_hp_per_floor":[75,75,75,75,75,75,75,75,75,75,75,75,75,75,75,75,75,75,75,75,75,75,75,75,75,75,75,75,75,75,75,75,75,75,75,75,75,75,75,75],"card_choices":[{"not_picked":["Leap","Recycle"],"picked":"Ball Lightning","floor":1.0},{"not_picked":["Doom and Gloom","Stack+1"],"picked":"Turbo+1","floor":4.0},{"not_picked":["Redo+1","Aggregate+1"],"picked":"Conserve Battery+1","floor":7.0},{"not_picked":["Sunder","Tempest+1"],"picked":"Creative AI","floor":10.0},{"not_picked":["Auto Shields+1","Hologram+1"],"picked":"Coolheaded+1","floor":13.0},{"not_picked":["Turbo+1","Cold Snap"],"picked":"Genetic Algorithm+1","floor":14.0},{"not_picked":["Core Surge","Seek+1"],"picked":"Echo Form","floor":16.0},{"not_picked":["Static Discharge","Beam Cell"],"picked":"Leap+1","floor":18.0},{"not_picked":["Reinforced Body+1","Heatsinks"],"picked":"Conserve Battery+1","floor":19.0},{"not_picked":["Go for the Eyes","Barrage","Redo+1"],"picked":"SKIP","floor":20.0},{"not_picked":["Body Slam","Blade Dance+1","Rebound+1"],"picked":"SKIP","floor":22.0},{"not_picked":["Sweeping Beam","Consume+1","Secret Weapon+1"],"picked":"SKIP","floor":27.0},{"not_picked":["Flying Knee","Thunderclap+1"],"picked":"Headbutt+1","floor":28.0},{"not_picked":["Havoc+1","Heatsinks+1"],"picked":"Lockon+1","floor":30.0},{"not_picked":["Heavy Blade","Havoc+1"],"picked":"Impatience+1","floor":31.0},{"not_picked":["Doppelganger+1","Venomology+1"],"picked":"Secret Technique+1","floor":33.0},{"not_picked":["Heavy Blade+1","Corruption","Sucker Punch+1"],"picked":"SKIP","floor":35.0},{"not_picked":["Prepared+1","Acrobatics+1","Thunderclap+1"],"picked":"SKIP","floor":36.0},{"not_picked":["Hello World+1","Purity+1","Clash+1"],"picked":"SKIP","floor":37.0},{"not_picked":["Hello World+1","Purity+1","Clash+1"],"picked":"SKIP","floor":37.0},{"not_picked":["Slice+1","Sever Soul","PiercingWail+1"],"picked":"SKIP","floor":39}],"player_experience":411622,"relics_obtained":[{"floor":9.0,"key":"Art of War"},{"floor":10.0,"key":"Omamori"},{"floor":26.0,"key":"Ornamental Fan"},{"floor":28.0,"key":"Ice Cream"}],"event_choices":[{"cards_removed":["Strike_B"],"damage_healed":0.0,"max_hp_gain":0.0,"max_hp_loss":0.0,"gold_gain":0.0,"event_name":"Living Wall","player_choice":"Forget","floor":2.0,"gold_loss":0.0,"damage_taken":0.0},{"damage_healed":0.0,"max_hp_gain":0.0,"max_hp_loss":0.0,"gold_gain":0.0,"event_name":"Scrap Ooze","player_choice":"Success","floor":3.0,"gold_loss":0.0,"damage_taken":25.0,"relics_obtained":["Toxic Egg 2"]},{"damage_healed":0.0,"max_hp_gain":0.0,"max_hp_loss":0.0,"gold_gain":0.0,"event_name":"Golden Idol","player_choice":"Take Damage","floor":11.0,"gold_loss":0.0,"damage_taken":18.0,"relics_obtained":["Golden Idol"]},{"damage_healed":0.0,"max_hp_gain":0.0,"max_hp_loss":0.0,"gold_gain":0.0,"event_name":"Nest","player_choice":"Joined the Cult","floor":24.0,"gold_loss":0.0,"damage_taken":6.0,"cards_obtained":["RitualDagger"]},{"damage_healed":0.0,"max_hp_gain":0.0,"max_hp_loss":0.0,"gold_gain":0.0,"event_name":"Back to Basics","player_choice":"Simplicity","floor":25.0,"gold_loss":0.0,"damage_taken":0.0,"cards_upgraded":["Strike_B","Defend_B","Defend_B","Defend_B","Defend_B"]},{"damage_healed":25.0,"max_hp_gain":0.0,"max_hp_loss":0.0,"gold_gain":0.0,"event_name":"The Library","player_choice":"Heal","floor":29.0,"gold_loss":0.0,"damage_taken":0.0},{"damage_healed":0.0,"max_hp_gain":0.0,"max_hp_loss":0.0,"gold_gain":0.0,"event_name":"WeMeetAgain","player_choice":"Gave Potion","floor":38.0,"gold_loss":0.0,"damage_taken":0.0,"relics_obtained":["PreservedInsect"]}],"is_beta":false,"boss_relics":[{"not_picked":["Velvet Choker","Empty Cage"],"picked":"Eternal Feather"},{"not_picked":["FrozenCore","Orrery"],"picked":"Philosopher\u0027s Stone"}],"items_purged_floors":[5,21],"is_endless":false,"potions_floor_spawned":[1,4,13,18,20,27,31,36],"killed_by":"Nemesis","ascension_level":0}