{"gold_per_floor":[359,359,27,38,57,57,72,105,175,187,202,202,202,220,220,296,296,314,328,328,338,354,354,367,367,367,383,401,433,433,13,13,84,84,101,22,35,53,53,53,53,68,91,110,122,122,134,146,146,146],"floor_reached":51,"playtime":3758,"items_purged":["Pain"],"score":1178,"play_id":"b5ed7416-7f3b-4bf2-8d7c-7408f675f911","local_time":"20190113183221","is_ascension_mode":true,"campfire_choices":[{"floor":12.0,"key":"REST"},{"data":"Armaments","floor":15.0,"key":"SMITH"},{"data":"Shockwave","floor":23.0,"key":"SMITH"},{"data":"Flame Barrier","floor":25.0,"key":"SMITH"},{"floor":32.0,"key":"REST"},{"data":"Limit Break","floor":41.0,"key":"SMITH"},{"data":"Power Through","floor":46.0,"key":"SMITH"},{"data":"Demon Form","floor":49.0,"key":"SMITH"}],"neow_cost":"CURSE","seed_source_timestamp":0,"circlet_count":0,"master_deck":["AscendersBane","Bash","Pommel Strike","Sever Soul+1","Thunderclap+1","Body Slam+1","Cleave+1","Carnage+1","Armaments+1","Headbutt+1","Flame Barrier+1","Rage","Juggernaut","Shockwave+1","Feel No Pain","Uppercut+1","Corruption","Power Through+1","Dark Embrace","Exhume","Demon Form+1","Intimidate","Whirlwind+1","Feel No Pain","Rupture","Pummel+1","Flex","Brutality","Reaper+1","True Grit","Ghostly Armor","True Grit","Limit Break+1","Ghostly Armor","Pommel Strike+1"],"special_seed":0,"relics":["Burning Blood","Champion Belt","Molten Egg 2","Centennial Puzzle","Paper Frog","Snecko Eye","Spirit Poop","Ornamental Fan","Self Forming Clay","WarpedTongs","Medical Kit","Oddly Smooth Stone","Pandora\u0027s Box","Pen Nib"],"potions_floor_usage":[],"damage_taken":[{"damage":15.0,"enemies":"Cultist","floor":1.0,"turns":4.0},{"damage":0.0,"enemies":"2 Louse","floor":4.0,"turns":2.0},{"damage":12.0,"enemies":"Small Slimes","floor":5.0,"turns":4.0},{"damage":19.0,"enemies":"Exordium Thugs","floor":7.0,"turns":5.0},{"damage":27.0,"enemies":"3 Sentries","floor":8.0,"turns":7.0},{"damage":10.0,"enemies":"Red Slaver","floor":10.0,"turns":3.0},{"damage":3.0,"enemies":"Blue Slaver","floor":11.0,"turns":2.0},{"damage":19.0,"enemies":"Lots of Slimes","floor":14.0,"turns":3.0},{"damage":20.0,"enemies":"The Guardian","floor":16.0,"turns":9.0},{"damage":3.0,"enemies":"3 Byrds","floor":18.0,"turns":4.0},{"damage":0.0,"enemies":"Chosen","floor":19.0,"turns":3.0},{"damage":0.0,"enemies":"3 Cultists","floor":21.0,"turns":4.0},{"damage":22.0,"enemies":"Sentry and Sphere","floor":22.0,"turns":4.0},{"damage":10.0,"enemies":"Centurion and Healer","floor":24.0,"turns":5.0},{"damage":13.0,"enemies":"Shelled Parasite and Fungi","floor":27.0,"turns":2.0},{"damage":29.0,"enemies":"Sentry and Sphere","floor":28.0,"turns":6.0},{"damage":26.0,"enemies":"Slavers","floor":29.0,"turns":3.0},{"damage":24.0,"enemies":"Champ","floor":33.0,"turns":8.0},{"damage":0.0,"enemies":"Orb Walker","floor":35.0,"turns":2.0},{"damage":25.0,"enemies":"3 Darklings","floor":37.0,"turns":4.0},{"damage":26.0,"enemies":"Writhing Mass","floor":38.0,"turns":6.0},{"damage":19.0,"enemies":"Sphere and 2 Shapes","floor":42.0,"turns":6.0},{"damage":11.0,"enemies":"Transient","floor":44.0,"turns":5.0},{"damage":4.0,"enemies":"4 Shapes","floor":45.0,"turns":4.0},{"damage":0.0,"enemies":"Jaw Worm Horde","floor":47.0,"turns":3.0},{"damage":19.0,"enemies":"Sphere and 2 Shapes","floor":48.0,"turns":3.0},{"damage":54,"enemies":"Awakened One","floor":50,"turns":8}],"seed_played":"6394471661688381845","potions_obtained":[{"floor":1.0,"key":"SpeedPotion"},{"floor":4.0,"key":"Fruit Juice"},{"floor":13.0,"key":"Fruit Juice"},{"floor":13.0,"key":"Energy Potion"},{"floor":13.0,"key":"Poison Potion"},{"floor":14.0,"key":"Fire Potion"},{"floor":16.0,"key":"BloodPotion"},{"floor":22.0,"key":"SpeedPotion"},{"floor":27.0,"key":"PowerPotion"},{"floor":28.0,"key":"Weak Potion"},{"floor":42.0,"key":"SkillPotion"},{"floor":44.0,"key":"Energy Potion"}],"is_trial":false,"path_per_floor":["M","?","$","M","M","?","M","E","T","M","M","R","?","M","R","B",null,"M","M","?","M","M","R","M","R","T","M","M","E","?","$","R","B",null,"M","$","M","M","?","$","R","M","T","M","M","R","M","M","R","B",null],"character_chosen":"IRONCLAD","items_purchased":["Molten Egg 2","Sever Soul+1","Thunderclap+1","Medical Kit","Oddly Smooth Stone","Ghostly Armor"],"campfire_rested":2,"item_purchase_floors":[3,3,3,31,31,36],"current_hp_per_floor":[59,59,59,70,64,64,51,30,30,26,29,53,58,45,45,31,72,75,81,81,85,69,69,65,65,65,58,43,23,23,23,48,30,71,77,77,85,73,73,73,73,60,60,85,85,85,85,72,72,58],"gold":146,"neow_bonus":"TWO_FIFTY_GOLD","is_prod":false,"is_daily":false,"chose_seed":false,"campfire_upgraded":6,"win_rate":0,"timestamp":1547422341,"path_taken":["M","?","$","M","?","?","?","E","T","M","M","R","?","M","R","BOSS","M","?","?","M","M","R","M","R","T","M","?","E","?","$","R","BOSS","M","$","?","?","?","$","R","M","T","M","M","R","M","M","R","BOSS"],"build_version":"2019-01-10","purchased_purges":1,"victory":true,"max_hp_per_floor":[75,75,75,80,80,80,80,80,80,80,80,80,85,85,85,85,85,85,85,85,85,85,85,85,85,85,85,85,85,85,85,85,85,85,85,85,85,85,85,85,85,85,85,85,85,85,85,85,85,85],"card_choices":[{"not_picked":["Flex","Anger"],"picked":"Pommel Strike","floor":1.0},{"not_picked":["Dual Wield","Perfected Strike+1"],"picked":"Body Slam+1","floor":4.0},{"not_picked":["Dropkick+1","Anger+1"],"picked":"Cleave+1","floor":5.0},{"not_picked":["Entrench","Searing Blow+1"],"picked":"Carnage+1","floor":7.0},{"not_picked":["Sever Soul+1","Clothesline+1"],"picked":"Armaments","floor":8.0},{"not_picked":["Clothesline+1","Rupture"],"picked":"Headbutt+1","floor":10.0},{"not_picked":["Corruption","Cleave+1"],"picked":"Flame Barrier","floor":11.0},{"not_picked":["Sword Boomerang+1","Twin Strike+1"],"picked":"Rage","floor":14.0},{"not_picked":["Exhume","Berserk"],"picked":"Juggernaut","floor":16.0},{"not_picked":["Ghostly Armor","Clash+1"],"picked":"Shockwave","floor":18.0},{"not_picked":["Entrench","Corruption"],"picked":"Feel No Pain","floor":19.0},{"not_picked":["Hemokinesis+1","Twin Strike+1","Sever Soul+1"],"picked":"SKIP","floor":21.0},{"not_picked":["Burning Pact","Clothesline+1"],"picked":"Uppercut+1","floor":22.0},{"not_picked":["Body Slam+1","Iron Wave+1"],"picked":"Corruption","floor":24.0},{"not_picked":["Flame Barrier","Iron Wave+1"],"picked":"Power Through","floor":27.0},{"not_picked":["Fire Breathing","Twin Strike+1","Combust+1"],"picked":"SKIP","floor":28.0},{"not_picked":["Armaments","Barricade"],"picked":"Dark Embrace","floor":29.0},{"not_picked":["Limit Break","Berserk"],"picked":"Exhume","floor":33.0},{"not_picked":["Battle Trance","Headbutt+1"],"picked":"True Grit","floor":35.0},{"not_picked":["Evolve","Perfected Strike+1"],"picked":"True Grit","floor":37.0},{"not_picked":["Cleave+1","Feel No Pain"],"picked":"Limit Break","floor":38.0},{"not_picked":["Perfected Strike+1","Armaments"],"picked":"Ghostly Armor","floor":42.0},{"not_picked":["Evolve+1","Anger+1","Second Wind"],"picked":"SKIP","floor":44.0},{"not_picked":["Flex","Sword Boomerang+1"],"picked":"Pommel Strike+1","floor":45.0},{"not_picked":["Clash+1","Heavy Blade+1","Clothesline+1"],"picked":"SKIP","floor":47.0},{"not_picked":["Evolve","Carnage+1","Anger+1"],"picked":"SKIP","floor":48.0}],"player_experience":533891,"relics_obtained":[{"floor":8.0,"key":"Centennial Puzzle"},{"floor":9.0,"key":"Paper Frog"},{"floor":26.0,"key":"Ornamental Fan"},{"floor":29.0,"key":"Self Forming Clay"},{"floor":43.0,"key":"Pen Nib"}],"event_choices":[{"damage_healed":0.0,"max_hp_gain":0.0,"max_hp_loss":0.0,"gold_gain":0.0,"event_name":"WeMeetAgain","player_choice":"Gave Potion","floor":2.0,"gold_loss":0.0,"damage_taken":0.0,"relics_obtained":["Champion Belt"]},{"damage_healed":0.0,"max_hp_gain":0.0,"max_hp_loss":0.0,"gold_gain":0.0,"event_name":"The Woman in Blue","player_choice":"Bought 0 Potions","floor":6.0,"gold_loss":0.0,"damage_taken":0.0},{"damage_healed":0.0,"max_hp_gain":0.0,"max_hp_loss":0.0,"gold_gain":0.0,"event_name":"Lab","player_choice":"Got Potions","floor":13.0,"gold_loss":0.0,"damage_taken":0.0},{"cards_removed":["Regret"],"damage_healed":0.0,"max_hp_gain":0.0,"max_hp_loss":0.0,"gold_gain":0.0,"event_name":"Bonfire Elementals","player_choice":"Offered Curse","floor":20.0,"gold_loss":0.0,"damage_taken":0.0,"relics_obtained":["Spirit Poop"]},{"damage_healed":0.0,"max_hp_gain":0.0,"max_hp_loss":0.0,"gold_gain":0.0,"event_name":"Accursed Blacksmith","player_choice":"Rummage","floor":30.0,"gold_loss":0.0,"damage_taken":0.0,"relics_obtained":["WarpedTongs"],"cards_obtained":["Pain"]},{"damage_healed":0.0,"max_hp_gain":0.0,"max_hp_loss":0.0,"gold_gain":0.0,"event_name":"SecretPortal","player_choice":"Ignored","floor":39.0,"gold_loss":0.0,"damage_taken":0.0}],"is_beta":false,"boss_relics":[{"not_picked":["Fusion Hammer","White Beast Statue"],"picked":"Snecko Eye"},{"not_picked":["Black Blood","Black Star"],"picked":"Pandora\u0027s Box"}],"items_purged_floors":[31],"is_endless":false,"potions_floor_spawned":[1,4,14,16,22,27,28,42,44,47,48],"ascension_level":14}