{"gold_per_floor":[116,15,35,51,70,97,116,146,170,170,245,245,280,244,244,244],"floor_reached":16,"playtime":714,"items_purged":[],"score":240,"play_id":"b876f6ea-2b5c-4d0d-ba67-3389ac86d564","local_time":"20190312182614","is_ascension_mode":true,"campfire_choices":[{"floor":12,"key":"REST"},{"floor":15,"key":"REST"}],"neow_cost":"NONE","seed_source_timestamp":87815511914476,"circlet_count":0,"master_deck":["AscendersBane","Strike_R","Strike_R","Strike_R","Strike_R","Strike_R","Defend_R","Defend_R","Defend_R","Defend_R+1","Bash","Impervious","Perfected Strike","Whirlwind","True Grit+1","Body Slam","Anger","Uppercut","Wild Strike","Inflame","Shockwave"],"relics":["Burning Blood","Blood Vial","War Paint","Smiling Mask","Oddly Smooth Stone","Regal Pillow"],"potions_floor_usage":[5,13,16],"damage_taken":[{"damage":18,"enemies":"Cultist","floor":1,"turns":6},{"damage":0,"enemies":"2 Louse","floor":3,"turns":2},{"damage":0,"enemies":"Small Slimes","floor":4,"turns":3},{"damage":7,"enemies":"Exordium Wildlife","floor":5,"turns":4},{"damage":32,"enemies":"Gremlin Nob","floor":6,"turns":4},{"damage":5,"enemies":"Gremlin Gang","floor":7,"turns":2},{"damage":13,"enemies":"3 Sentries","floor":8,"turns":6},{"damage":25,"enemies":"Lagavulin","floor":13,"turns":8},{"damage":64,"enemies":"The Guardian","floor":16,"turns":10}],"seed_played":"-1158740531642995976","potions_obtained":[{"floor":3,"key":"SpeedPotion"},{"floor":4,"key":"FearPotion"},{"floor":7,"key":"LiquidBronze"},{"floor":8,"key":"Block Potion"}],"is_trial":false,"path_per_floor":["M","$","M","M","M","E","M","E","T","?","?","R","E","$","R","B"],"character_chosen":"IRONCLAD","items_purchased":["Whirlwind","True Grit","Shockwave"],"campfire_rested":2,"item_purchase_floors":[2,2,14],"current_hp_per_floor":[56,56,62,68,67,41,44,39,39,28,17,39,22,22,59,0],"gold":244,"neow_bonus":"ONE_RANDOM_RARE_CARD","is_prod":false,"is_daily":false,"chose_seed":false,"campfire_upgraded":0,"win_rate":0,"timestamp":1552429574,"path_taken":["M","?","M","M","M","E","M","E","T","?","?","R","E","$","R","BOSS"],"build_version":"2019-01-23","purchased_purges":0,"victory":false,"max_hp_per_floor":[75,75,75,75,75,75,75,75,75,75,75,75,75,75,75,75],"card_choices":[{"not_picked":["Reckless Charge","Hemokinesis"],"picked":"Perfected Strike","floor":1},{"not_picked":["Fire Breathing","Armaments"],"picked":"Body Slam","floor":3},{"not_picked":["Iron Wave","Flex"],"picked":"Anger","floor":4},{"not_picked":["Shockwave","Twin Strike","Headbutt"],"picked":"SKIP","floor":5},{"not_picked":["Havoc","Corruption"],"picked":"Uppercut","floor":6},{"not_picked":["Twin Strike","Iron Wave"],"picked":"Wild Strike","floor":7},{"not_picked":["Pommel Strike","Juggernaut"],"picked":"Inflame","floor":8},{"not_picked":["Searing Blow","Bloodletting","Flex"],"picked":"SKIP","floor":13}],"player_experience":842277,"relics_obtained":[{"floor":6,"key":"Blood Vial"},{"floor":8,"key":"War Paint"},{"floor":9,"key":"Smiling Mask"},{"floor":13,"key":"Regal Pillow"}],"event_choices":[{"damage_healed":0,"gold_gain":0,"player_choice":"Success","damage_taken":11,"relics_obtained":["Oddly Smooth Stone"],"max_hp_gain":0,"max_hp_loss":0,"event_name":"Scrap Ooze","floor":10,"gold_loss":0},{"damage_healed":0,"gold_gain":75,"player_choice":"Gather Gold","damage_taken":11,"max_hp_gain":0,"max_hp_loss":0,"event_name":"World of Goop","floor":11,"gold_loss":0}],"is_beta":false,"boss_relics":[],"items_purged_floors":[],"is_endless":false,"potions_floor_spawned":[3,4,7,8],"killed_by":"The Guardian","ascension_level":20}