{"gold_per_floor":[359,434,609,50,66,100,117,117,196,196,231,249,279,298,298,393,393,405,29,44,64,80,80,113,113,166,180,24,24,57,75,75,75],"floor_reached":33,"playtime":1297,"items_purged":["Doubt"],"score":312,"play_id":"37e8f32a-30d0-4e82-900f-12da3f541dec","local_time":"20180809215634","is_ascension_mode":false,"campfire_choices":[{"data":"Pummel","floor":15,"key":"SMITH"},{"data":"Barricade","floor":23,"key":"SMITH"},{"data":"Seeing Red","floor":32,"key":"SMITH"}],"neow_cost":"TEN_PERCENT_HP_LOSS","seed_source_timestamp":16531330096420,"circlet_count":0,"master_deck":["Strike_R","Strike_R","Strike_R","Strike_R","Strike_R","Defend_R","Defend_R","Defend_R","Defend_R","Bash","Flex","Inflame+1","Uppercut","Rampage","Perfected Strike","Ghostly Armor","Pummel+1","Sword Boomerang","Carnage","Clothesline","Cleave+1","Barricade+1","Pommel Strike","Heavy Blade+1","Thunderclap+1","Disarm","Warcry","Hemokinesis","Seeing Red+1","Perfected Strike","Flex"],"relics":["Black Blood","Magic Flower","Bronze Scales","Strawberry","Shuriken","Lantern","Regal Pillow","Happy Flower","Toolbox","Blood Vial","Bag of Marbles","Centennial Puzzle","Whetstone","Red Mask"],"potions_floor_usage":[6,16,21,22,24,24,31],"damage_taken":[{"damage":1,"enemies":"2 Louse","floor":1,"turns":3},{"damage":6,"enemies":"Jaw Worm","floor":5,"turns":3},{"damage":26,"enemies":"Lagavulin","floor":6,"turns":5},{"damage":6,"enemies":"Cultist","floor":7,"turns":3},{"damage":14,"enemies":"3 Sentries","floor":11,"turns":6},{"damage":9,"enemies":"Blue Slaver","floor":12,"turns":2},{"damage":8,"enemies":"Gremlin Nob","floor":13,"turns":3},{"damage":0,"enemies":"Exordium Wildlife","floor":14,"turns":3},{"damage":53,"enemies":"Hexaghost","floor":16,"turns":5},{"damage":0,"enemies":"Chosen","floor":18,"turns":4},{"damage":3,"enemies":"3 Byrds","floor":20,"turns":4},{"damage":14,"enemies":"Snake Plant","floor":21,"turns":5},{"damage":19,"enemies":"3 Cultists","floor":22,"turns":4},{"damage":52,"enemies":"Gremlin Leader","floor":24,"turns":8},{"damage":9,"enemies":"Snecko","floor":27,"turns":4},{"damage":27,"floor":30,"turns":4},{"damage":0,"enemies":"Snake Plant","floor":31,"turns":1},{"damage":107,"enemies":"Collector","floor":33,"turns":5}],"seed_played":"-5694837615843036618","potions_obtained":[{"floor":1,"key":"AttackPotion"},{"floor":5,"key":"BloodPotion"},{"floor":11,"key":"SpeedPotion"},{"floor":12,"key":"LiquidBronze"},{"floor":16,"key":"AttackPotion"},{"floor":18,"key":"Block Potion"},{"floor":22,"key":"Swift Potion"},{"floor":27,"key":"FairyPotion"},{"floor":30,"key":"BloodPotion"}],"is_trial":false,"path_per_floor":["M","?","?","$","M","E","M","?","T","?","E","M","E","M","R","B",null,"M","$","M","M","M","R","E","T","T","M","$","?","?","M","R"],"character_chosen":"IRONCLAD","items_purchased":["Magic Flower","Inflame","Uppercut","Rampage","Happy Flower","Toolbox","Heavy Blade","Whetstone"],"campfire_rested":0,"item_purchase_floors":[4,4,4,4,19,19,19,28],"current_hp_per_floor":[72,61,61,61,64,58,61,68,68,68,63,63,64,73,73,29,79,79,79,79,79,75,75,38,38,38,47,47,47,38,67,67,0],"gold":75,"neow_bonus":"TWO_FIFTY_GOLD","is_prod":false,"is_daily":false,"chose_seed":false,"campfire_upgraded":3,"win_rate":0,"timestamp":1533844594,"path_taken":["M","?","?","$","M","E","M","?","T","?","E","?","E","M","R","BOSS","M","$","M","M","M","R","E","?","T","M","$","?","?","M","R","BOSS"],"build_version":"2018-08-02","purchased_purges":1,"victory":false,"max_hp_per_floor":[72,72,72,72,72,72,72,79,79,79,79,79,79,79,79,79,79,79,79,79,79,79,79,79,79,79,79,79,79,79,79,79,79],"card_choices":[{"not_picked":["Searing Blow","Clash"],"picked":"Flex","floor":1},{"not_picked":["Metallicize","Clothesline"],"picked":"Perfected Strike","floor":5},{"not_picked":["Berserk","Second Wind"],"picked":"Ghostly Armor","floor":6},{"not_picked":["Fire Breathing","Thunderclap"],"picked":"Pummel","floor":7},{"not_picked":["Headbutt","Twin Strike"],"picked":"Sword Boomerang","floor":11},{"not_picked":["Battle Trance","Thunderclap"],"picked":"Carnage","floor":12},{"not_picked":["Whirlwind","Burning Pact"],"picked":"Clothesline","floor":13},{"not_picked":["Anger","True Grit"],"picked":"Cleave","floor":14},{"not_picked":["Bludgeon","Exhume"],"picked":"Barricade","floor":16},{"not_picked":["Combust","Reckless Charge"],"picked":"Pommel Strike","floor":18},{"not_picked":["Flame Barrier+1","Fire Breathing+1"],"picked":"Thunderclap+1","floor":20},{"not_picked":["Dual Wield","Pommel Strike"],"picked":"Disarm","floor":21},{"not_picked":["Flame Barrier","Flex"],"picked":"Warcry","floor":22},{"not_picked":["Wild Strike+1","Fiend Fire"],"picked":"Hemokinesis","floor":24},{"not_picked":["Shrug It Off","Perfected Strike"],"picked":"Seeing Red","floor":27},{"not_picked":["Thunderclap","Rampage"],"picked":"Perfected Strike","floor":30},{"not_picked":["Body Slam+1","Hemokinesis"],"picked":"Flex","floor":31}],"player_experience":162367,"relics_obtained":[{"floor":6,"key":"Bronze Scales"},{"floor":9,"key":"Shuriken"},{"floor":11,"key":"Lantern"},{"floor":13,"key":"Regal Pillow"},{"floor":24,"key":"Blood Vial"},{"floor":25,"key":"Bag of Marbles"},{"floor":26,"key":"Centennial Puzzle"},{"floor":30,"key":"Red Mask"}],"event_choices":[{"event_name":"World of Goop","player_choice":"Gather Gold","floor":2,"damage_taken":0},{"event_name":"Liars Game","player_choice":"agreed","floor":3,"damage_taken":0},{"event_name":"Wheel of Change","player_choice":"Relic","floor":8,"damage_taken":0},{"event_name":"Living Wall","player_choice":"Grow","floor":10,"damage_taken":0},{"event_name":"Beggar","player_choice":"Ignored","floor":29,"damage_taken":0}],"is_beta":false,"boss_relics":[{"not_picked":["Cursed Key","Empty Cage"],"picked":"Black Blood"}],"items_purged_floors":[4],"is_endless":false,"potions_floor_spawned":[1,5,11,12,16,18,22,27,30],"killed_by":"Collector","ascension_level":0}