{"gold_per_floor":[119,119,119,135,111,111,150,173,173,186,186,199,234,250,250,376,376,390,390,410,37,37,37,57,57,57,75,75,99,134,154,154,154],"floor_reached":33,"playtime":4164,"items_purged":[],"score":491,"play_id":"53e9792a-1cc5-4fde-aa33-4a818a9ca74d","local_time":"20181013011440","is_ascension_mode":true,"campfire_choices":[{"floor":6,"key":"REST"},{"floor":11,"key":"REST"},{"floor":15,"key":"REST"},{"data":"Static Discharge","floor":23,"key":"SMITH"},{"floor":25,"key":"REST"},{"floor":32,"key":"REST"}],"neow_cost":"NONE","seed_source_timestamp":196085898922315,"circlet_count":0,"master_deck":["Zap","Dualcast","AscendersBane","Redo","FTL","Chill","Steam","Tempest","Capacitor","Barrage","White Noise","Genetic Algorithm","Blizzard","Defragment+1","All For One","Redo+1","FTL+1","Gash","Scrape+1","Static Discharge+1","Go for the Eyes+1","Coolheaded","Writhe","Self Repair+1","Scrape","Steam+1"],"relics":["Pandora\u0027s Box","Golden Idol","StoneCalendar","Sundial","Regal Pillow","Astrolabe","Blood Vial","Dream Catcher","Darkstone Periapt","Juzu Bracelet","Omamori","Ancient Tea Set"],"potions_floor_usage":[14,16,24,30,33],"damage_taken":[{"damage":14,"enemies":"Jaw Worm","floor":1,"turns":6},{"damage":0,"enemies":"Small Slimes","floor":4,"turns":3},{"damage":19,"enemies":"Lagavulin","floor":7,"turns":6},{"damage":8,"enemies":"2 Louse","floor":8,"turns":3},{"damage":0,"enemies":"2 Fungi Beasts","floor":10,"turns":4},{"damage":2,"enemies":"Looter","floor":12,"turns":4},{"damage":3,"enemies":"3 Sentries","floor":13,"turns":7},{"damage":5,"enemies":"3 Louse","floor":14,"turns":4},{"damage":0,"enemies":"Slime Boss","floor":16,"turns":8},{"damage":26,"enemies":"Spheric Guardian","floor":18,"turns":5},{"damage":5,"enemies":"Shell Parasite","floor":20,"turns":6},{"damage":23,"enemies":"Chosen and Byrds","floor":24,"turns":5},{"damage":14,"enemies":"Cultist and Chosen","floor":27,"turns":5},{"damage":60,"enemies":"Slavers","floor":30,"turns":6},{"damage":9,"enemies":"Centurion and Healer","floor":31,"turns":7},{"damage":60,"enemies":"Collector","floor":33,"turns":6}],"seed_played":"7285120664489314462","potions_obtained":[{"floor":1,"key":"Explosive Potion"},{"floor":7,"key":"Fire Potion"},{"floor":8,"key":"GamblersBrew"},{"floor":16,"key":"EssenceOfSteel"},{"floor":30,"key":"Poison Potion"}],"is_trial":false,"path_per_floor":["M","?","?","M","?","R","E","M","T","M","R","M","E","M","R","B",null,"M","?","M","$","?","R","M","R","T","M","?","T","E","M","R"],"character_chosen":"DEFECT","items_purchased":["Blood Vial","Dream Catcher","Static Discharge"],"campfire_rested":5,"item_purchase_floors":[21,21,21],"current_hp_per_floor":[54,54,36,36,36,58,39,31,31,31,53,51,48,43,75,75,75,49,75,70,70,70,70,49,75,75,61,67,67,9,12,51,0],"gold":154,"neow_bonus":"BOSS_RELIC","is_prod":false,"is_daily":false,"chose_seed":false,"campfire_upgraded":1,"win_rate":0,"timestamp":1539407680,"path_taken":["M","?","?","M","?","R","E","M","T","?","R","?","E","M","R","BOSS","M","?","M","$","?","R","M","R","T","M","?","?","E","M","R","BOSS"],"build_version":"2018-10-11","purchased_purges":0,"victory":false,"max_hp_per_floor":[75,75,75,75,75,75,75,75,75,75,75,75,75,75,75,75,75,75,75,75,75,75,75,75,75,75,75,81,81,81,81,81,81],"card_choices":[{"not_picked":["Rebound","Turbo"],"picked":"Undo","floor":1},{"not_picked":["Compile Driver","Rip and Tear"],"picked":"Barrage","floor":4},{"not_picked":["Redo","Barrage"],"picked":"White Noise","floor":7},{"not_picked":["Consume","Chill"],"picked":"Genetic Algorithm","floor":8},{"not_picked":["Leap","Undo","Beam Cell"],"picked":"SKIP","floor":10},{"not_picked":["Doom and Gloom","Fusion"],"picked":"Blizzard","floor":12},{"not_picked":["Fusion","Compile Driver","Stack"],"picked":"SKIP","floor":13},{"not_picked":["Reprogram","Multi-Cast"],"picked":"Defragment","floor":14},{"not_picked":["Rainbow","Fission"],"picked":"All For One","floor":16},{"not_picked":["Steam","Rebound"],"picked":"Gash","floor":18},{"not_picked":["Ball Lightning","Coolheaded"],"picked":"Scrape+1","floor":20},{"not_picked":["Loop","Reinforced Body","Fusion"],"picked":"SKIP","floor":24},{"not_picked":["Coolheaded","Hello World"],"picked":"Go for the Eyes+1","floor":25},{"not_picked":["FTL","Sweeping Beam"],"picked":"Coolheaded","floor":27},{"not_picked":["Leap","Doom and Gloom+1"],"picked":"Self Repair+1","floor":30},{"not_picked":["Hologram+1","Redo"],"picked":"Scrape","floor":31},{"not_picked":["Rebound+1","Redo"],"picked":"Steam+1","floor":32}],"player_experience":338217,"relics_obtained":[{"floor":7,"key":"StoneCalendar"},{"floor":9,"key":"Sundial"},{"floor":13,"key":"Regal Pillow"},{"floor":26,"key":"Darkstone Periapt"},{"floor":29,"key":"Omamori"},{"floor":30,"key":"Ancient Tea Set"}],"event_choices":[{"event_name":"Living Wall","player_choice":"Change","floor":2,"damage_taken":0},{"event_name":"Golden Idol","player_choice":"Take Damage","floor":3,"damage_taken":0},{"event_name":"World of Goop","player_choice":"Left","floor":5,"damage_taken":0},{"event_name":"Bonfire Elementals","player_choice":"UNCOMMON","floor":19,"damage_taken":0},{"event_name":"Accursed Blacksmith","player_choice":"Forge","floor":22,"damage_taken":0},{"event_name":"The Mausoleum","player_choice":"Yes","floor":28,"damage_taken":0}],"is_beta":false,"boss_relics":[{"not_picked":["Coffee Dripper","Runic Pyramid"],"picked":"Astrolabe"}],"items_purged_floors":[],"is_endless":false,"potions_floor_spawned":[1,7,8,12,16,30],"killed_by":"Collector","ascension_level":10}