{"gold_per_floor":[110,110,126,139,46,77,77,77,101,113,81,92,92,127,127,223,223,234,254,353,18,18,18,31,66,66,66,128,128,140,163,163,264,264,275,275,292,41,56,56,83,358,358,358,377,389,15,93,93,93],"floor_reached":51,"playtime":4694,"items_purged":["Regret"],"score":1026,"play_id":"5c6b82e4-a12c-4ae2-aa00-bebae995c8a8","local_time":"20181011174126","is_ascension_mode":true,"campfire_choices":[{"data":"Neutralize","floor":8,"key":"SMITH"},{"floor":13,"key":"REST"},{"data":"Skewer","floor":15,"key":"SMITH"},{"floor":23,"key":"REST"},{"data":"Prepared","floor":29,"key":"SMITH"},{"floor":32,"key":"REST"},{"floor":40,"key":"REST"},{"floor":44,"key":"REST"},{"floor":49,"key":"REST"}],"neow_cost":"","seed_source_timestamp":81946637803623,"circlet_count":0,"master_deck":["Defend_G","Defend_G","Defend_G","Defend_G","Strike_G","Strike_G","Strike_G","Strike_G","Survivor","Neutralize+1","Dagger Spray","Leg Sweep","Heel Hook","Prepared+1","Well Laid Plans","Adrenaline","Skewer+1","Flying Knee","Outmaneuver","Corpse Explosion","PiercingWail","Escape Plan+1","Backstab","Deflect+1","Skewer+1","Backstab","Distraction+1","Backflip+1","Adrenaline","Outmaneuver+1","PiercingWail+1","Skewer+1","Phantasmal Killer","Panacea","Dodge and Roll+1"],"relics":["Ring of the Snake","Smiling Mask","Orichalcum","Pen Nib","White Beast Statue","Membership Card","Gremlin Horn","Nilry\u0027s Codex","Du-Vu Doll","Bottled Lightning","Tiny Chest","Dream Catcher","Fusion Hammer","Toy Ornithopter","Thread and Needle","Bag of Marbles","Unceasing Top","Oddly Smooth Stone","Mercury Hourglass","Singing Bowl"],"potions_floor_usage":[14,24,28,33,33,41,41,45,50,50,50],"damage_taken":[{"damage":3,"enemies":"Jaw Worm","floor":1,"turns":4},{"damage":0,"enemies":"2 Louse","floor":3,"turns":2},{"damage":0,"enemies":"Cultist","floor":4,"turns":5},{"damage":17,"enemies":"3 Sentries","floor":6,"turns":10},{"damage":0,"enemies":"Looter","floor":10,"turns":5},{"damage":6,"enemies":"Exordium Thugs","floor":12,"turns":5},{"damage":5,"enemies":"Gremlin Nob","floor":14,"turns":4},{"damage":22,"enemies":"The Guardian","floor":16,"turns":9},{"damage":5,"enemies":"Spheric Guardian","floor":18,"turns":3},{"damage":0,"enemies":"3 Byrds","floor":19,"turns":3},{"damage":15,"enemies":"Centurion and Healer","floor":24,"turns":3},{"damage":7,"enemies":"Book of Stabbing","floor":25,"turns":4},{"damage":2,"enemies":"Gremlin Leader","floor":28,"turns":4},{"damage":1,"enemies":"Snecko","floor":30,"turns":4},{"damage":28,"enemies":"Champ","floor":33,"turns":13},{"damage":3,"enemies":"3 Darklings","floor":35,"turns":2},{"damage":0,"enemies":"Orb Walker","floor":37,"turns":3},{"damage":21,"enemies":"Transient","floor":39,"turns":5},{"damage":7,"enemies":"Giant Head","floor":41,"turns":7},{"damage":14,"enemies":"Spire Growth","floor":45,"turns":3},{"damage":0,"enemies":"4 Shapes","floor":46,"turns":1},{"damage":11,"enemies":"Time Eater","floor":50,"turns":5}],"seed_played":"-5224575557239648469","potions_obtained":[{"floor":3,"key":"Ancient Potion"},{"floor":6,"key":"GhostInAJar"},{"floor":7,"key":"Dexterity Potion"},{"floor":12,"key":"PowerPotion"},{"floor":18,"key":"GhostInAJar"},{"floor":19,"key":"FearPotion"},{"floor":24,"key":"Strength Potion"},{"floor":28,"key":"GhostInAJar"},{"floor":33,"key":"EssenceOfSteel"},{"floor":35,"key":"PowerPotion"},{"floor":39,"key":"FearPotion"},{"floor":41,"key":"SkillPotion"},{"floor":45,"key":"SteroidPotion"},{"floor":46,"key":"LiquidBronze"}],"is_trial":false,"path_per_floor":["M","?","M","M","$","E","?","R","T","M","?","M","R","E","R","B",null,"M","M","?","$","?","R","M","E","T","?","E","R","M","T","R","B",null,"M","?","M","$","M","R","E","?","T","R","M","M","$","T","R","B"],"character_chosen":"THE_SILENT","items_purchased":["Prepared","Well Laid Plans","Membership Card","Gremlin Horn","Backstab","Toy Ornithopter","Thread and Needle","Phantasmal Killer","Oddly Smooth Stone","Mercury Hourglass","Panacea"],"campfire_rested":6,"item_purchase_floors":[5,5,21,21,21,38,38,47,47,47,47],"current_hp_per_floor":[60,53,53,53,53,36,36,36,36,36,36,30,51,46,46,24,59,54,54,54,54,38,59,44,37,37,37,35,35,34,34,55,27,59,56,56,56,56,35,56,59,59,59,70,56,56,56,56,70,69],"gold":93,"neow_bonus":"","is_prod":false,"is_daily":false,"chose_seed":false,"campfire_upgraded":3,"win_rate":0,"timestamp":1539294086,"path_taken":["M","?","M","M","?","E","?","R","T","?","?","?","R","E","R","BOSS","M","M","?","$","?","R","M","E","T","?","E","R","M","?","R","BOSS","M","?","M","$","M","R","E","?","T","R","M","M","$","?","R","BOSS"],"build_version":"2018-10-04v2","purchased_purges":1,"victory":true,"max_hp_per_floor":[70,70,70,70,70,70,70,70,70,70,70,70,70,70,70,70,70,70,70,70,70,70,70,70,70,70,70,70,70,70,70,70,70,70,70,70,70,70,70,70,70,70,70,70,70,70,70,70,70,70],"card_choices":[{"not_picked":["Flying Knee","Backflip"],"picked":"Dagger Spray","floor":1},{"not_picked":["Concentrate","Deflect"],"picked":"Leg Sweep","floor":3},{"not_picked":["Backstab","Dagger Throw"],"picked":"Heel Hook","floor":4},{"not_picked":["Flying Knee","Dagger Throw"],"picked":"Adrenaline","floor":6},{"not_picked":["Dagger Throw","Underhanded Strike"],"picked":"Skewer","floor":10},{"not_picked":["Deadly Poison","Infinite Blades"],"picked":"Flying Knee","floor":12},{"not_picked":["Acrobatics","Leg Sweep"],"picked":"Outmaneuver","floor":14},{"not_picked":["After Image","Envenom"],"picked":"Corpse Explosion","floor":16},{"not_picked":["Dagger Throw","Deflect"],"picked":"PiercingWail","floor":18},{"not_picked":["Sucker Punch","PiercingWail"],"picked":"Escape Plan+1","floor":19},{"not_picked":["Blade Dance","Eviscerate"],"picked":"Deflect+1","floor":24},{"not_picked":["Quick Slash","Expertise+1","Riddle With Holes"],"picked":"SKIP","floor":25},{"not_picked":["Slice","Sucker Punch"],"picked":"Backstab","floor":28},{"not_picked":["All Out Attack","Dodge and Roll"],"picked":"Distraction+1","floor":30},{"not_picked":["Sucker Punch+1","Storm of Steel"],"picked":"Backflip+1","floor":32},{"not_picked":["Night Terror","Wraith Form v2"],"picked":"Adrenaline","floor":33},{"not_picked":["Eviscerate+1","Choke+1","Noxious Fumes"],"picked":"SKIP","floor":35},{"not_picked":["Quick Slash+1","Underhanded Strike"],"picked":"Outmaneuver+1","floor":37},{"not_picked":["Flying Knee","Cloak And Dagger+1"],"picked":"PiercingWail+1","floor":39},{"not_picked":["Corpse Explosion","Blade Dance+1","Expertise+1"],"picked":"SKIP","floor":41},{"not_picked":["Caltrops","PiercingWail","Bane+1"],"picked":"SKIP","floor":45},{"not_picked":["Deflect+1","PiercingWail+1"],"picked":"Skewer+1","floor":46},{"not_picked":["Acrobatics","Quick Slash"],"picked":"Dodge and Roll+1","floor":49}],"player_experience":321983,"relics_obtained":[{"floor":6,"key":"Smiling Mask"},{"floor":9,"key":"Orichalcum"},{"floor":14,"key":"Pen Nib"},{"floor":22,"key":"Nilry\u0027s Codex"},{"floor":25,"key":"Du-Vu Doll"},{"floor":26,"key":"Bottled Lightning"},{"floor":28,"key":"Tiny Chest"},{"floor":31,"key":"Dream Catcher"},{"floor":41,"key":"Bag of Marbles"},{"floor":43,"key":"Unceasing Top"},{"floor":48,"key":"Singing Bowl"}],"event_choices":[{"event_name":"Golden Wing","player_choice":"Card Removal","floor":2,"damage_taken":0},{"event_name":"The Lab","player_choice":"Got Potions","floor":7,"damage_taken":0},{"event_name":"World of Goop","player_choice":"Left","floor":11,"damage_taken":0},{"event_name":"Nest","player_choice":"Stole From Cult","floor":20,"damage_taken":0},{"event_name":"Cursed Tome","player_choice":"Obtained Book","floor":22,"damage_taken":0},{"event_name":"Duplicator","player_choice":"One dupe","floor":27,"damage_taken":0},{"event_name":"Purifier","player_choice":"One Purge","floor":36,"damage_taken":0},{"event_name":"Golden Shrine","player_choice":"Desecrate","floor":42,"damage_taken":0}],"is_beta":false,"boss_relics":[{"not_picked":["Orrery","Eternal Feather"],"picked":"White Beast Statue"},{"not_picked":["Snecko Eye","Lizard Tail"],"picked":"Fusion Hammer"}],"items_purged_floors":[47],"is_endless":false,"potions_floor_spawned":[3,6,12,18,19,24,25,28,30,33,35,37,39,41,45,46],"ascension_level":9}