{"gold_per_floor":[116,41,41,41,62,62,96,146,191,191,206,220,260,8,8,98,98,121,146,170,33,58,58,58,58,83,118,138,138,155,11,11,84,84,102,102,121,134,47,79,79,79,102,102,137,7,7,23,23,23,23,23,23,55,55],"floor_reached":56,"playtime":3293,"items_purged":["Strike_G","Defend_G","Defend_G"],"score":2165,"play_id":"0705f5a0-ac04-477c-9ba7-ccfabbd1df4c","local_time":"20190504052601","is_ascension_mode":true,"campfire_choices":[{"data":"Noxious Fumes","floor":6.0,"key":"SMITH"},{"data":"Neutralize","floor":10.0,"key":"SMITH"},{"data":"Footwork","floor":15.0,"key":"SMITH"},{"data":"Bouncing Flask","floor":23.0,"key":"SMITH"},{"data":"Dash","floor":25.0,"key":"SMITH"},{"data":"Footwork","floor":32.0,"key":"SMITH"},{"floor":41,"key":"REST"},{"floor":47,"key":"RECALL"},{"floor":49,"key":"REST"},{"floor":52,"key":"REST"}],"neow_cost":"NONE","seed_source_timestamp":2880877792859706,"circlet_count":0,"master_deck":["AscendersBane","Defend_G","Defend_G","Strike_G","Strike_G","Strike_G","Survivor","Neutralize+1","Noxious Fumes+1","Footwork+1","Bouncing Flask+1","Backflip+1","PiercingWail+1","Backflip+1","Adrenaline+1","Adrenaline+1","Dash+1","Crippling Poison+1","Cloak And Dagger+1","Backflip+1","Footwork+1","Catalyst+1","Deadly Poison+1"],"special_seed":0,"relics":["Ring of the Snake","NeowsBlessing","Bloody Idol","Matryoshka","Toxic Egg 2","Boot","Lantern","Philosopher\u0027s Stone","Regal Pillow","Bag of Preparation","Blood Vial","Fusion Hammer","WingedGreaves","Smiling Mask","Sundial"],"potions_floor_usage":[35,38,40,54,55,55],"damage_taken":[{"damage":0.0,"enemies":"2 Louse","floor":1.0,"turns":1.0},{"damage":0.0,"enemies":"Small Slimes","floor":5.0,"turns":1.0},{"damage":0.0,"enemies":"3 Sentries","floor":7.0,"turns":1.0},{"damage":0.0,"enemies":"Cultist","floor":11.0,"turns":3.0},{"damage":9.0,"enemies":"Lots of Slimes","floor":12.0,"turns":4.0},{"damage":2.0,"enemies":"Lagavulin","floor":13.0,"turns":5.0},{"damage":32.0,"enemies":"Slime Boss","floor":16.0,"turns":11.0},{"damage":1.0,"enemies":"Spheric Guardian","floor":18.0,"turns":4.0},{"damage":1.0,"enemies":"Chosen","floor":19.0,"turns":5.0},{"damage":5.0,"enemies":"Centurion and Healer","floor":20.0,"turns":7.0},{"damage":2.0,"enemies":"Snake Plant","floor":22.0,"turns":4.0},{"damage":0.0,"enemies":"Slavers","floor":27.0,"turns":4.0},{"damage":13.0,"enemies":"3 Cultists","floor":28.0,"turns":4.0},{"damage":10.0,"enemies":"Shelled Parasite and Fungi","floor":30.0,"turns":4.0},{"damage":1,"enemies":"Collector","floor":33,"turns":8},{"damage":7,"enemies":"3 Darklings","floor":35,"turns":6},{"damage":0,"enemies":"3 Shapes","floor":37,"turns":3},{"damage":2,"enemies":"Maw","floor":38,"turns":7},{"damage":25,"enemies":"Nemesis","floor":40,"turns":7},{"damage":20,"enemies":"Reptomancer","floor":45,"turns":5},{"damage":0,"enemies":"Transient","floor":48,"turns":6},{"damage":28,"enemies":"Donu and Deca","floor":50,"turns":9},{"damage":0,"enemies":"Shield and Spear","floor":54,"turns":8},{"damage":19,"enemies":"The Heart","floor":55,"turns":9}],"seed_played":"9092548178735594453","potions_obtained":[{"floor":5.0,"key":"SkillPotion"},{"floor":7.0,"key":"Fire Potion"},{"floor":20.0,"key":"SneckoOil"},{"floor":28.0,"key":"SkillPotion"},{"floor":37,"key":"SkillPotion"},{"floor":38,"key":"GamblersBrew"},{"floor":48,"key":"SpeedPotion"},{"floor":54,"key":"GamblersBrew"}],"is_trial":false,"path_per_floor":["M","$","?","?","M","R","E","?","T","R","M","M","E","$","R","B",null,"M","M","M","$","M","R","?","R","T","E","M","?","M","$","R","B",null,"M","?","M","M","$","E","R","?","T","?","E","$","R","M","R","B",null,"R","$","E","B",null],"character_chosen":"THE_SILENT","items_purchased":["Noxious Fumes","Adrenaline+1","Crippling Poison+1","Cloak And Dagger+1","Footwork","Catalyst+1","GhostInAJar"],"campfire_rested":3,"item_purchase_floors":[2,14,21,21,31,39,46],"current_hp_per_floor":[59,59,59,64,64,64,64,64,64,64,64,55,53,53,53,21,54,53,52,47,47,45,45,45,45,50,55,49,49,46,46,46,52,62,62,62,65,65,65,45,65,62,62,53,40,40,40,47,62,34,55,62,62,62,43],"gold":55,"neow_bonus":"THREE_ENEMY_KILL","is_prod":false,"is_daily":false,"chose_seed":false,"campfire_upgraded":6,"win_rate":0,"timestamp":1556965561,"path_taken":["M","$","?","?","M","R","E","?","T","R","M","?","E","$","R","BOSS","M","?","?","$","M","R","?","R","T","E","M","?","?","?","R","BOSS","M","?","?","?","?","E","R","?","T","?","E","$","R","?","R","BOSS","R","$","E","BOSS"],"build_version":"2019-01-23","purchased_purges":3,"victory":true,"max_hp_per_floor":[66,66,60,65,65,65,65,65,65,65,65,65,65,65,65,65,65,65,65,65,65,65,65,65,65,65,65,65,65,65,65,65,65,65,65,65,65,65,65,65,65,62,62,62,62,62,62,62,62,62,62,62,62,62,62],"card_choices":[{"not_picked":["Slice","Sucker Punch","Well Laid Plans"],"picked":"SKIP","floor":1.0},{"not_picked":["Infinite Blades","Eviscerate"],"picked":"Footwork","floor":5.0},{"not_picked":["PiercingWail","Setup"],"picked":"Bouncing Flask","floor":7.0},{"not_picked":["Dodge and Roll+1","Dagger Throw"],"picked":"Backflip+1","floor":11.0},{"not_picked":["Prepared+1","Bane"],"picked":"PiercingWail+1","floor":12.0},{"not_picked":["Concentrate+1","Prepared+1"],"picked":"Backflip+1","floor":13.0},{"not_picked":["Storm of Steel+1","Grand Finale"],"picked":"Adrenaline+1","floor":16.0},{"not_picked":["Sucker Punch","Bane","Outmaneuver+1"],"picked":"SKIP","floor":18.0},{"not_picked":["Skewer","Outmaneuver+1"],"picked":"Dash","floor":19.0},{"not_picked":["Terror+1","Unload","Dodge and Roll+1"],"picked":"SKIP","floor":20.0},{"not_picked":["Blade Dance+1","Slice","Backstab"],"picked":"SKIP","floor":22.0},{"not_picked":["Heel Hook","Slice+1","Reflex+1"],"picked":"SKIP","floor":27.0},{"not_picked":["Sucker Punch","Blade Dance+1","Dash"],"picked":"SKIP","floor":28.0},{"not_picked":["Calculated Gamble+1","Cloak And Dagger+1"],"picked":"Backflip+1","floor":30.0},{"not_picked":["Slice","Heel Hook","All Out Attack"],"picked":"SKIP","floor":35},{"not_picked":["Skewer","Slice+1","Outmaneuver+1"],"picked":"SKIP","floor":37},{"not_picked":["Flechettes+1","Skewer","Bane+1"],"picked":"SKIP","floor":38},{"not_picked":["Concentrate+1","Cloak And Dagger+1"],"picked":"Deadly Poison+1","floor":40},{"not_picked":["Endless Agony","Flying Knee","Setup+1"],"picked":"SKIP","floor":45},{"not_picked":["Setup+1","Sucker Punch+1","Dagger Spray"],"picked":"SKIP","floor":48},{"not_picked":["Die Die Die","Endless Agony","Tactician+1"],"picked":"SKIP","floor":54}],"player_experience":674548,"relics_obtained":[{"floor":7.0,"key":"Matryoshka"},{"floor":9.0,"key":"Toxic Egg 2"},{"floor":9.0,"key":"Boot"},{"floor":13.0,"key":"Lantern"},{"floor":26.0,"key":"Regal Pillow"},{"floor":26.0,"key":"Bag of Preparation"},{"floor":27.0,"key":"Blood Vial"},{"floor":40,"key":"WingedGreaves"},{"floor":45,"key":"Smiling Mask"},{"floor":54,"key":"Sundial"}],"event_choices":[{"damage_healed":0.0,"max_hp_gain":0.0,"max_hp_loss":6.0,"gold_gain":0.0,"event_name":"Golden Idol","player_choice":"Lose Max HP","floor":3.0,"gold_loss":0.0,"damage_taken":0.0,"relics_obtained":["Golden Idol"]},{"damage_healed":0.0,"max_hp_gain":5.0,"max_hp_loss":0.0,"gold_gain":0.0,"event_name":"Big Fish","player_choice":"Donut","floor":4.0,"gold_loss":0.0,"damage_taken":0.0},{"damage_healed":0.0,"max_hp_gain":0.0,"max_hp_loss":0.0,"gold_gain":50.0,"event_name":"Golden Shrine","player_choice":"Pray","floor":8.0,"gold_loss":0.0,"damage_taken":0.0},{"damage_healed":0.0,"max_hp_gain":0.0,"max_hp_loss":0.0,"gold_gain":0.0,"event_name":"Forgotten Altar","player_choice":"Gave Idol","floor":24.0,"relics_lost":["Golden Idol"],"gold_loss":0.0,"damage_taken":0.0,"relics_obtained":["Bloody Idol"]},{"cards_removed":["Defend_G"],"damage_healed":0.0,"max_hp_gain":0.0,"max_hp_loss":0.0,"gold_gain":0.0,"event_name":"Bonfire Elementals","player_choice":"Offered Basic","floor":29.0,"gold_loss":0.0,"damage_taken":0.0},{"cards_removed":["Strike_G"],"damage_healed":0,"gold_gain":0,"player_choice":"Purged","damage_taken":0,"max_hp_gain":0,"max_hp_loss":0,"event_name":"Purifier","floor":36,"gold_loss":0},{"damage_healed":0,"gold_gain":0,"player_choice":"Max HP","damage_taken":0,"max_hp_gain":0,"max_hp_loss":3,"event_name":"Winding Halls","floor":42,"gold_loss":0},{"damage_healed":0,"gold_gain":0,"player_choice":"Damaged","damage_taken":9,"max_hp_gain":0,"max_hp_loss":0,"event_name":"Wheel of Change","floor":44,"gold_loss":0}],"is_beta":false,"boss_relics":[{"not_picked":["WristBlade","Tiny House"],"picked":"Philosopher\u0027s Stone"},{"not_picked":["Empty Cage","Busted Crown"],"picked":"Fusion Hammer"}],"items_purged_floors":[14,31,46],"is_endless":false,"potions_floor_spawned":[5,7,11,20,28,37,38,48,54],"ascension_level":17}