{"gold_per_floor":[109,125,5,5,21,33,33,51,51,64,64,80,80,80,80,201,201,224,255,270,193,211,211,211,26,53,53,8,27,42,82,82,82],"floor_reached":33,"playtime":1819,"items_purged":["Writhe"],"score":259,"play_id":"d5f47d50-bce9-4b61-beb0-5b00ae7afd6b","local_time":"20180705172730","is_ascension_mode":false,"campfire_choices":[{"floor":11,"key":"REST"},{"data":"Hyperbeam","floor":13,"key":"SMITH"},{"data":"Conserve Battery","floor":15,"key":"SMITH"},{"floor":23,"key":"REST"},{"data":"Storm","floor":27,"key":"SMITH"},{"floor":32,"key":"REST"}],"neow_cost":"NONE","seed_source_timestamp":113019372260753,"circlet_count":0,"master_deck":["Strike_B","Strike_B","Strike_B","Defend_B","Defend_B","Defend_B","Defend_B","Zap","Dualcast","Rebound","Conserve Battery+1","Hyperbeam+1","Ball Lightning","Steam","Cold Snap","Hologram","Beam Cell","Rip and Tear","Ball Lightning","Machine Learning","Glacier+1","Conserve Battery","Compile Driver","J.A.X.","Streamline+1","Storm+1","Chaos","Compile Driver","Hello World","Conserve Battery+1","Thunder Strike"],"relics":["Cracked Core","Golden Idol","Kunai","Question Card","Nuclear Battery","Red Mask","Mummified Hand","Regal Pillow","Letter Opener"],"potions_floor_usage":[16,16,19,19,31,33],"damage_taken":[{"damage":1,"enemies":"Jaw Worm","floor":1,"turns":4},{"damage":12,"enemies":"Small Slimes","floor":2,"turns":3},{"damage":0,"enemies":"2 Louse","floor":5,"turns":1},{"damage":7,"enemies":"Exordium Thugs","floor":6,"turns":3},{"damage":0,"enemies":"Red Slaver","floor":8,"turns":2},{"damage":6,"enemies":"Blue Slaver","floor":10,"turns":2},{"damage":4,"enemies":"2 Fungi Beasts","floor":12,"turns":3},{"damage":21,"enemies":"The Guardian","floor":16,"turns":9},{"damage":0,"enemies":"Spheric Guardian","floor":18,"turns":3},{"damage":4,"floor":19,"turns":3},{"damage":5,"enemies":"3 Byrds","floor":20,"turns":5},{"damage":12,"enemies":"3 Cultists","floor":22,"turns":4},{"damage":1,"enemies":"Cultist and Chosen","floor":29,"turns":3},{"damage":16,"enemies":"Snecko","floor":30,"turns":4},{"damage":28,"enemies":"Gremlin Leader","floor":31,"turns":7},{"damage":61,"enemies":"Collector","floor":33,"turns":6}],"seed_played":"8068180010479847492","potions_obtained":[{"floor":10,"key":"Fire Potion"},{"floor":16,"key":"SkillPotion"},{"floor":22,"key":"FocusPotion"},{"floor":29,"key":"Block Potion"}],"is_trial":false,"path_per_floor":["M","M","$","?","M","M","?","M","T","M","R","M","R","T","R","B",null,"M","?","M","?","M","R","?","$","T","R","$","M","M","E","R"],"character_chosen":"DEFECT","items_purchased":["Hyperbeam","Ball Lightning","Storm","Chaos","Compile Driver"],"campfire_rested":3,"item_purchase_floors":[3,3,25,25,28],"current_hp_per_floor":[74,62,62,62,62,55,55,55,55,49,69,65,65,65,65,44,69,69,65,60,60,48,68,68,68,68,68,68,67,51,23,58,0],"gold":82,"neow_bonus":"THREE_SMALL_POTIONS","is_prod":false,"is_daily":false,"chose_seed":false,"campfire_upgraded":3,"win_rate":0,"timestamp":1530804450,"path_taken":["M","M","$","?","M","M","?","M","T","M","R","M","R","?","R","BOSS","M","?","M","?","M","R","?","$","T","R","?","M","?","E","R","BOSS"],"build_version":"2018-06-28","purchased_purges":1,"victory":false,"max_hp_per_floor":[75,75,75,75,75,75,69,69,69,69,69,69,69,69,69,69,69,69,69,69,69,69,69,69,69,69,69,69,69,69,69,69,69],"card_choices":[{"not_picked":["Coolheaded","Sweeping Beam"],"picked":"Rebound","floor":1},{"not_picked":["Hologram","Recycle"],"picked":"Conserve Battery","floor":2},{"not_picked":["Leap","Double Energy"],"picked":"Cold Snap","floor":5},{"not_picked":["Compile Driver","Conserve Battery"],"picked":"Hologram","floor":6},{"not_picked":["Hologram","Reboot"],"picked":"Beam Cell","floor":8},{"not_picked":["Redo","Rebound"],"picked":"Rip and Tear","floor":10},{"not_picked":["Stack","Turbo"],"picked":"Ball Lightning","floor":12},{"not_picked":["Hyperbeam","Buffer","Thunder Strike"],"picked":"Machine Learning","floor":16},{"not_picked":["Force Field+1","Genetic Algorithm","Leap+1"],"picked":"Glacier+1","floor":18},{"not_picked":["Leap","Consume","Turbo"],"picked":"Conserve Battery","floor":19},{"not_picked":["Gash","Hologram","Coolheaded"],"picked":"Compile Driver","floor":20},{"not_picked":["Loop","Chill","Turbo"],"picked":"Streamline+1","floor":22},{"not_picked":["Go for the Eyes","Chill","Turbo+1"],"picked":"Hello World","floor":29},{"not_picked":["Leap","Stack+1","Streamline"],"picked":"Conserve Battery+1","floor":30},{"not_picked":["FTL+1","Hello World+1","Coolheaded+1"],"picked":"Thunder Strike","floor":31}],"player_experience":49016,"relics_obtained":[{"floor":9,"key":"Kunai"},{"floor":14,"key":"Question Card"},{"floor":19,"key":"Red Mask"},{"floor":26,"key":"Regal Pillow"},{"floor":31,"key":"Letter Opener"}],"event_choices":[{"event_name":"Living Wall","player_choice":"Change","floor":4,"damage_taken":0},{"event_name":"Golden Idol","player_choice":"Lose Max HP","floor":7,"damage_taken":0},{"event_name":"Masked Bandits","player_choice":"Fought over 224 gold","floor":19,"damage_taken":0},{"event_name":"Drug Dealer","player_choice":"Got JAXXED","floor":21,"damage_taken":0},{"event_name":"The Mausoleum","player_choice":"Yes","floor":24,"damage_taken":0}],"boss_relics":[{"not_picked":["Ectoplasm","Fusion Hammer"],"picked":"Nuclear Battery"}],"items_purged_floors":[25],"is_endless":false,"potions_floor_spawned":[2,6,10,16,22,29],"killed_by":"Collector","ascension_level":0}