{"gold_per_floor":[112,129,54,54,72,85,69,69,69,101,101,130,19,35,35,131,131,147,147,42,61,21,35,35,60,60,90,120,120,20,20,20,116,116,127,58,68,88,88,88,119,119,119,37,37,47,47,66,66,66],"floor_reached":51,"playtime":11492,"items_purged":["Defend_R","Shame"],"score":1110,"play_id":"63674ff7-3c34-4ca2-84c4-af1026f1aff3","local_time":"20190102202038","is_ascension_mode":true,"campfire_choices":[{"data":"Clothesline","floor":8.0,"key":"SMITH"},{"floor":15.0,"key":"REST"},{"floor":29.0,"key":"REST"},{"data":"Immolate","floor":32.0,"key":"SMITH"},{"floor":40,"key":"REST"},{"floor":45,"key":"REST"},{"floor":49,"key":"REST"}],"neow_cost":"","seed_source_timestamp":0,"circlet_count":0,"master_deck":["AscendersBane","Strike_R+1","Strike_R","Strike_R+1","Strike_R","Strike_R","Defend_R","Defend_R","Bash","True Grit","Disarm+1","Clothesline+1","Shrug It Off","Cleave","Headbutt","Sword Boomerang","Power Through","Brutality","Immolate+1","Havoc+1","Corruption","Shockwave","Spot Weakness","Feel No Pain+1","Wild Strike+1","Shrug It Off+1","Dark Embrace","Warcry","Spot Weakness","Warcry+1","True Grit+1","Discovery","Shrug It Off+1","Ghostly Armor","Battle Trance+1","Madness","Madness","Evolve"],"special_seed":0,"relics":["Burning Blood","Matryoshka","Red Skull","Thread and Needle","Sozu","PreservedInsect","Bag of Marbles","Boot","Pen Nib","Centennial Puzzle","Ancient Tea Set","Whetstone","Red Mask","Fusion Hammer","Letter Opener","Kunai"],"potions_floor_usage":[],"damage_taken":[{"damage":11.0,"enemies":"2 Louse","floor":1.0,"turns":4.0},{"damage":15.0,"enemies":"Cultist","floor":2.0,"turns":5.0},{"damage":14.0,"enemies":"Jaw Worm","floor":5.0,"turns":5.0},{"damage":21.0,"enemies":"Red Slaver","floor":6.0,"turns":4.0},{"damage":9.0,"enemies":"Exordium Thugs","floor":7.0,"turns":4.0},{"damage":21.0,"enemies":"Gremlin Nob","floor":10.0,"turns":5.0},{"damage":22.0,"enemies":"3 Sentries","floor":12.0,"turns":6.0},{"damage":4.0,"enemies":"Blue Slaver","floor":14.0,"turns":2.0},{"damage":12.0,"enemies":"The Guardian","floor":16.0,"turns":13.0},{"damage":3.0,"enemies":"Shell Parasite","floor":18.0,"turns":6.0},{"damage":30.0,"enemies":"2 Thieves","floor":21.0,"turns":4.0},{"damage":6.0,"enemies":"Centurion and Healer","floor":23.0,"turns":4.0},{"damage":18.0,"enemies":"Slavers","floor":25.0,"turns":4.0},{"damage":20.0,"enemies":"Gremlin Leader","floor":27.0,"turns":4.0},{"damage":0.0,"enemies":"Masked Bandits","floor":28.0,"turns":2.0},{"damage":31.0,"enemies":"Automaton","floor":33.0,"turns":7.0},{"damage":3.0,"enemies":"Orb Walker","floor":35.0,"turns":2.0},{"damage":4.0,"enemies":"3 Shapes","floor":37.0,"turns":2.0},{"damage":2.0,"enemies":"Transient","floor":38.0,"turns":5.0},{"damage":5,"enemies":"Nemesis","floor":41,"turns":5},{"damage":0,"enemies":"Maw","floor":46,"turns":6},{"damage":0,"enemies":"Sphere and 2 Shapes","floor":48,"turns":1},{"damage":65,"enemies":"Time Eater","floor":50,"turns":12}],"seed_played":"2769519861655081918","potions_obtained":[{"floor":5.0,"key":"EssenceOfSteel"},{"floor":6.0,"key":"Energy Potion"},{"floor":7.0,"key":"BloodPotion"},{"floor":10.0,"key":"SteroidPotion"},{"floor":14.0,"key":"SteroidPotion"}],"is_trial":true,"path_per_floor":["M","M","$","?","M","M","M","R","T","E","?","E","$","M","R","B",null,"M","T","$","M","$","M","?","E","T","E","?","R","$","?","R","B",null,"M","$","M","M","?","R","E","?","T","$","R","M","?","M","R","B",null],"character_chosen":"IRONCLAD","items_purchased":["Power Through","Regen Potion","Corruption","Shockwave","Spot Weakness","Spot Weakness","Ghostly Armor"],"campfire_rested":5,"item_purchase_floors":[13,13,20,20,22,36,44],"current_hp_per_floor":[67,58,58,58,50,35,32,32,32,25,25,9,9,16,40,34,69,72,72,72,48,48,48,48,36,36,22,28,52,52,52,52,27,67,70,70,72,76,76,80,80,80,80,80,80,80,70,76,80,21],"gold":66,"neow_bonus":"","is_prod":false,"is_daily":false,"chose_seed":true,"campfire_upgraded":2,"win_rate":0,"timestamp":1546478438,"path_taken":["M","M","$","?","?","M","M","R","T","E","?","E","$","M","R","BOSS","M","?","$","M","?","M","?","E","T","E","?","R","$","?","R","BOSS","M","$","M","M","?","R","E","?","T","$","R","M","?","M","R","BOSS"],"build_version":"2018-12-20","purchased_purges":2,"victory":true,"max_hp_per_floor":[80,80,80,80,80,80,80,80,80,80,80,80,80,80,80,80,80,80,80,80,80,80,80,80,80,80,80,80,80,80,80,80,80,80,80,80,80,80,80,80,80,80,80,80,80,80,80,80,80,80],"card_choices":[{"not_picked":["Shrug It Off","Thunderclap"],"picked":"True Grit","floor":1.0},{"not_picked":["Sever Soul","Iron Wave"],"picked":"Disarm","floor":2.0},{"not_picked":["Heavy Blade","Iron Wave"],"picked":"Clothesline","floor":5.0},{"not_picked":["Rage","Pummel"],"picked":"Shrug It Off","floor":6.0},{"not_picked":["Sword Boomerang","Burning Pact"],"picked":"Cleave","floor":7.0},{"not_picked":["Heavy Blade","Reckless Charge"],"picked":"Headbutt","floor":10.0},{"not_picked":["Heavy Blade","Iron Wave"],"picked":"Sword Boomerang","floor":12.0},{"not_picked":["Twin Strike","Pummel"],"picked":"Brutality","floor":14.0},{"not_picked":["Impervious","Bludgeon"],"picked":"Immolate","floor":16.0},{"not_picked":["Carnage","Headbutt"],"picked":"Havoc+1","floor":18.0},{"not_picked":["Rampage","Twin Strike","Armaments"],"picked":"SKIP","floor":21.0},{"not_picked":["Intimidate","Body Slam"],"picked":"Feel No Pain+1","floor":23.0},{"not_picked":["Iron Wave","Feed"],"picked":"Wild Strike+1","floor":25.0},{"not_picked":["Twin Strike","Entrench+1","Uppercut"],"picked":"SKIP","floor":27.0},{"not_picked":["Entrench","Pommel Strike"],"picked":"Shrug It Off+1","floor":28.0},{"not_picked":["Barricade","Impervious"],"picked":"Dark Embrace","floor":33.0},{"not_picked":["Pommel Strike+1","Clash+1"],"picked":"Warcry","floor":35.0},{"not_picked":["Brutality","Combust"],"picked":"Warcry+1","floor":37.0},{"not_picked":["Perfected Strike+1","Pommel Strike"],"picked":"True Grit+1","floor":38.0},{"not_picked":["Transmutation","Good Instincts"],"picked":"Discovery","floor":39},{"not_picked":["Wild Strike","Anger"],"picked":"Shrug It Off+1","floor":41},{"not_picked":["Infernal Blade","Reaper"],"picked":"Battle Trance+1","floor":46},{"not_picked":["Fire Breathing","Flex"],"picked":"Evolve","floor":48}],"player_experience":489091,"relics_obtained":[{"floor":9.0,"key":"Matryoshka"},{"floor":10.0,"key":"Red Skull"},{"floor":12.0,"key":"Thread and Needle"},{"floor":19.0,"key":"PreservedInsect"},{"floor":19.0,"key":"Bag of Marbles"},{"floor":25.0,"key":"Pen Nib"},{"floor":26.0,"key":"Centennial Puzzle"},{"floor":26.0,"key":"Ancient Tea Set"},{"floor":27.0,"key":"Whetstone"},{"floor":28.0,"key":"Red Mask"},{"floor":41,"key":"Letter Opener"},{"floor":43,"key":"Kunai"}],"event_choices":[{"damage_healed":0.0,"max_hp_gain":0.0,"max_hp_loss":0.0,"gold_gain":0.0,"event_name":"Purifier","player_choice":"Ignored","floor":4.0,"gold_loss":0.0,"damage_taken":0.0},{"damage_healed":0.0,"max_hp_gain":0.0,"max_hp_loss":0.0,"gold_gain":0.0,"event_name":"Accursed Blacksmith","player_choice":"Forge","floor":11.0,"gold_loss":0.0,"damage_taken":0.0,"cards_upgraded":["Disarm"]},{"damage_healed":0.0,"max_hp_gain":0.0,"max_hp_loss":0.0,"gold_gain":0.0,"event_name":"Addict","player_choice":"Stole Relic","floor":24.0,"gold_loss":0.0,"damage_taken":0.0,"relics_obtained":["Boot"],"cards_obtained":["Shame"]},{"damage_healed":0.0,"max_hp_gain":0.0,"max_hp_loss":0.0,"gold_gain":0.0,"event_name":"Masked Bandits","player_choice":"Fought Bandits","floor":28.0,"gold_loss":0.0,"damage_taken":0.0},{"damage_healed":0.0,"max_hp_gain":0.0,"max_hp_loss":0.0,"gold_gain":0.0,"event_name":"Ghosts","player_choice":"Ignored","floor":31.0,"gold_loss":0.0,"damage_taken":0.0},{"damage_healed":0,"gold_gain":0,"player_choice":"Memory 1","damage_taken":0,"max_hp_gain":0,"max_hp_loss":0,"event_name":"SensoryStone","floor":39,"gold_loss":0},{"cards_removed":["Defend_R"],"damage_healed":0,"gold_gain":0,"player_choice":"Removed Skill","damage_taken":0,"max_hp_gain":0,"max_hp_loss":0,"event_name":"Falling","floor":42,"gold_loss":0},{"damage_healed":0,"gold_gain":0,"player_choice":"Embrace Madness","damage_taken":10,"max_hp_gain":0,"max_hp_loss":0,"event_name":"Winding Halls","floor":47,"gold_loss":0,"cards_obtained":["Madness","Madness"]}],"is_beta":false,"boss_relics":[{"not_picked":["Cursed Key","Lizard Tail"],"picked":"Sozu"},{"not_picked":["Philosopher\u0027s Stone","White Beast Statue"],"picked":"Fusion Hammer"}],"items_purged_floors":[3,30],"is_endless":false,"potions_floor_spawned":[5,6,7,10,14,25,28,37,41,46,48],"ascension_level":10}