{"gold_per_floor":[114,129,204,304,319,349,349,379,379,394,394,394,394,409,409,509,509,524,539,464,464,87,102,117,147,222,222,222,252,267,282,282,382,382,397,397,433,433,448,778,225,225,225,225,255,270,270,270,270,270],"floor_reached":51,"playtime":4576,"items_purged":[],"score":828,"play_id":"b1f24aef-e9b4-490c-8c7e-79bfe6eada32","local_time":"20180708190517","daily_mods":["Insanity","Time Dilation","Binary"],"is_ascension_mode":false,"campfire_choices":[{"floor":7.0,"key":"REST"},{"data":"Dualcast","floor":12.0,"key":"SMITH"},{"data":"Sunder","floor":15.0,"key":"SMITH"},{"floor":27.0,"key":"REST"},{"floor":32.0,"key":"REST"},{"floor":44,"key":"REST"},{"floor":47,"key":"REST"},{"floor":49,"key":"REST"}],"neow_cost":"","seed_source_timestamp":0,"circlet_count":0,"master_deck":["Zap","Echo Form","Skim","Force Field","Hologram","Compile Driver","Force Field","Conserve Battery","Sunder+1","All For One","Ball Lightning","Steam Power","FTL","Rainbow","Seek","Glacier","Defragment","White Noise","Auto Shields","Buffer","Darkness","Reprogram","BootSequence","Chaos","Rainbow","Rip and Tear","Turbo","Leap","Dualcast+1","Defragment","Beam Cell","Turbo","Echo Form","Self Repair","Lockon","Hyperbeam","Consume","Defragment","Amplify","Rebound","Force Field","Hologram","Fusion","Storm","White Noise","Fusion","Consume","Streamline","Ball Lightning","Turbo","Electrodynamics","Cold Snap","Chaos","Loop","Electrodynamics","Sweeping Beam","Redo","Recycle","Rip and Tear+1","Redo+1","Static Discharge+1","Buffer+1","Recycle+1","Steam Power","Go for the Eyes","Reboot","Buffer","Doom and Gloom","Redo","Turbo+1","Chill","Steam+1","Stack","Panacea","Self Repair","Madness","Madness"],"special_seed":17720,"relics":["Cracked Core","Blue Candle","Oddly Smooth Stone","Letter Opener","Inserter","Prayer Wheel","Happy Flower","Gremlin Horn","Omamori","Fusion Hammer","Gambling Chip","Old Coin","Mummified Hand","Singing Bowl","Regal Pillow","Potion Belt"],"potions_floor_usage":[37,50],"damage_taken":[{"damage":0.0,"enemies":"2 Louse","floor":1.0,"turns":2.0},{"damage":0.0,"enemies":"Cultist","floor":2.0,"turns":3.0},{"damage":0.0,"enemies":"Small Slimes","floor":5.0,"turns":2.0},{"damage":24.0,"enemies":"Lagavulin","floor":6.0,"turns":5.0},{"damage":0.0,"enemies":"Gremlin Nob","floor":8.0,"turns":4.0},{"damage":0.0,"enemies":"Looter","floor":10.0,"turns":3.0},{"damage":0.0,"enemies":"Gremlin Gang","floor":14.0,"turns":3.0},{"damage":15.0,"enemies":"Slime Boss","floor":16.0,"turns":6.0},{"damage":19.0,"enemies":"2 Thieves","floor":18.0,"turns":5.0},{"damage":0.0,"enemies":"Chosen","floor":19.0,"turns":5.0},{"damage":19.0,"enemies":"Slaver and Parasite","floor":23.0,"turns":5.0},{"damage":26.0,"enemies":"Sentry and Sphere","floor":24.0,"turns":4.0},{"damage":10.0,"enemies":"Gremlin Leader","floor":25.0,"turns":6.0},{"damage":5.0,"enemies":"Slavers","floor":29.0,"turns":7.0},{"damage":21.0,"enemies":"Centurion and Healer","floor":30.0,"turns":5.0},{"damage":0.0,"enemies":"3 Cultists","floor":31.0,"turns":4.0},{"damage":52.0,"enemies":"Champ","floor":33.0,"turns":8.0},{"damage":0,"enemies":"3 Darklings","floor":35,"turns":3},{"damage":15,"floor":37,"turns":3},{"damage":0,"enemies":"Orb Walker","floor":39,"turns":3},{"damage":24,"enemies":"Nemesis","floor":40,"turns":7},{"damage":72,"enemies":"2 Orb Walkers","floor":45,"turns":4},{"damage":0,"enemies":"4 Shapes","floor":46,"turns":2},{"damage":16,"enemies":"Time Eater","floor":50,"turns":10}],"seed_played":"5952392564398475268","potions_obtained":[{"floor":2.0,"key":"LiquidBronze"},{"floor":5.0,"key":"Weak Potion"},{"floor":6.0,"key":"FocusPotion"},{"floor":10.0,"key":"EssenceOfSteel"},{"floor":14.0,"key":"SkillPotion"},{"floor":19.0,"key":"SkillPotion"},{"floor":25.0,"key":"Block Potion"},{"floor":30.0,"key":"Poison Potion"},{"floor":35,"key":"PowerPotion"},{"floor":39,"key":"SpeedPotion"},{"floor":45,"key":"Poison Potion"}],"is_trial":false,"path_per_floor":["M","M","?","?","M","E","R","E","T","M","?","R","?","M","R","B",null,"M","M","?","?","$","M","M","E","T","R","?","E","M","M","R","B",null,"M","?","?","?","M","E","$","?","T","R","E","M","R","?","R","B"],"character_chosen":"DEFECT","items_purchased":["Recycle","Prayer Wheel","Mummified Hand","Stack","Singing Bowl","Panacea"],"campfire_rested":6,"item_purchase_floors":[22,22,41,41,41,41],"current_hp_per_floor":[75,75,64,64,64,47,69,75,75,75,75,75,75,75,75,67,75,56,63,63,63,63,51,25,15,15,37,62,57,43,43,65,20,75,75,75,60,60,60,43,43,43,43,75,5,7,45,35,73,78],"gold":270,"neow_bonus":"","is_prod":false,"is_daily":true,"chose_seed":false,"campfire_upgraded":2,"win_rate":0,"timestamp":1531091117,"path_taken":["M","M","?","?","?","E","R","E","T","M","?","R","?","M","R","BOSS","M","M","?","?","$","M","M","E","T","R","?","E","M","M","R","BOSS","M","?","?","?","M","E","$","?","T","R","E","M","R","?","R","BOSS"],"build_version":"2018-07-05","purchased_purges":0,"victory":true,"max_hp_per_floor":[75,75,75,75,75,75,75,75,75,75,75,75,75,75,75,75,75,75,75,75,75,75,75,75,75,75,75,75,75,75,75,75,75,75,75,75,75,75,75,75,75,75,75,75,77,79,79,79,79,79],"card_choices":[{"not_picked":["Gash"],"picked":"Streamline","floor":1.0},{"not_picked":["Chaos"],"picked":"Ball Lightning","floor":2.0},{"not_picked":["Auto Shields"],"picked":"Turbo","floor":5.0},{"not_picked":["Redo"],"picked":"Electrodynamics","floor":6.0},{"not_picked":["Conserve Battery"],"picked":"Cold Snap","floor":8.0},{"not_picked":["Beam Cell"],"picked":"Chaos","floor":10.0},{"not_picked":["Gash"],"picked":"Loop","floor":14.0},{"not_picked":["Biased Cognition"],"picked":"Electrodynamics","floor":16.0},{"not_picked":["Ball Lightning"],"picked":"Sweeping Beam","floor":18.0},{"not_picked":["Coolheaded+1"],"picked":"Redo","floor":19.0},{"not_picked":["Sweeping Beam"],"picked":"Rip and Tear+1","floor":23.0},{"not_picked":["Compile Driver"],"picked":"Redo+1","floor":23.0},{"not_picked":["Lockon"],"picked":"Static Discharge+1","floor":24.0},{"not_picked":["Turbo"],"picked":"Buffer","floor":24.0},{"not_picked":["Auto Shields"],"picked":"Recycle+1","floor":25.0},{"not_picked":["Stack+1"],"picked":"Steam Power","floor":29.0},{"not_picked":["Glacier"],"picked":"Go for the Eyes","floor":30.0},{"not_picked":["Go for the Eyes","Gash+1"],"picked":"SKIP","floor":30.0},{"not_picked":["Tempest"],"picked":"Reboot","floor":31.0},{"not_picked":["Turbo","Coolheaded"],"picked":"SKIP","floor":31.0},{"not_picked":["Core Surge"],"picked":"Buffer","floor":33.0},{"not_picked":["Barrage+1"],"picked":"Doom and Gloom","floor":35},{"not_picked":["Genetic Algorithm+1"],"picked":"Redo","floor":35},{"not_picked":["Barrage"],"picked":"Turbo+1","floor":37},{"not_picked":["Leap"],"picked":"Chill","floor":39},{"not_picked":["Redo","Leap"],"picked":"SKIP","floor":39},{"not_picked":["Leap"],"picked":"Steam+1","floor":40},{"not_picked":["Streamline+1","Fission"],"picked":"Singing Bowl","floor":45},{"not_picked":["Rip and Tear","Ball Lightning"],"picked":"Singing Bowl","floor":46},{"not_picked":["Leap"],"picked":"Self Repair","floor":46}],"player_experience":29834,"relics_obtained":[{"floor":6.0,"key":"Blue Candle"},{"floor":8.0,"key":"Oddly Smooth Stone"},{"floor":9.0,"key":"Letter Opener"},{"floor":25.0,"key":"Happy Flower"},{"floor":26.0,"key":"Gremlin Horn"},{"floor":29.0,"key":"Omamori"},{"floor":37,"key":"Gambling Chip"},{"floor":40,"key":"Old Coin"},{"floor":43,"key":"Regal Pillow"},{"floor":45,"key":"Potion Belt"}],"event_choices":[{"event_name":"World of Goop","player_choice":"Gather Gold","floor":3.0,"damage_taken":0.0},{"event_name":"Golden Shrine","player_choice":"Pray","floor":4.0,"damage_taken":0.0},{"event_name":"Wheel of Change","player_choice":"Full Heal","floor":11.0,"damage_taken":0.0},{"event_name":"Living Wall","player_choice":"Forget","floor":13.0,"damage_taken":0.0},{"event_name":"Beggar","player_choice":"Gave Gold","floor":20.0,"damage_taken":0.0},{"event_name":"Back to Basics","player_choice":"Elegance","floor":21.0,"damage_taken":0.0},{"event_name":"The Library","player_choice":"Heal","floor":28.0,"damage_taken":0.0},{"event_name":"Tomb of Lord Red Mask","player_choice":"Ignored","floor":36,"damage_taken":0},{"event_name":"Mysterious Sphere","player_choice":"Fight","floor":37,"damage_taken":0},{"event_name":"Upgrade Shrine","player_choice":"Upgraded","floor":38,"damage_taken":0},{"event_name":"SecretPortal","player_choice":"Rejected Portal.","floor":42,"damage_taken":0},{"event_name":"Winding Halls","player_choice":"Embrace Madness","floor":48,"damage_taken":0}],"boss_relics":[{"not_picked":["Tiny House","Runic Dome"],"picked":"Inserter"},{"not_picked":["White Beast Statue","Coffee Dripper"],"picked":"Fusion Hammer"}],"items_purged_floors":[],"is_endless":false,"potions_floor_spawned":[2,5,6,10,14,19,25,30,35,39,45],"ascension_level":0}