{"path_per_floor":["M","$","M","M","M","E","R","E","T","?","M","R","M","E","R","B",null,"M","M","$","M","M","R","M","?","T","R","M"],"character_chosen":"IRONCLAD","items_purchased":["Jack Of All Trades","Unceasing Top","Heavy Blade"],"gold_per_floor":[111,18,37,49,64,98,98,127,176,227,242,242,260,286,286,390,390,409,419,15,25,43,43,58,58,84,84,94],"floor_reached":29,"campfire_rested":3,"playtime":2771,"current_hp_per_floor":[79,79,80,80,76,55,55,7,7,7,22,46,52,50,50,24,80,66,67,67,39,8,32,7,7,7,31,19],"items_purged":["Strike_R"],"gold":94,"score":301,"play_id":"d8ceea7a-afc5-4e6f-96d8-3d9622d6b167","local_time":"20180317215434","is_prod":false,"is_daily":false,"is_ascension_mode":true,"campfire_upgraded":2,"timestamp":1521348874,"path_taken":["M","$","M","M","M","E","R","E","T","?","M","R","M","E","R","BOSS","M","M","$","M","M","R","M","?","T","R","?","M"],"build_version":"2018-03-15v3","purchased_purges":1,"victory":false,"master_deck":["Strike_R","Strike_R","Strike_R","Strike_R","Defend_R","Defend_R","Defend_R","Defend_R","Bash","True Grit+1","Jack Of All Trades","Sentinel","Inflame","Immolate","Power Through","Limit Break+1","Inflame","Exhume","Pommel Strike","Pommel Strike","Heavy Blade","Flame Barrier+1","True Grit+1","Impervious","Bloodletting+1","Shockwave"],"max_hp_per_floor":[80,80,80,80,80,80,80,80,80,80,80,80,80,80,80,80,80,80,80,80,80,80,80,80,80,80,80,80],"relics":["Burning Blood","Oddly Smooth Stone","Bird Faced Urn","Champion Belt","Prayer Wheel","Bag of Marbles","Philosopher\u0027s Stone","Unceasing Top","Blood Vial"],"card_choices":[{"not_picked":["Shockwave","Disarm"],"picked":"True Grit"},{"not_picked":["Corruption","Shrug It Off"],"picked":"Sentinel"},{"not_picked":["Battle Trance","Armaments"],"picked":"Inflame"},{"not_picked":["Headbutt","Wild Strike"],"picked":"Immolate"},{"not_picked":["Shrug It Off","Havoc"],"picked":"Power Through"},{"not_picked":["Flex","Sword Boomerang"],"picked":"Limit Break"},{"not_picked":["Clash","Cleave"],"picked":"Inflame"},{"not_picked":["Bludgeon","Juggernaut"],"picked":"Exhume"},{"not_picked":["True Grit","Wild Strike"],"picked":"Pommel Strike"},{"not_picked":["Reckless Charge","Clash"],"picked":"Pommel Strike"},{"not_picked":["Clothesline","Twin Strike"],"picked":"Flame Barrier"},{"not_picked":["Blood for Blood","Clash"],"picked":"True Grit"},{"not_picked":["Bloodletting","Armaments"],"picked":"Impervious"},{"not_picked":["Clash","Cleave"],"picked":"Bloodletting"},{"not_picked":["Anger","Dual Wield"],"picked":"Shockwave"}],"player_experience":101691,"potions_floor_usage":[19,28,28],"damage_taken":[{"damage":7.0,"enemies":"2 Louse","floor":1.0,"turns":3.0},{"damage":0.0,"enemies":"Jaw Worm","floor":3.0,"turns":4.0},{"damage":0.0,"enemies":"Cultist","floor":4.0,"turns":4.0},{"damage":10.0,"enemies":"Exordium Wildlife","floor":5.0,"turns":6.0},{"damage":31.0,"enemies":"Lagavulin","floor":6.0,"turns":9.0},{"damage":56.0,"enemies":"Gremlin Nob","floor":8.0,"turns":6.0},{"damage":5.0,"enemies":"3 Louse","floor":11.0,"turns":5.0},{"damage":2.0,"enemies":"Red Slaver","floor":13.0,"turns":6.0},{"damage":10.0,"enemies":"3 Sentries","floor":14.0,"turns":7.0},{"damage":36.0,"enemies":"Hexaghost","floor":16.0,"turns":9.0},{"damage":22.0,"enemies":"Chosen","floor":18.0,"turns":7.0},{"damage":9,"enemies":"Cultist and Chosen","floor":19,"turns":8},{"damage":38,"enemies":"Slaver and Parasite","floor":21,"turns":8},{"damage":41,"enemies":"3 Cultists","floor":22,"turns":7},{"damage":35,"enemies":"Centurion and Healer","floor":24,"turns":5},{"damage":24,"enemies":"Snecko","floor":28,"turns":5},{"damage":35,"enemies":"3 Cultists","floor":29,"turns":6}],"event_choices":[{"event_name":"Golden Wing","player_choice":"Gained Gold","floor":10.0,"damage_taken":0.0},{"event_name":"Cursed Tome","player_choice":"Ignored","floor":25,"damage_taken":0}],"boss_relics":[],"potions_floor_spawned":[3,5,8,14,18,21,22,28],"seed_played":"8387912610118467916","killed_by":"3 Cultists","ascension_level":2,"is_trial":false}