{"gold_per_floor":[119,133,56,66,85,85,97,122,122,135,135,135,135,21,21,126,126,144,144,194,194,194,210,243,243,243,253,253,253,266,276,276,276],"floor_reached":33,"playtime":1315,"items_purged":[],"score":269,"play_id":"156b2d25-8791-48bb-860a-388fb73fc570","local_time":"20180804110415","is_ascension_mode":false,"campfire_choices":[{"data":"Armaments","floor":6,"key":"SMITH"},{"floor":15,"key":"REST"},{"floor":25,"key":"REST"},{"floor":29,"key":"REST"},{"floor":32,"key":"REST"}],"neow_cost":"NONE","seed_source_timestamp":448450236652850,"circlet_count":0,"master_deck":["Strike_R","Strike_R+1","Strike_R","Strike_R","Strike_R","Defend_R","Defend_R","Defend_R","Defend_R","Bash","Clothesline+1","Pommel Strike","Rampage","Armaments+1","Thunderclap","Clothesline","Disarm","Seeing Red","Shrug It Off","Body Slam","Inflame","Carnage","Reaper","Uppercut+1","Dual Wield+1","Cleave","Metallicize","Pummel+1","Flame Barrier+1"],"relics":["Burning Blood","Ornamental Fan","Bottled Lightning","Torii","Philosopher\u0027s Stone","Self Forming Clay","Darkstone Periapt"],"potions_floor_usage":[22,24,24,33],"damage_taken":[{"damage":0,"enemies":"Cultist","floor":1,"turns":3},{"damage":0,"enemies":"Small Slimes","floor":2,"turns":3},{"damage":1,"enemies":"Jaw Worm","floor":4,"turns":3},{"damage":18,"enemies":"3 Louse","floor":5,"turns":2},{"damage":7,"enemies":"Looter","floor":7,"turns":3},{"damage":13,"enemies":"Gremlin Nob","floor":8,"turns":5},{"damage":4,"enemies":"2 Fungi Beasts","floor":10,"turns":3},{"damage":14,"enemies":"Hexaghost","floor":16,"turns":12},{"damage":28,"enemies":"Shell Parasite","floor":18,"turns":6},{"damage":0,"enemies":"3 Byrds","floor":22,"turns":1},{"damage":8,"enemies":"Cultist and Chosen","floor":23,"turns":6},{"damage":73,"enemies":"Gremlin Leader","floor":24,"turns":9},{"damage":16,"enemies":"Snake Plant","floor":27,"turns":4},{"damage":6,"enemies":"Chosen and Byrds","floor":30,"turns":5},{"damage":10,"enemies":"Centurion and Healer","floor":31,"turns":6},{"damage":98,"enemies":"Collector","floor":33,"turns":6}],"seed_played":"5415232156226176350","potions_obtained":[{"floor":1,"key":"SmokeBomb"},{"floor":7,"key":"FairyPotion"},{"floor":10,"key":"SneckoOil"},{"floor":18,"key":"Energy Potion"},{"floor":23,"key":"Strength Potion"},{"floor":30,"key":"Block Potion"}],"is_trial":false,"path_per_floor":["M","M","$","M","M","R","M","E","T","M","?","?","?","$","R","B",null,"M","$","?","?","M","M","E","R","T","M","?","R","M","M","R"],"character_chosen":"IRONCLAD","items_purchased":["Armaments","Thunderclap","Inflame","Carnage"],"campfire_rested":4,"item_purchase_floors":[3,3,14,14],"current_hp_per_floor":[80,80,80,80,68,68,67,60,60,62,29,13,13,13,37,29,80,58,58,58,58,64,70,14,38,38,28,28,52,52,48,72,0],"gold":276,"neow_bonus":"THREE_CARDS","is_prod":false,"is_daily":false,"chose_seed":false,"campfire_upgraded":1,"win_rate":0,"timestamp":1533373455,"path_taken":["M","M","$","M","?","R","M","E","T","M","?","?","?","?","R","BOSS","M","$","?","?","M","M","E","R","T","M","?","R","?","M","R","BOSS"],"build_version":"2018-08-02","purchased_purges":0,"victory":false,"max_hp_per_floor":[80,80,80,80,80,80,80,80,80,80,80,80,80,80,80,80,80,80,80,80,80,80,80,80,80,80,80,80,80,80,80,80,80],"card_choices":[{"not_picked":["Sword Boomerang","Heavy Blade"],"picked":"Clothesline","floor":0},{"not_picked":["Metallicize","Feel No Pain"],"picked":"Pommel Strike","floor":1},{"not_picked":["Clothesline","Wild Strike"],"picked":"Rampage","floor":2},{"not_picked":["Warcry","Anger"],"picked":"Clothesline","floor":4},{"not_picked":["Sever Soul","Headbutt"],"picked":"Disarm","floor":5},{"not_picked":["Twin Strike","Anger"],"picked":"Seeing Red","floor":7},{"not_picked":["Dropkick","Anger"],"picked":"Shrug It Off","floor":8},{"not_picked":["Sword Boomerang","Corruption"],"picked":"Body Slam","floor":10},{"not_picked":["Double Tap","Brutality"],"picked":"Reaper","floor":16},{"not_picked":["Feel No Pain","Combust"],"picked":"Uppercut","floor":18},{"not_picked":["Body Slam","Twin Strike+1"],"picked":"Dual Wield+1","floor":23},{"not_picked":["Anger","Wild Strike+1"],"picked":"Cleave","floor":24},{"not_picked":["Clothesline","Iron Wave"],"picked":"Metallicize","floor":27},{"not_picked":["Searing Blow","Havoc+1"],"picked":"Pummel+1","floor":30},{"not_picked":["Metallicize","Clash"],"picked":"Flame Barrier+1","floor":31}],"player_experience":144019,"relics_obtained":[{"floor":8,"key":"Ornamental Fan"},{"floor":9,"key":"Bottled Lightning"},{"floor":24,"key":"Self Forming Clay"},{"floor":26,"key":"Darkstone Periapt"}],"event_choices":[{"event_name":"Scrap Ooze","player_choice":"success","floor":11,"damage_taken":33},{"event_name":"Shining Light","player_choice":"Entered Light","floor":12,"damage_taken":0},{"event_name":"Liars Game","player_choice":"disagreed","floor":13,"damage_taken":0},{"event_name":"The Joust","player_choice":"Bet on Murderer","floor":20,"damage_taken":0},{"event_name":"Beggar","player_choice":"Ignored","floor":21,"damage_taken":0},{"event_name":"Upgrade Shrine","player_choice":"Upgraded","floor":28,"damage_taken":0}],"is_beta":false,"boss_relics":[{"not_picked":["Ectoplasm","Snecko Eye"],"picked":"Philosopher\u0027s Stone"}],"items_purged_floors":[],"is_endless":false,"potions_floor_spawned":[1,7,10,18,23,30],"killed_by":"Collector","ascension_level":0}