{"gold_per_floor":[112,127,52,52,69,69,81,81,81,101,120,3,3,33,33,111,111,124,156,71,85,104,104,104,104,129,129,229,0,34,34,34,109,109,109,122,138,153,453,453,472,506,506,1,1,15,15,32,32,32],"floor_reached":51,"playtime":4021,"items_purged":[],"score":1276,"play_id":"ef8a59c8-b68e-4956-a60c-d741c201b9a6","local_time":"20190125134129","is_ascension_mode":true,"campfire_choices":[{"data":"Zap","floor":6.0,"key":"SMITH"},{"data":"Defragment","floor":8.0,"key":"SMITH"},{"data":"Defragment","floor":13.0,"key":"SMITH"},{"data":"Defragment","floor":15.0,"key":"SMITH"},{"floor":23.0,"key":"REST"},{"floor":25.0,"key":"REST"},{"data":"Heatsinks","floor":27.0,"key":"SMITH"},{"floor":32.0,"key":"DIG"},{"floor":40.0,"key":"DIG"},{"data":"Defragment","floor":45.0,"key":"SMITH"},{"data":"Creative AI","floor":47,"key":"SMITH"},{"data":"Defragment","floor":49,"key":"SMITH"}],"neow_cost":"NONE","seed_source_timestamp":165894794717,"circlet_count":0,"master_deck":["AscendersBane","Strike_B","Defend_B","Zap+1","Dualcast","Auto Shields","BootSequence","Self Repair","Rebound","Defragment+1","Coolheaded","Cold Snap","Defragment+1","Capacitor","Defragment+1","Echo Form","Glacier","Heatsinks+1","Steam","Reboot","White Noise","Core Surge","Capacitor","Redo+1","Force Field","Creative AI+1","Capacitor","Defragment+1","Defragment+1"],"special_seed":0,"relics":["Cracked Core","NeowsBlessing","The Courier","Odd Mushroom","Prayer Wheel","Empty Cage","Red Mask","Mummified Hand","Vajra","Shovel","Bottled Flame","Lee\u0027s Waffle","Symbiotic Virus","Bird Faced Urn","White Beast Statue","Matryoshka","Juzu Bracelet","Anchor","Dodecahedron","Ancient Tea Set","Centennial Puzzle"],"potions_floor_usage":[50,50],"damage_taken":[{"damage":0.0,"enemies":"2 Louse","floor":1.0,"turns":1.0},{"damage":0.0,"enemies":"Small Slimes","floor":2.0,"turns":1.0},{"damage":0.0,"enemies":"Cultist","floor":5.0,"turns":1.0},{"damage":10.0,"enemies":"Large Slime","floor":7.0,"turns":5.0},{"damage":24.0,"enemies":"The Mushroom Lair","floor":10.0,"turns":5.0},{"damage":0.0,"enemies":"Exordium Wildlife","floor":11.0,"turns":3.0},{"damage":12.0,"enemies":"3 Sentries","floor":14.0,"turns":6.0},{"damage":19.0,"enemies":"Hexaghost","floor":16.0,"turns":10.0},{"damage":6.0,"enemies":"Shell Parasite","floor":18.0,"turns":8.0},{"damage":66.0,"enemies":"Masked Bandits","floor":19.0,"turns":7.0},{"damage":1.0,"enemies":"3 Byrds","floor":21.0,"turns":4.0},{"damage":3.0,"enemies":"Cultist and Chosen","floor":22.0,"turns":10.0},{"damage":9.0,"enemies":"Colosseum Slavers","floor":28.0,"turns":6.0},{"damage":46.0,"enemies":"Colosseum Nobs","floor":28.0,"turns":9.0},{"damage":41.0,"enemies":"Gremlin Leader","floor":30.0,"turns":13.0},{"damage":19.0,"enemies":"Champ","floor":33.0,"turns":13.0},{"damage":0.0,"enemies":"3 Shapes","floor":35.0,"turns":4.0},{"damage":0.0,"enemies":"Orb Walker","floor":36.0,"turns":4.0},{"damage":20.0,"enemies":"4 Shapes","floor":37.0,"turns":5.0},{"damage":15.0,"enemies":"Maw","floor":38.0,"turns":7.0},{"damage":42.0,"enemies":"Jaw Worm Horde","floor":41.0,"turns":5.0},{"damage":0.0,"enemies":"Giant Head","floor":42.0,"turns":10.0},{"damage":0.0,"enemies":"Transient","floor":46.0,"turns":5.0},{"damage":0,"enemies":"Writhing Mass","floor":48,"turns":4},{"damage":27,"enemies":"Time Eater","floor":50,"turns":20}],"seed_played":"3385938203334874094","potions_obtained":[{"floor":1.0,"key":"Regen Potion"},{"floor":5.0,"key":"EntropicBrew"},{"floor":14.0,"key":"GamblersBrew"},{"floor":18.0,"key":"GamblersBrew"},{"floor":19.0,"key":"Swift Potion"},{"floor":21.0,"key":"Block Potion"},{"floor":33.0,"key":"FocusPotion"},{"floor":37.0,"key":"Ancient Potion"},{"floor":38.0,"key":"Dexterity Potion"},{"floor":41.0,"key":"SpeedPotion"},{"floor":42.0,"key":"Fire Potion"},{"floor":46.0,"key":"Regen Potion"},{"floor":48,"key":"FocusPotion"}],"is_trial":false,"path_per_floor":["M","M","?","?","M","R","M","R","T","?","M","$","R","E","R","B",null,"M","?","?","M","M","R","?","R","T","R","?","$","E","$","R","B",null,"M","M","M","M","?","R","M","E","T","$","R","M","R","M","R","B",null],"character_chosen":"DEFECT","items_purchased":["Defragment","Capacitor","Lee\u0027s Waffle","Block Potion","Ancient Tea Set","Centennial Puzzle","Creative AI","Capacitor","Defragment"],"campfire_rested":2,"item_purchase_floors":[12,12,29,29,44,44,44,44,44],"current_hp_per_floor":[64,64,64,64,64,64,61,61,61,56,63,63,63,58,58,46,65,71,19,19,25,29,50,50,71,71,71,30,78,51,51,51,57,73,78,78,71,78,78,78,60,78,78,78,78,78,78,78,78,78],"gold":32,"neow_bonus":"THREE_ENEMY_KILL","is_prod":false,"is_daily":false,"chose_seed":false,"campfire_upgraded":8,"win_rate":0,"timestamp":1548441689,"path_taken":["M","M","?","?","?","R","M","R","T","?","M","?","R","E","R","BOSS","M","?","?","M","M","R","?","R","T","R","?","$","E","$","R","BOSS","M","M","M","M","?","R","M","E","T","$","R","M","R","M","R","BOSS"],"build_version":"2019-01-23","purchased_purges":0,"victory":true,"max_hp_per_floor":[71,71,71,71,71,71,71,71,71,71,71,71,71,71,71,71,71,71,71,71,71,71,71,71,71,71,71,71,78,78,78,78,78,78,78,78,78,78,78,78,78,78,78,78,78,78,78,78,78,78],"card_choices":[{"not_picked":["Heatsinks","FTL"],"picked":"Auto Shields","floor":1.0},{"not_picked":["Go for the Eyes","Turbo"],"picked":"BootSequence","floor":2.0},{"not_picked":["Redo","Double Energy"],"picked":"Rebound","floor":5.0},{"not_picked":["Capacitor","Go for the Eyes"],"picked":"Defragment","floor":7.0},{"not_picked":["Gash","Conserve Battery"],"picked":"Coolheaded","floor":10.0},{"not_picked":["Rebound","Coolheaded"],"picked":"Cold Snap","floor":11.0},{"not_picked":["Lockon","Sunder"],"picked":"Defragment","floor":14.0},{"not_picked":["Fission","Seek"],"picked":"Echo Form","floor":16.0},{"not_picked":["Gash","Hologram","Coolheaded"],"picked":"SKIP","floor":18.0},{"not_picked":["Ball Lightning","Steam","Conserve Battery"],"picked":"SKIP","floor":18.0},{"not_picked":["Conserve Battery","Darkness"],"picked":"Glacier","floor":21.0},{"not_picked":["Coolheaded","Steam"],"picked":"Heatsinks","floor":21.0},{"not_picked":["Hyperbeam","Lockon","Skim"],"picked":"SKIP","floor":22.0},{"not_picked":["Barrage","Ball Lightning","Streamline"],"picked":"SKIP","floor":22.0},{"not_picked":["Capacitor","Conserve Battery+1"],"picked":"White Noise","floor":28.0},{"not_picked":["Static Discharge","Go for the Eyes"],"picked":"Core Surge","floor":30.0},{"not_picked":["Loop","Turbo"],"picked":"Capacitor","floor":35.0},{"not_picked":["Beam Cell","Stack+1","Redo"],"picked":"SKIP","floor":35.0},{"not_picked":["Cold Snap","Aggregate","Conserve Battery"],"picked":"SKIP","floor":36.0},{"not_picked":["Hyperbeam","Skim","Rebound"],"picked":"SKIP","floor":36.0},{"not_picked":["Barrage","Coolheaded","Rebound"],"picked":"SKIP","floor":37.0},{"not_picked":["Sunder","Stack","Barrage"],"picked":"SKIP","floor":37.0},{"not_picked":["Streamline","Hologram"],"picked":"Redo+1","floor":38.0},{"not_picked":["Turbo+1","Chill","Blizzard"],"picked":"SKIP","floor":38.0},{"not_picked":["Redo+1","Sunder"],"picked":"Force Field","floor":41.0},{"not_picked":["Leap","Sweeping Beam+1","Double Energy"],"picked":"SKIP","floor":41.0},{"not_picked":["BootSequence","Compile Driver","Aggregate"],"picked":"SKIP","floor":42.0},{"not_picked":["Recycle","Cold Snap+1","Stack"],"picked":"SKIP","floor":46.0},{"not_picked":["Rebound","Stack+1","Cold Snap+1"],"picked":"SKIP","floor":46.0},{"not_picked":["All For One","Reinforced Body+1"],"picked":"Defragment","floor":48},{"not_picked":["Go for the Eyes","Streamline","Glacier"],"picked":"SKIP","floor":48}],"player_experience":569763,"relics_obtained":[{"floor":9.0,"key":"The Courier"},{"floor":10.0,"key":"Odd Mushroom"},{"floor":14.0,"key":"Prayer Wheel"},{"floor":19.0,"key":"Red Mask"},{"floor":26.0,"key":"Vajra"},{"floor":28.0,"key":"Shovel"},{"floor":28.0,"key":"Bottled Flame"},{"floor":30.0,"key":"Symbiotic Virus"},{"floor":32.0,"key":"Bird Faced Urn"},{"floor":40.0,"key":"Matryoshka"},{"floor":42.0,"key":"Juzu Bracelet"},{"floor":43.0,"key":"Anchor"},{"floor":43.0,"key":"Dodecahedron"}],"event_choices":[{"cards_removed":["Defend_B"],"damage_healed":0.0,"max_hp_gain":0.0,"max_hp_loss":0.0,"gold_gain":0.0,"event_name":"The Cleric","player_choice":"Card Removal","floor":3.0,"gold_loss":75.0,"damage_taken":0.0},{"damage_healed":0.0,"max_hp_gain":0.0,"max_hp_loss":0.0,"gold_gain":0.0,"cards_transformed":["Strike_B"],"event_name":"Transmorgrifier","player_choice":"Transformed","floor":4.0,"gold_loss":0.0,"damage_taken":0.0,"cards_obtained":["Self Repair"]},{"damage_healed":0.0,"max_hp_gain":0.0,"max_hp_loss":0.0,"gold_gain":0.0,"event_name":"Mushrooms","player_choice":"Fought Mushrooms","floor":10.0,"gold_loss":0.0,"damage_taken":0.0},{"damage_healed":0.0,"max_hp_gain":0.0,"max_hp_loss":0.0,"gold_gain":0.0,"event_name":"Masked Bandits","player_choice":"Fought Bandits","floor":19.0,"gold_loss":0.0,"damage_taken":0.0},{"damage_healed":0.0,"max_hp_gain":0.0,"max_hp_loss":0.0,"gold_gain":0.0,"event_name":"Addict","player_choice":"Obtained Relic","floor":20.0,"gold_loss":85.0,"damage_taken":0.0,"relics_obtained":["Mummified Hand"]},{"damage_healed":0.0,"max_hp_gain":0.0,"max_hp_loss":0.0,"gold_gain":0.0,"cards_transformed":["Strike_B","Defend_B"],"event_name":"Drug Dealer","player_choice":"Became Test Subject","floor":24.0,"gold_loss":0.0,"damage_taken":0.0,"cards_obtained":["Steam","Reboot"]},{"damage_healed":0.0,"max_hp_gain":0.0,"max_hp_loss":0.0,"gold_gain":0.0,"event_name":"Colosseum","player_choice":"Fight","floor":28.0,"gold_loss":0.0,"damage_taken":0.0},{"damage_healed":0.0,"max_hp_gain":0.0,"max_hp_loss":0.0,"gold_gain":0.0,"event_name":"Colosseum","player_choice":"Fought Nobs","floor":28.0,"gold_loss":0.0,"damage_taken":0.0},{"damage_healed":0.0,"max_hp_gain":0.0,"max_hp_loss":0.0,"gold_gain":300.0,"event_name":"Wheel of Change","player_choice":"Gold","floor":39.0,"gold_loss":0.0,"damage_taken":0.0}],"is_beta":false,"boss_relics":[{"not_picked":["Orrery","Coffee Dripper"],"picked":"Empty Cage"},{"not_picked":["Black Star","Calling Bell"],"picked":"White Beast Statue"}],"items_purged_floors":[],"is_endless":false,"potions_floor_spawned":[1,5,14,18,19,21,33,35,36,37,38,41,42,46,48],"ascension_level":16}