{"gold_per_floor":[17,17,29,49,62,62,76,76,76,76,92,92,125,140,140,213,213,232,247,259,259,272,272,272,283,338,357,24,24,24,35,35,114,114,129,129,147,157,47,47,62,87,87,100,100,100,100,200,200,200,200],"floor_reached":52,"playtime":4300,"items_purged":["Defend_R"],"score":1676,"play_id":"1bb83121-6f6b-47fc-8b81-a366ed40cdee","local_time":"20190430233541","is_ascension_mode":true,"campfire_choices":[{"data":"Spot Weakness","floor":6.0,"key":"SMITH"},{"data":"Sword Boomerang","floor":8.0,"key":"SMITH"},{"floor":10.0,"key":"REST"},{"data":"Combust","floor":15.0,"key":"SMITH"},{"floor":23.0,"key":"REST"},{"data":"Body Slam","floor":29.0,"key":"SMITH"},{"floor":32.0,"key":"REST"},{"data":"Metallicize","floor":40.0,"key":"SMITH"},{"floor":46.0,"key":"REST"},{"data":"Mayhem","floor":49.0,"key":"SMITH"}],"neow_cost":"NO_GOLD","seed_source_timestamp":335266526665200,"circlet_count":0,"master_deck":["AscendersBane","Defend_R","Defend_R","Defend_R","Spot Weakness+1","Sword Boomerang+1","Shrug It Off","Anger","Flame Barrier+1","Warcry+1","Combust+1","Impervious+1","Flame Barrier+1","Berserk+1","Shrug It Off+1","Body Slam+1","Battle Trance+1","Disarm+1","Limit Break+1","Dropkick","Sword Boomerang","Headbutt","Flex+1","Flame Barrier+1","Offering+1","Thunderclap+1","Metallicize+1","Shrug It Off+1","Disarm+1","Mayhem+1","Feel No Pain"],"special_seed":0,"relics":["Burning Blood","Torii","Bird Faced Urn","Gambling Chip","Toxic Egg 2","Astrolabe","Strawberry","OrangePellets","Busted Crown","Mercury Hourglass","Paper Frog","Ice Cream"],"potions_floor_usage":[50,51],"damage_taken":[{"damage":8.0,"enemies":"2 Louse","floor":1.0,"turns":3.0},{"damage":7.0,"enemies":"Cultist","floor":3.0,"turns":4.0},{"damage":18.0,"enemies":"Jaw Worm","floor":4.0,"turns":5.0},{"damage":24.0,"enemies":"3 Louse","floor":5.0,"turns":3.0},{"damage":7.0,"enemies":"Looter","floor":7.0,"turns":3.0},{"damage":1.0,"enemies":"Large Slime","floor":11.0,"turns":5.0},{"damage":8.0,"enemies":"Lagavulin","floor":13.0,"turns":6.0},{"damage":2.0,"enemies":"3 Louse","floor":14.0,"turns":4.0},{"damage":33.0,"enemies":"The Guardian","floor":16.0,"turns":6.0},{"damage":1.0,"enemies":"Shell Parasite","floor":18.0,"turns":6.0},{"damage":30.0,"enemies":"Chosen","floor":19.0,"turns":5.0},{"damage":17.0,"enemies":"Snake Plant","floor":20.0,"turns":5.0},{"damage":32.0,"enemies":"Sentry and Sphere","floor":22.0,"turns":7.0},{"damage":18.0,"enemies":"3 Cultists","floor":25.0,"turns":6.0},{"damage":2.0,"enemies":"Snake Plant","floor":27.0,"turns":4.0},{"damage":8.0,"enemies":"Centurion and Healer","floor":31.0,"turns":4.0},{"damage":24.0,"enemies":"Collector","floor":33.0,"turns":5.0},{"damage":8.0,"enemies":"3 Darklings","floor":35.0,"turns":3.0},{"damage":8.0,"enemies":"3 Shapes","floor":37.0,"turns":8.0},{"damage":9.0,"enemies":"Spire Growth","floor":38.0,"turns":4.0},{"damage":12.0,"enemies":"4 Shapes","floor":41.0,"turns":6.0},{"damage":47.0,"enemies":"Giant Head","floor":42.0,"turns":7.0},{"damage":16.0,"enemies":"Maw","floor":44.0,"turns":6.0},{"damage":6.0,"enemies":"Mind Bloom Boss Battle","floor":48.0,"turns":6.0},{"damage":43,"enemies":"Awakened One","floor":50,"turns":9},{"damage":17,"enemies":"Donu and Deca","floor":51,"turns":5}],"seed_played":"-2094646284275259816","potions_obtained":[{"floor":4.0,"key":"Dexterity Potion"},{"floor":11.0,"key":"EssenceOfSteel"},{"floor":16.0,"key":"BloodPotion"},{"floor":27.0,"key":"PowerPotion"},{"floor":38.0,"key":"Strength Potion"},{"floor":42.0,"key":"SpeedPotion"},{"floor":48.0,"key":"SpeedPotion"}],"is_trial":false,"path_per_floor":["M","?","M","M","M","R","M","R","T","R","M","?","E","M","R","B",null,"M","M","M","?","M","R","?","M","T","M","$","R","$","M","R","B",null,"M","?","M","M","$","R","M","E","T","M","?","R","?","?","R","B","B",null],"character_chosen":"IRONCLAD","items_purchased":["OrangePellets","Flex+1","Metallicize","Shrug It Off+1"],"campfire_rested":4,"item_purchase_floors":[28,28,39,39],"current_hp_per_floor":[66,66,65,53,35,35,34,34,34,56,61,61,59,63,63,38,66,73,59,48,48,26,48,48,40,47,55,55,55,55,55,79,66,78,80,80,82,81,81,81,80,43,43,39,39,63,63,71,71,42,35],"gold":200,"neow_bonus":"ONE_RARE_RELIC","is_prod":false,"is_daily":false,"chose_seed":false,"campfire_upgraded":6,"win_rate":0,"timestamp":1556681741,"path_taken":["M","?","M","?","M","R","M","R","T","R","M","?","E","M","R","BOSS","M","M","M","?","M","R","?","M","T","M","$","R","$","M","R","BOSS","M","?","M","M","$","R","M","E","T","M","?","R","?","?","R","BOSS","BOSS"],"build_version":"2019-01-23","purchased_purges":1,"victory":true,"max_hp_per_floor":[75,75,75,75,75,75,75,75,75,75,75,75,75,75,75,75,75,75,75,75,75,75,75,75,75,82,82,82,82,82,82,82,82,82,82,82,82,82,82,82,82,82,82,82,82,82,78,78,78,78,78],"card_choices":[{"not_picked":["Headbutt","Cleave"],"picked":"Uppercut","floor":1.0},{"not_picked":["Perfected Strike","Rage"],"picked":"Spot Weakness","floor":3.0},{"not_picked":["Shrug It Off","Iron Wave"],"picked":"Sword Boomerang","floor":4.0},{"not_picked":["Clothesline","Sword Boomerang"],"picked":"Shrug It Off","floor":5.0},{"not_picked":["Heavy Blade","Clothesline"],"picked":"Anger","floor":7.0},{"not_picked":["Burning Pact","Flex"],"picked":"Flame Barrier","floor":11.0},{"not_picked":["Rampage","Dark Embrace"],"picked":"Warcry","floor":13.0},{"not_picked":["Rage+1","Iron Wave"],"picked":"Combust","floor":14.0},{"not_picked":["Fiend Fire","Juggernaut"],"picked":"Impervious+1","floor":16.0},{"not_picked":["Dropkick","Wild Strike"],"picked":"Body Slam","floor":18.0},{"not_picked":["Flex+1","Dark Embrace","Anger"],"picked":"SKIP","floor":19.0},{"not_picked":["Wild Strike+1","Headbutt+1"],"picked":"Battle Trance+1","floor":20.0},{"not_picked":["Pommel Strike","Iron Wave","Anger"],"picked":"SKIP","floor":22.0},{"not_picked":["Perfected Strike","Flex+1"],"picked":"Sword Boomerang","floor":25.0},{"not_picked":["Dual Wield+1","Searing Blow"],"picked":"Headbutt","floor":27.0},{"not_picked":["Anger","Blood for Blood"],"picked":"Flame Barrier+1","floor":31.0},{"not_picked":["Barricade","Limit Break+1"],"picked":"Offering+1","floor":33.0},{"not_picked":["Anger"],"picked":"SKIP","floor":35.0},{"not_picked":[],"picked":"Thunderclap+1","floor":37.0},{"not_picked":["Iron Wave"],"picked":"SKIP","floor":38.0},{"not_picked":[],"picked":"Disarm+1","floor":41.0},{"not_picked":["True Grit+1"],"picked":"SKIP","floor":42.0},{"not_picked":["Pommel Strike"],"picked":"SKIP","floor":44.0},{"not_picked":[],"picked":"Mayhem","floor":45.0},{"not_picked":[],"picked":"Feel No Pain","floor":48.0}],"player_experience":736827,"relics_obtained":[{"floor":9.0,"key":"Gambling Chip"},{"floor":13.0,"key":"Toxic Egg 2"},{"floor":26.0,"key":"Strawberry"},{"floor":42.0,"key":"Mercury Hourglass"},{"floor":43.0,"key":"Paper Frog"},{"floor":48.0,"key":"Ice Cream"}],"event_choices":[{"cards_removed":["Uppercut"],"damage_healed":0.0,"max_hp_gain":0.0,"max_hp_loss":0.0,"gold_gain":0.0,"event_name":"WeMeetAgain","player_choice":"Gave Card","floor":2.0,"gold_loss":0.0,"damage_taken":0.0,"relics_obtained":["Bird Faced Urn"]},{"damage_healed":0.0,"max_hp_gain":0.0,"max_hp_loss":0.0,"gold_gain":0.0,"event_name":"Upgrade Shrine","player_choice":"Upgraded","floor":12.0,"gold_loss":0.0,"damage_taken":0.0,"cards_upgraded":["Flame Barrier"]},{"damage_healed":0.0,"max_hp_gain":0.0,"max_hp_loss":0.0,"gold_gain":0.0,"event_name":"The Library","player_choice":"Read","floor":21.0,"gold_loss":0.0,"damage_taken":0.0,"cards_obtained":["Disarm"]},{"damage_healed":0.0,"max_hp_gain":0.0,"max_hp_loss":0.0,"gold_gain":0.0,"cards_transformed":["Strike_R","Strike_R"],"event_name":"Drug Dealer","player_choice":"Became Test Subject","floor":24.0,"gold_loss":0.0,"damage_taken":0.0,"cards_obtained":["Limit Break","Dropkick"]},{"cards_removed":["Bash"],"damage_healed":0.0,"max_hp_gain":0.0,"max_hp_loss":0.0,"gold_gain":0.0,"event_name":"Falling","player_choice":"Removed Attack","floor":36.0,"gold_loss":0.0,"damage_taken":0.0},{"damage_healed":0.0,"max_hp_gain":0.0,"max_hp_loss":0.0,"gold_gain":0.0,"event_name":"SensoryStone","player_choice":"Memory 1","floor":45.0,"gold_loss":0.0,"damage_taken":0.0},{"damage_healed":0.0,"max_hp_gain":0.0,"max_hp_loss":4.0,"gold_gain":0.0,"event_name":"Winding Halls","player_choice":"Max HP","floor":47.0,"gold_loss":0.0,"damage_taken":0.0},{"damage_healed":0.0,"max_hp_gain":0.0,"max_hp_loss":0.0,"gold_gain":0.0,"event_name":"MindBloom","player_choice":"Fight","floor":48.0,"gold_loss":0.0,"damage_taken":0.0}],"is_beta":false,"boss_relics":[{"not_picked":["Black Star","Cursed Key"],"picked":"Astrolabe"},{"not_picked":["Black Blood","White Beast Statue"],"picked":"Busted Crown"}],"items_purged_floors":[28],"is_endless":false,"potions_floor_spawned":[4,11,16,27,31,38,42,48],"ascension_level":20}