{"gold_per_floor":[115,133,148,162,87,87,122,135,135,153,153,164,175,136,136,236,236,246,246,9,22,22,33,33,48,97,109,109,119,119,139,139,139],"floor_reached":33,"playtime":3092,"items_purged":["Strike_R","Defend_R"],"score":305,"play_id":"aceba1c2-8599-4d5b-97b8-715c67bcc100","local_time":"20190301030807","is_ascension_mode":false,"campfire_choices":[{"data":"Armaments","floor":6,"key":"SMITH"},{"floor":11,"key":"REST"},{"floor":15,"key":"REST"},{"data":"Barricade","floor":24,"key":"SMITH"},{"floor":28,"key":"REST"},{"floor":30,"key":"REST"},{"floor":32,"key":"REST"}],"neow_cost":"NONE","seed_source_timestamp":556535573631981,"circlet_count":0,"master_deck":["Strike_R","Strike_R","Strike_R","Strike_R","Defend_R","Defend_R","Defend_R","Bash","Perfected Strike","Armaments+1","Warcry","Headbutt","Inflame","Feed","Anger","Feed","Metallicize","Barricade+1","Searing Blow","Iron Wave+1","Heavy Blade+1","Rage","Heavy Blade"],"relics":["Burning Blood","Bag of Preparation","Bronze Scales","Dodecahedron","Runic Pyramid","Charon\u0027s Ashes","Juzu Bracelet"],"potions_floor_usage":[2,16,16,25,33,33],"damage_taken":[{"damage":9,"enemies":"2 Louse","floor":1,"turns":3},{"damage":10,"enemies":"Small Slimes","floor":2,"turns":3},{"damage":1,"enemies":"Cultist","floor":3,"turns":3},{"damage":9,"enemies":"2 Fungi Beasts","floor":4,"turns":3},{"damage":55,"enemies":"Gremlin Nob","floor":7,"turns":6},{"damage":11,"enemies":"Large Slime","floor":8,"turns":5},{"damage":8,"enemies":"Blue Slaver","floor":10,"turns":4},{"damage":10,"enemies":"Lots of Slimes","floor":12,"turns":4},{"damage":8,"enemies":"3 Louse","floor":13,"turns":3},{"damage":16,"enemies":"Slime Boss","floor":16,"turns":9},{"damage":15,"enemies":"3 Byrds","floor":18,"turns":4},{"damage":18,"enemies":"Spheric Guardian","floor":21,"turns":5},{"damage":6,"enemies":"Centurion and Healer","floor":23,"turns":8},{"damage":35,"enemies":"Snake Plant","floor":25,"turns":5},{"damage":42,"enemies":"Cultist and Chosen","floor":27,"turns":7},{"damage":49,"enemies":"Sentry and Sphere","floor":29,"turns":8},{"damage":18,"enemies":"Snecko","floor":31,"turns":6},{"damage":149,"enemies":"Collector","floor":33,"turns":10}],"seed_played":"5579789629482245272","potions_obtained":[{"floor":2,"key":"Fruit Juice"},{"floor":3,"key":"FairyPotion"},{"floor":4,"key":"Poison Potion"},{"floor":7,"key":"Strength Potion"},{"floor":16,"key":"FearPotion"},{"floor":29,"key":"Block Potion"},{"floor":31,"key":"Poison Potion"}],"is_trial":false,"path_per_floor":["M","M","M","M","$","R","E","M","T","M","R","M","M","?","R","B",null,"M","?","$","M","$","M","R","M","T","M","R","M","R","M","R","B"],"character_chosen":"IRONCLAD","items_purchased":["Barricade"],"campfire_rested":5,"item_purchase_floors":[20],"current_hp_per_floor":[77,78,83,80,80,80,31,26,26,24,49,49,50,50,77,71,96,95,95,95,87,87,95,95,70,70,41,79,44,84,75,116,0],"gold":139,"neow_bonus":"RANDOM_COMMON_RELIC","is_prod":false,"is_daily":false,"chose_seed":false,"campfire_upgraded":2,"win_rate":0.0,"timestamp":1551434887,"path_taken":["M","M","M","M","$","R","E","M","T","M","R","M","M","?","R","BOSS","M","?","?","M","$","M","R","M","T","M","R","M","R","M","R","BOSS"],"build_version":"2019-01-23","purchased_purges":2,"victory":false,"max_hp_per_floor":[80,85,85,85,85,85,85,85,85,85,85,89,92,92,92,96,96,104,104,104,108,108,116,116,120,120,127,127,135,135,138,138,138],"card_choices":[{"not_picked":["Anger","Headbutt"],"picked":"Perfected Strike","floor":1},{"not_picked":["Shrug It Off","Heavy Blade"],"picked":"Armaments","floor":2},{"not_picked":["Uppercut","Cleave"],"picked":"Warcry","floor":3},{"not_picked":["Dropkick","Sword Boomerang"],"picked":"Headbutt","floor":4},{"not_picked":["Clothesline","Armaments"],"picked":"Inflame","floor":7},{"not_picked":["Anger","True Grit"],"picked":"Feed","floor":8},{"not_picked":["Flame Barrier","Body Slam","Rupture"],"picked":"SKIP","floor":10},{"not_picked":["Warcry","Cleave"],"picked":"Feel No Pain","floor":12},{"not_picked":["Pommel Strike","Intimidate"],"picked":"Anger","floor":13},{"not_picked":["Offering","Reaper"],"picked":"Feed","floor":16},{"not_picked":["Rampage+1","Twin Strike"],"picked":"Metallicize","floor":18},{"not_picked":["Headbutt+1","Clothesline+1","Cleave"],"picked":"SKIP","floor":21},{"not_picked":["Shrug It Off","Clothesline+1"],"picked":"Searing Blow","floor":23},{"not_picked":["Clothesline","Thunderclap"],"picked":"Iron Wave+1","floor":25},{"not_picked":["True Grit","Dual Wield"],"picked":"Heavy Blade+1","floor":27},{"not_picked":["Bludgeon","Sword Boomerang"],"picked":"Rage","floor":29},{"not_picked":["Thunderclap","Shrug It Off"],"picked":"Heavy Blade","floor":31}],"player_experience":27538,"relics_obtained":[{"floor":7,"key":"Bronze Scales"},{"floor":9,"key":"Dodecahedron"},{"floor":26,"key":"Juzu Bracelet"}],"event_choices":[{"damage_healed":0,"gold_gain":0,"player_choice":"Left Gold","damage_taken":0,"max_hp_gain":0,"max_hp_loss":0,"event_name":"World of Goop","floor":14,"gold_loss":39},{"cards_removed":["Feel No Pain"],"damage_healed":0,"gold_gain":0,"player_choice":"Gave Card","damage_taken":0,"relics_obtained":["Charon\u0027s Ashes"],"max_hp_gain":0,"max_hp_loss":0,"event_name":"WeMeetAgain","floor":19,"gold_loss":0}],"is_beta":false,"boss_relics":[{"not_picked":["Busted Crown","Tiny House"],"picked":"Runic Pyramid"}],"items_purged_floors":[5,20],"is_endless":false,"potions_floor_spawned":[2,3,4,7,12,16,29,31],"killed_by":"Collector","ascension_level":0}