{"gold_per_floor":[118,98,115,133,98,131,131,149,149,149,211,221,8,18,18,94,94,107,107,118,131,146,146,175,175,198,198,212,30,49,49,49,128,128,144,158,258,258,91,126,136,136,136,152,152,0,0,15,15,15],"floor_reached":51,"playtime":3905,"items_purged":["Strike_B"],"score":1233,"play_id":"80d4eb10-e11e-45f8-b988-a2b1cf536235","local_time":"20190204143425","is_ascension_mode":true,"campfire_choices":[{"floor":7.0,"key":"REST"},{"data":"Buffer","floor":10.0,"key":"SMITH"},{"floor":15.0,"key":"REST"},{"floor":23.0,"key":"REST"},{"floor":25.0,"key":"REST"},{"floor":32.0,"key":"REST"},{"floor":42,"key":"REST"},{"floor":45,"key":"REST"},{"floor":47,"key":"REST"},{"floor":49,"key":"REST"}],"neow_cost":"PERCENT_DAMAGE","seed_source_timestamp":505711208049849,"circlet_count":0,"master_deck":["AscendersBane","Strike_B","Defend_B","Defend_B","Defend_B","Defend_B","Zap","Dualcast","Doom and Gloom","Doom and Gloom","Rebound","Lockon","Buffer+1","Reinforced Body","Steam","Coolheaded","Compile Driver","Machine Learning","Go for the Eyes","Compile Driver","Redo","Leap","Electrodynamics","Leap","Turbo","Multi-Cast","Coolheaded+1","Redo","Conserve Battery","Master of Strategy","Parasite"],"special_seed":0,"relics":["Cracked Core","Symbiotic Virus","Gremlin Horn","Lantern","Fusion Hammer","Mummified Hand","Anchor","Lizard Tail","Thread and Needle","Regal Pillow","Smiling Mask","Singing Bowl","Red Mask"],"potions_floor_usage":[50,50],"damage_taken":[{"damage":0.0,"enemies":"2 Louse","floor":1.0,"turns":2.0},{"damage":0.0,"enemies":"Cultist","floor":3.0,"turns":3.0},{"damage":7.0,"enemies":"Jaw Worm","floor":4.0,"turns":3.0},{"damage":30.0,"enemies":"Lagavulin","floor":6.0,"turns":5.0},{"damage":14.0,"enemies":"Gremlin Gang","floor":8.0,"turns":2.0},{"damage":3.0,"enemies":"Blue Slaver","floor":12.0,"turns":5.0},{"damage":0.0,"enemies":"3 Louse","floor":14.0,"turns":2.0},{"damage":10.0,"enemies":"The Guardian","floor":16.0,"turns":13.0},{"damage":1.0,"enemies":"3 Byrds","floor":18.0,"turns":3.0},{"damage":0.0,"enemies":"Chosen","floor":20.0,"turns":5.0},{"damage":5.0,"enemies":"Centurion and Healer","floor":21.0,"turns":5.0},{"damage":8.0,"enemies":"Snake Plant","floor":22.0,"turns":4.0},{"damage":56.0,"enemies":"Gremlin Leader","floor":24.0,"turns":8.0},{"damage":0.0,"enemies":"3 Cultists","floor":28.0,"turns":3.0},{"damage":23.0,"enemies":"Chosen and Byrds","floor":30.0,"turns":7.0},{"damage":41.0,"enemies":"Collector","floor":33.0,"turns":13.0},{"damage":0.0,"enemies":"3 Darklings","floor":35.0,"turns":3.0},{"damage":0.0,"enemies":"Orb Walker","floor":36.0,"turns":4.0},{"damage":9.0,"enemies":"Mind Bloom Boss Battle","floor":37.0,"turns":7.0},{"damage":21.0,"enemies":"Reptomancer","floor":40.0,"turns":6.0},{"damage":0.0,"enemies":"Transient","floor":41.0,"turns":6.0},{"damage":0,"enemies":"3 Darklings","floor":44,"turns":3},{"damage":31,"enemies":"Writhing Mass","floor":48,"turns":6},{"damage":126,"enemies":"Awakened One","floor":50,"turns":24}],"seed_played":"9100948697523163870","potions_obtained":[{"floor":1.0,"key":"Energy Potion"},{"floor":2.0,"key":"Weak Potion"},{"floor":8.0,"key":"SkillPotion"},{"floor":16.0,"key":"Fruit Juice"},{"floor":22.0,"key":"SpeedPotion"},{"floor":30.0,"key":"EssenceOfSteel"},{"floor":33.0,"key":"Explosive Potion"},{"floor":36.0,"key":"PowerPotion"},{"floor":40.0,"key":"SpeedPotion"},{"floor":41,"key":"FocusPotion"}],"is_trial":false,"path_per_floor":["M","?","M","M","?","E","R","M","T","R","?","M","$","M","R","B",null,"M","?","M","M","M","R","E","R","T","?","M","$","M","?","R","B",null,"M","M","?","?","$","E","M","R","T","M","R","?","R","M","R","B",null],"character_chosen":"DEFECT","items_purchased":["Coolheaded","Lantern","Fruit Juice","Regal Pillow"],"campfire_rested":9,"item_purchase_floors":[13,13,29,39],"current_hp_per_floor":[46,46,46,39,56,26,47,33,33,33,33,30,30,30,51,46,69,68,68,68,63,55,76,20,42,42,42,42,47,24,24,48,7,63,63,63,54,54,54,33,33,72,72,74,83,83,83,54,85,4],"gold":15,"neow_bonus":"TRANSFORM_TWO_CARDS","is_prod":false,"is_daily":false,"chose_seed":false,"campfire_upgraded":1,"win_rate":0,"timestamp":1549308865,"path_taken":["M","?","M","?","?","E","R","M","T","R","?","M","$","M","R","BOSS","M","?","M","?","M","R","E","R","T","?","M","$","M","?","R","BOSS","M","M","?","?","?","E","M","R","T","M","R","?","R","M","R","BOSS"],"build_version":"2019-01-23","purchased_purges":1,"victory":true,"max_hp_per_floor":[71,71,71,71,71,71,71,71,71,71,71,71,71,71,71,76,76,76,76,76,76,76,76,76,76,76,76,76,81,81,81,81,81,81,81,81,81,81,81,81,81,81,81,83,83,83,83,85,85,85],"card_choices":[{"not_picked":["Skim","Sweeping Beam","Ball Lightning"],"picked":"SKIP","floor":1.0},{"not_picked":["Hello World","Beam Cell"],"picked":"Rebound","floor":3.0},{"not_picked":["Gash","Compile Driver"],"picked":"Lockon","floor":4.0},{"not_picked":["Beam Cell","Turbo"],"picked":"Buffer","floor":6.0},{"not_picked":["Beam Cell","Barrage"],"picked":"Reinforced Body","floor":8.0},{"not_picked":["Gash","Rebound"],"picked":"Steam","floor":12.0},{"not_picked":["Scrape","Sweeping Beam"],"picked":"Compile Driver","floor":14.0},{"not_picked":["Hyperbeam","Thunder Strike"],"picked":"Machine Learning","floor":16.0},{"not_picked":["Steam Power+1","Rebound+1"],"picked":"Go for the Eyes","floor":18.0},{"not_picked":["Gash","Storm"],"picked":"Compile Driver","floor":20.0},{"not_picked":["Turbo","Leap"],"picked":"Redo","floor":21.0},{"not_picked":["Compile Driver","Skim"],"picked":"Leap","floor":22.0},{"not_picked":["Stack","Compile Driver"],"picked":"Electrodynamics","floor":24.0},{"not_picked":["Turbo","Rebound"],"picked":"Leap","floor":28.0},{"not_picked":["Streamline","Hologram"],"picked":"Turbo","floor":30.0},{"not_picked":["All For One","Biased Cognition"],"picked":"Multi-Cast","floor":33.0},{"not_picked":["Genetic Algorithm","Redo"],"picked":"Coolheaded+1","floor":35.0},{"not_picked":["Streamline","Double Energy"],"picked":"Redo","floor":36.0},{"not_picked":["Heatsinks","Sweeping Beam"],"picked":"Conserve Battery","floor":37.0},{"not_picked":["Impatience","Secret Technique"],"picked":"Master of Strategy","floor":38.0},{"not_picked":["Streamline","Stack","Genetic Algorithm"],"picked":"SKIP","floor":40.0},{"not_picked":["Reprogram","Fusion","Stack"],"picked":"SKIP","floor":41},{"not_picked":["Hologram","Barrage+1","Cold Snap+1"],"picked":"Singing Bowl","floor":44},{"not_picked":["Chaos","Cold Snap","Barrage"],"picked":"Singing Bowl","floor":48}],"player_experience":615253,"relics_obtained":[{"floor":6.0,"key":"Symbiotic Virus"},{"floor":9.0,"key":"Gremlin Horn"},{"floor":24.0,"key":"Mummified Hand"},{"floor":26.0,"key":"Anchor"},{"floor":37.0,"key":"Thread and Needle"},{"floor":40.0,"key":"Smiling Mask"},{"floor":43,"key":"Singing Bowl"}],"event_choices":[{"damage_healed":0.0,"max_hp_gain":0.0,"max_hp_loss":0.0,"gold_gain":0.0,"event_name":"The Woman in Blue","player_choice":"Bought 1 Potion","floor":2.0,"gold_loss":0.0,"damage_taken":0.0},{"damage_healed":17.0,"max_hp_gain":0.0,"max_hp_loss":0.0,"gold_gain":0.0,"event_name":"The Cleric","player_choice":"Healed","floor":5.0,"gold_loss":35.0,"damage_taken":0.0},{"damage_healed":0.0,"max_hp_gain":0.0,"max_hp_loss":0.0,"gold_gain":62.0,"event_name":"Golden Wing","player_choice":"Gained Gold","floor":11.0,"gold_loss":0.0,"damage_taken":0.0},{"damage_healed":0.0,"max_hp_gain":0.0,"max_hp_loss":0.0,"gold_gain":0.0,"event_name":"N\u0027loth","player_choice":"Ignored","floor":19.0,"gold_loss":0.0,"damage_taken":0.0},{"damage_healed":0.0,"max_hp_gain":0.0,"max_hp_loss":0.0,"gold_gain":0.0,"event_name":"Vampires","player_choice":"Ignored","floor":27.0,"gold_loss":0.0,"damage_taken":0.0},{"damage_healed":0.0,"max_hp_gain":0.0,"max_hp_loss":0.0,"gold_gain":0.0,"event_name":"Ghosts","player_choice":"Ignored","floor":31.0,"gold_loss":0.0,"damage_taken":0.0},{"damage_healed":0.0,"max_hp_gain":0.0,"max_hp_loss":0.0,"gold_gain":0.0,"event_name":"MindBloom","player_choice":"Fight","floor":37.0,"gold_loss":0.0,"damage_taken":0.0},{"damage_healed":0.0,"max_hp_gain":0.0,"max_hp_loss":0.0,"gold_gain":0.0,"event_name":"SensoryStone","player_choice":"Memory 1","floor":38.0,"gold_loss":0.0,"damage_taken":0.0},{"damage_healed":0,"gold_gain":0,"player_choice":"Paid","damage_taken":0,"relics_obtained":["Red Mask"],"max_hp_gain":0,"max_hp_loss":0,"event_name":"Tomb of Lord Red Mask","floor":46,"gold_loss":152}],"is_beta":false,"boss_relics":[{"not_picked":["Runic Dome","Empty Cage"],"picked":"Fusion Hammer"},{"not_picked":["Coffee Dripper","Orrery"],"picked":"Lizard Tail"}],"items_purged_floors":[29],"is_endless":false,"potions_floor_spawned":[1,8,12,16,22,30,33,36,40,41],"ascension_level":18}