{"gold_per_floor":[113,113,129,129,129,129,164,164,164,75,150,166,16,30,30,125,125,141,141,155,155,155],"floor_reached":22,"playtime":1003,"items_purged":["Strike_G"],"score":373,"play_id":"b482e747-e927-4351-b5b2-bfaed3816b63","local_time":"20190304060433","is_ascension_mode":true,"campfire_choices":[{"data":"Neutralize","floor":6,"key":"SMITH"},{"data":"Caltrops","floor":8,"key":"SMITH"},{"floor":15,"key":"REST"}],"neow_cost":"NONE","seed_source_timestamp":1277540097770313,"circlet_count":0,"master_deck":["AscendersBane","Defend_G","Defend_G","Defend_G","Defend_G","Defend_G","Strike_G","Strike_G+1","Strike_G","Strike_G","Survivor","Neutralize+1","Cloak And Dagger+1","Caltrops+1","Crippling Poison","PiercingWail","Footwork","Blur","Adrenaline","Writhe","Accuracy"],"relics":["Ring of the Snake","NeowsBlessing","Golden Idol","Centennial Puzzle","Dead Branch","Fusion Hammer","Shuriken","Nilry\u0027s Codex"],"potions_floor_usage":[16],"damage_taken":[{"damage":0,"enemies":"2 Louse","floor":1,"turns":1},{"damage":0,"enemies":"Small Slimes","floor":3,"turns":1},{"damage":0,"enemies":"Lagavulin","floor":7,"turns":1},{"damage":4,"enemies":"Jaw Worm","floor":12,"turns":2},{"damage":4,"enemies":"2 Fungi Beasts","floor":14,"turns":2},{"damage":23,"enemies":"Slime Boss","floor":16,"turns":13},{"damage":10,"enemies":"Spheric Guardian","floor":18,"turns":5},{"damage":4,"enemies":"Chosen","floor":20,"turns":5},{"damage":19,"enemies":"3 Cultists","floor":22,"turns":6}],"seed_played":"-1421066441980836325","potions_obtained":[{"floor":12,"key":"EssenceOfSteel"},{"floor":16,"key":"GamblersBrew"}],"is_trial":false,"path_per_floor":["M","?","M","?","?","R","E","R","T","$","?","M","$","M","R","B",null,"M","?","M","?","M"],"character_chosen":"THE_SILENT","items_purchased":["Crippling Poison","Footwork"],"campfire_rested":1,"item_purchase_floors":[10,13],"current_hp_per_floor":[59,59,59,59,41,41,41,41,41,41,30,26,26,22,40,17,49,39,39,35,14,0],"gold":155,"neow_bonus":"THREE_ENEMY_KILL","is_prod":false,"is_daily":false,"chose_seed":false,"campfire_upgraded":2,"win_rate":0,"timestamp":1551701073,"path_taken":["M","?","M","?","?","R","E","R","T","?","?","M","$","M","R","BOSS","M","?","M","?","M"],"build_version":"2019-01-23","purchased_purges":1,"victory":false,"max_hp_per_floor":[66,60,60,60,60,60,60,60,60,60,60,60,60,60,60,60,60,60,60,60,60,60],"card_choices":[{"not_picked":["Underhanded Strike","Flying Knee","Outmaneuver"],"picked":"SKIP","floor":1},{"not_picked":["Escape Plan","Dagger Spray"],"picked":"Cloak And Dagger","floor":3},{"not_picked":["Venomology","PiercingWail"],"picked":"Caltrops","floor":7},{"not_picked":["Slice","Dodge and Roll"],"picked":"PiercingWail","floor":12},{"not_picked":["Underhanded Strike","Poisoned Stab"],"picked":"Blur","floor":14},{"not_picked":["Burst","Phantasmal Killer"],"picked":"Adrenaline","floor":16},{"not_picked":["Expertise","Bane","Outmaneuver"],"picked":"SKIP","floor":18},{"not_picked":["Blade Dance","Flying Knee"],"picked":"Accuracy","floor":20}],"player_experience":625003,"relics_obtained":[{"floor":7,"key":"Centennial Puzzle"},{"floor":9,"key":"Dead Branch"},{"floor":21,"key":"Nilry\u0027s Codex"}],"event_choices":[{"damage_healed":0,"gold_gain":0,"player_choice":"Lose Max HP","damage_taken":0,"relics_obtained":["Golden Idol"],"max_hp_gain":0,"max_hp_loss":6,"event_name":"Golden Idol","floor":2,"gold_loss":0},{"damage_healed":0,"gold_gain":0,"player_choice":"Ignored","damage_taken":0,"max_hp_gain":0,"max_hp_loss":0,"event_name":"Golden Wing","floor":4,"gold_loss":0},{"damage_healed":0,"gold_gain":0,"player_choice":"Entered Light","damage_taken":18,"max_hp_gain":0,"max_hp_loss":0,"event_name":"Shining Light","floor":5,"gold_loss":0,"cards_upgraded":["Strike_G","Cloak And Dagger"]},{"damage_healed":0,"gold_gain":75,"player_choice":"Gather Gold","damage_taken":11,"max_hp_gain":0,"max_hp_loss":0,"event_name":"World of Goop","floor":11,"gold_loss":0},{"damage_healed":0,"gold_gain":0,"player_choice":"Opened","damage_taken":0,"relics_obtained":["Shuriken"],"max_hp_gain":0,"max_hp_loss":0,"event_name":"The Mausoleum","floor":19,"gold_loss":0,"cards_obtained":["Writhe"]},{"damage_healed":0,"gold_gain":0,"player_choice":"Obtained Book","damage_taken":21,"max_hp_gain":0,"max_hp_loss":0,"event_name":"Cursed Tome","floor":21,"gold_loss":0}],"is_beta":false,"boss_relics":[{"not_picked":["Astrolabe","Snecko Eye"],"picked":"Fusion Hammer"}],"items_purged_floors":[13],"is_endless":false,"potions_floor_spawned":[12,16],"killed_by":"3 Cultists","ascension_level":16}