{"gold_per_floor":[109,129,79,133,58,58,86,86,110,127,138,203,215,242,242,242],"floor_reached":16,"playtime":540,"items_purged":["Strike_B"],"score":145,"play_id":"be15e84a-cf23-4246-a7f5-670716432388","local_time":"20190427164005","is_ascension_mode":false,"campfire_choices":[{"data":"Loop","floor":6,"key":"SMITH"},{"data":"Go for the Eyes","floor":8,"key":"SMITH"},{"data":"Lockon","floor":15,"key":"SMITH"}],"neow_cost":"NONE","seed_source_timestamp":172727529727200,"circlet_count":0,"master_deck":["Strike_B","Strike_B","Defend_B","Defend_B","Defend_B+1","Defend_B","Zap","Dualcast+1","Go for the Eyes+1","Loop+1","Turbo","Lockon+1","Cold Snap","BootSequence","Self Repair","Leap"],"relics":["Cracked Core","NeowsBlessing","War Paint","Art of War","Tiny Chest","Boot"],"potions_floor_usage":[16],"damage_taken":[{"damage":0,"enemies":"Cultist","floor":1,"turns":1},{"damage":0,"enemies":"Jaw Worm","floor":2,"turns":1},{"damage":0,"enemies":"Gremlin Nob","floor":7,"turns":1},{"damage":0,"enemies":"Small Slimes","floor":10,"turns":3},{"damage":1,"enemies":"Blue Slaver","floor":11,"turns":2},{"damage":16,"enemies":"Lagavulin","floor":12,"turns":6},{"damage":0,"enemies":"Large Slime","floor":13,"turns":6},{"damage":28,"enemies":"Gremlin Nob","floor":14,"turns":4},{"damage":39,"enemies":"Slime Boss","floor":16,"turns":15}],"seed_played":"5475768929680941025","potions_obtained":[{"floor":7,"key":"SpeedPotion"},{"floor":11,"key":"SmokeBomb"}],"is_trial":false,"path_per_floor":["M","M","?","T","$","R","E","R","T","M","M","E","M","E","R","B"],"character_chosen":"DEFECT","items_purchased":[],"campfire_rested":0,"item_purchase_floors":[],"current_hp_per_floor":[75,75,75,75,75,75,75,75,75,75,74,58,58,37,37,0],"gold":242,"neow_bonus":"THREE_ENEMY_KILL","is_prod":false,"is_daily":false,"chose_seed":false,"campfire_upgraded":3,"win_rate":0,"timestamp":1556397605,"path_taken":["M","?","?","?","$","R","E","R","T","M","M","E","M","E","R","BOSS"],"build_version":"2019-01-23","purchased_purges":1,"victory":false,"max_hp_per_floor":[75,75,75,75,75,75,75,75,75,75,75,75,75,75,75,75],"card_choices":[{"not_picked":["Turbo","Recycle"],"picked":"Go for the Eyes","floor":1},{"not_picked":["Leap","Rebound"],"picked":"Loop","floor":2},{"not_picked":["Skim","Loop"],"picked":"Turbo","floor":7},{"not_picked":["Leap","Rebound"],"picked":"Lockon","floor":10},{"not_picked":["Heatsinks","Stack"],"picked":"Cold Snap","floor":11},{"not_picked":["Self Repair","Hologram"],"picked":"BootSequence","floor":12},{"not_picked":["Barrage","Coolheaded"],"picked":"Self Repair","floor":13},{"not_picked":["Hologram","Chill"],"picked":"Leap","floor":14}],"player_experience":705993,"relics_obtained":[{"floor":4,"key":"War Paint"},{"floor":7,"key":"Art of War"},{"floor":12,"key":"Tiny Chest"},{"floor":14,"key":"Boot"}],"event_choices":[{"cards_removed":["Strike_B"],"damage_healed":0,"gold_gain":0,"player_choice":"Card Removal","damage_taken":0,"max_hp_gain":0,"max_hp_loss":0,"event_name":"The Cleric","floor":3,"gold_loss":50}],"is_beta":false,"boss_relics":[],"items_purged_floors":[5],"is_endless":false,"potions_floor_spawned":[7,11],"killed_by":"Slime Boss","ascension_level":0}