{"gold_per_floor":[115,190,190,214,233,233,233,233,233,277,295,1,40,53,53,183,183,198,218,241,241,241,241,281,305,382,403,422,148,172,185,185,311,311,325,658,670,718,729,729,245,259,259,259,259,270,22,22,22,22,22,22,22,51,51],"floor_reached":56,"playtime":3255,"items_purged":["Strike_R"],"score":1329,"play_id":"ba994409-e250-49a4-b141-8ca1db59a6f6","local_time":"20190424171212","is_ascension_mode":false,"campfire_choices":[{"data":"Uppercut","floor":6.0,"key":"SMITH"},{"data":"Chrysalis","floor":15.0,"key":"SMITH"},{"floor":23.0,"key":"REST"},{"floor":32.0,"key":"RECALL"},{"data":"Dark Embrace","floor":40.0,"key":"SMITH"},{"data":"Flame Barrier","floor":44.0,"key":"SMITH"},{"floor":49,"key":"REST"},{"data":"Sentinel","floor":52,"key":"SMITH"}],"neow_cost":"NONE","seed_source_timestamp":89038646575200,"circlet_count":0,"master_deck":["Bash","Pommel Strike","Uppercut+1","Havoc","Chrysalis+1","Second Wind","Seeing Red","Offering","Berserk","Perfected Strike","Dark Embrace+1","Ghostly Armor","Sentinel+1","Exhume","Heavy Blade","Rampage","Battle Trance","Shrug It Off+1","Corruption","Seeing Red","Havoc","Shrug It Off","Corruption","Flame Barrier+1","Exhume","Intimidate","Battle Trance+1","Intimidate","Master of Strategy","Exhume","Madness","Madness","Rage+1","Corruption"],"special_seed":0,"relics":["Black Blood","NeowsBlessing","Bronze Scales","Dead Branch","Meat on the Bone","Gremlin Horn","Orichalcum","Pen Nib","Pandora\u0027s Box","Vajra","Darkstone Periapt","Lee\u0027s Waffle","Charon\u0027s Ashes","Champion Belt","Anchor","Self Forming Clay","Ginger"],"potions_floor_usage":[55,55],"damage_taken":[{"damage":0.0,"enemies":"Small Slimes","floor":1.0,"turns":1.0},{"damage":0.0,"enemies":"2 Louse","floor":5.0,"turns":1.0},{"damage":0.0,"enemies":"Gremlin Nob","floor":10.0,"turns":1.0},{"damage":1.0,"enemies":"Jaw Worm","floor":11.0,"turns":3.0},{"damage":16.0,"enemies":"Lagavulin","floor":13.0,"turns":6.0},{"damage":3.0,"enemies":"Exordium Wildlife","floor":14.0,"turns":4.0},{"damage":32.0,"enemies":"Hexaghost","floor":16.0,"turns":9.0},{"damage":14.0,"enemies":"Chosen","floor":18.0,"turns":3.0},{"damage":13.0,"enemies":"3 Byrds","floor":19.0,"turns":3.0},{"damage":40.0,"enemies":"Sentry and Sphere","floor":20.0,"turns":6.0},{"damage":3.0,"enemies":"Gremlin Leader","floor":24.0,"turns":5.0},{"damage":6.0,"enemies":"Centurion and Healer","floor":25.0,"turns":6.0},{"damage":0.0,"enemies":"Cultist and Chosen","floor":27.0,"turns":3.0},{"damage":6.0,"enemies":"Snake Plant","floor":28.0,"turns":2.0},{"damage":14.0,"enemies":"Centurion and Healer","floor":30.0,"turns":5.0},{"damage":9.0,"enemies":"Sentry and Sphere","floor":31.0,"turns":2.0},{"damage":21.0,"enemies":"Automaton","floor":33.0,"turns":5.0},{"damage":6.0,"enemies":"3 Shapes","floor":35.0,"turns":1.0},{"damage":3.0,"enemies":"Orb Walker","floor":37.0,"turns":3.0},{"damage":14.0,"enemies":"2 Orb Walkers","floor":38.0,"turns":3.0},{"damage":28.0,"enemies":"Jaw Worm Horde","floor":39.0,"turns":3.0},{"damage":7.0,"enemies":"Transient","floor":42.0,"turns":5.0},{"damage":19.0,"enemies":"Writhing Mass","floor":46.0,"turns":6.0},{"damage":6,"enemies":"Awakened One","floor":50,"turns":4},{"damage":0,"enemies":"Shield and Spear","floor":54,"turns":3},{"damage":17,"enemies":"The Heart","floor":55,"turns":5}],"seed_played":"-7718937210786601185","potions_obtained":[{"floor":5.0,"key":"Dexterity Potion"},{"floor":10.0,"key":"LiquidBronze"},{"floor":11.0,"key":"Poison Potion"},{"floor":18.0,"key":"Energy Potion"},{"floor":30.0,"key":"SneckoOil"},{"floor":46.0,"key":"SkillPotion"},{"floor":54,"key":"Energy Potion"}],"is_trial":false,"path_per_floor":["M","?","?","T","M","R","?","?","T","E","M","$","E","M","R","B",null,"M","M","M","?","?","R","E","M","T","M","M","$","M","M","R","B",null,"M","?","M","?","M","R","$","M","T","R","?","M","$","?","R","B",null,"R","$","E","B",null],"character_chosen":"IRONCLAD","items_purchased":["Havoc","Chrysalis","Corruption","Lee\u0027s Waffle","Champion Belt","Master of Strategy","Self Forming Clay"],"campfire_rested":2,"item_purchase_floors":[12,12,29,29,41,41,47],"current_hp_per_floor":[80,69,49,49,55,55,48,48,48,54,59,59,49,52,52,38,80,72,65,43,43,43,67,70,70,70,76,76,87,79,76,76,61,87,87,87,87,83,65,65,65,68,68,68,57,60,60,60,86,87,87,87,87,87,80],"gold":51,"neow_bonus":"THREE_ENEMY_KILL","is_prod":false,"is_daily":false,"chose_seed":false,"campfire_upgraded":5,"win_rate":0,"timestamp":1556140332,"path_taken":["M","?","?","?","?","R","?","?","T","E","M","$","E","M","R","BOSS","M","M","M","?","?","R","E","M","T","M","M","$","M","M","R","BOSS","M","?","M","?","?","R","?","M","T","R","?","M","$","?","R","BOSS","R","$","E","BOSS"],"build_version":"2019-01-23","purchased_purges":1,"victory":true,"max_hp_per_floor":[80,80,80,80,80,80,80,80,80,80,80,80,80,80,80,80,80,80,80,80,80,80,80,80,80,80,80,80,87,87,87,87,87,87,87,87,87,87,87,87,87,87,87,87,87,87,87,87,87,87,87,87,87,87,87],"card_choices":[{"not_picked":["Rampage","Seeing Red"],"picked":"Pommel Strike","floor":1.0},{"not_picked":["Rampage","Pommel Strike"],"picked":"Uppercut","floor":5.0},{"not_picked":["Perfected Strike","Anger","Rage"],"picked":"SKIP","floor":10.0},{"not_picked":["Dual Wield","Twin Strike","Pommel Strike"],"picked":"SKIP","floor":11.0},{"not_picked":["Bludgeon","Bloodletting"],"picked":"Second Wind","floor":13.0},{"not_picked":["Pommel Strike","Combust"],"picked":"Seeing Red","floor":14.0},{"not_picked":["Brutality","Exhume"],"picked":"Offering","floor":16.0},{"not_picked":["Cleave","Ghostly Armor","Blood for Blood"],"picked":"SKIP","floor":18.0},{"not_picked":["Spot Weakness","Carnage"],"picked":"Battle Trance","floor":19.0},{"not_picked":["Metallicize","Battle Trance"],"picked":"Shrug It Off+1","floor":20.0},{"not_picked":["Rage","Berserk"],"picked":"Corruption","floor":24.0},{"not_picked":["Flex","Twin Strike"],"picked":"Seeing Red","floor":25.0},{"not_picked":["Body Slam","Clothesline"],"picked":"Havoc","floor":27.0},{"not_picked":["Carnage+1","Entrench"],"picked":"Shrug It Off","floor":28.0},{"not_picked":["Dual Wield","Rupture"],"picked":"Flame Barrier","floor":30.0},{"not_picked":["Anger","Dark Embrace","Inflame+1"],"picked":"SKIP","floor":31.0},{"not_picked":["Feed","Berserk"],"picked":"Exhume","floor":33.0},{"not_picked":["Pummel+1","Rupture+1"],"picked":"Intimidate","floor":35.0},{"not_picked":["Heavy Blade","Rampage+1"],"picked":"Battle Trance+1","floor":37.0},{"not_picked":["Clash+1","Dropkick+1"],"picked":"Intimidate","floor":38.0},{"not_picked":["Whirlwind","Clash+1","Heavy Blade+1"],"picked":"SKIP","floor":39.0},{"not_picked":["Shrug It Off","Dual Wield"],"picked":"Exhume","floor":42.0},{"not_picked":["Entrench+1","Iron Wave"],"picked":"Rage+1","floor":46.0},{"not_picked":["Anger+1","Reaper","Inflame+1"],"picked":"SKIP","floor":54}],"player_experience":685938,"relics_obtained":[{"floor":4.0,"key":"Bronze Scales"},{"floor":9.0,"key":"Gremlin Horn"},{"floor":10.0,"key":"Orichalcum"},{"floor":13.0,"key":"Pen Nib"},{"floor":24.0,"key":"Darkstone Periapt"},{"floor":38.0,"key":"Charon\u0027s Ashes"},{"floor":43.0,"key":"Anchor"},{"floor":54,"key":"Ginger"}],"event_choices":[{"damage_healed":0.0,"max_hp_gain":0.0,"max_hp_loss":0.0,"gold_gain":75.0,"event_name":"World of Goop","player_choice":"Gather Gold","floor":2.0,"gold_loss":0.0,"damage_taken":11.0},{"damage_healed":0.0,"max_hp_gain":0.0,"max_hp_loss":0.0,"gold_gain":0.0,"event_name":"Golden Idol","player_choice":"Take Damage","floor":3.0,"gold_loss":0.0,"damage_taken":20.0,"relics_obtained":["Golden Idol"]},{"damage_healed":0.0,"max_hp_gain":0.0,"max_hp_loss":0.0,"gold_gain":0.0,"event_name":"Scrap Ooze","player_choice":"Success","floor":7.0,"gold_loss":0.0,"damage_taken":7.0,"relics_obtained":["Dead Branch"]},{"damage_healed":0.0,"max_hp_gain":0.0,"max_hp_loss":0.0,"gold_gain":0.0,"event_name":"Dead Adventurer","player_choice":"Searched \u00272\u0027 times","floor":8.0,"gold_loss":0.0,"damage_taken":0.0,"relics_obtained":["Meat on the Bone"]},{"damage_healed":0.0,"max_hp_gain":0.0,"max_hp_loss":0.0,"gold_gain":0.0,"event_name":"The Mausoleum","player_choice":"Opened","floor":21.0,"gold_loss":0.0,"damage_taken":0.0,"relics_obtained":["Vajra"]},{"damage_healed":0.0,"max_hp_gain":0.0,"max_hp_loss":0.0,"gold_gain":0.0,"event_name":"Vampires","player_choice":"Ignored","floor":22.0,"gold_loss":0.0,"damage_taken":0.0},{"damage_healed":0.0,"max_hp_gain":0.0,"max_hp_loss":0.0,"gold_gain":333.0,"event_name":"The Moai Head","player_choice":"Gave Idol","floor":36.0,"relics_lost":["Golden Idol"],"gold_loss":0.0,"damage_taken":0.0},{"damage_healed":0.0,"max_hp_gain":0.0,"max_hp_loss":0.0,"gold_gain":0.0,"event_name":"Mysterious Sphere","player_choice":"Fight","floor":38.0,"gold_loss":0.0,"damage_taken":0.0},{"damage_healed":0.0,"max_hp_gain":0.0,"max_hp_loss":0.0,"gold_gain":0.0,"event_name":"Winding Halls","player_choice":"Embrace Madness","floor":45.0,"gold_loss":0.0,"damage_taken":11.0,"cards_obtained":["Madness","Madness"]},{"damage_healed":0,"gold_gain":0,"player_choice":"Copied","damage_taken":0,"max_hp_gain":0,"max_hp_loss":0,"event_name":"Duplicator","floor":48,"gold_loss":0,"cards_obtained":["Corruption"]}],"is_beta":false,"boss_relics":[{"not_picked":["Busted Crown","Empty Cage"],"picked":"Pandora\u0027s Box"},{"not_picked":["Coffee Dripper","Orrery"],"picked":"Black Blood"}],"items_purged_floors":[12],"is_endless":false,"potions_floor_spawned":[5,10,11,18,25,28,30,33,37,46,54],"ascension_level":0}