{"gold_per_floor":[115,28,45,45,60,87,87,119,119,119,148,175,175,194,194,271,271,283,109,120,154,20,20,20,47,47,47,67,67,67,99,99,174,174,185,195,205,205,219,245,245,245,245,274,274,286,311,533,533,533],"floor_reached":50,"playtime":5907,"items_purged":[],"score":1263,"play_id":"611953c2-9116-4acc-9a18-84096fce75c8","local_time":"20190320202519","is_ascension_mode":true,"campfire_choices":[{"floor":10.0,"key":"REST"},{"floor":13.0,"key":"REST"},{"data":"After Image","floor":15.0,"key":"SMITH"},{"floor":23.0,"key":"REST"},{"floor":29.0,"key":"REST"},{"data":"Footwork","floor":32.0,"key":"SMITH"},{"floor":41.0,"key":"REST"},{"floor":42.0,"key":"REST"},{"data":"Noxious Fumes","floor":45.0,"key":"SMITH"},{"data":"A Thousand Cuts","floor":49.0,"key":"SMITH"}],"neow_cost":"NONE","seed_source_timestamp":608858176328482,"circlet_count":0,"master_deck":["AscendersBane","Defend_G","Defend_G","Defend_G","Defend_G","Defend_G","Strike_G","Strike_G","Strike_G","Strike_G","Strike_G","Survivor","Neutralize+1","Flying Knee","Terror+1","Dagger Spray","Leg Sweep","Leg Sweep","Dagger Throw","After Image+1","Dash","A Thousand Cuts+1","Slice+1","Footwork+1","Noxious Fumes+1","Well Laid Plans","Deadly Poison","Calculated Gamble","Infinite Blades","PiercingWail","Burst","Crippling Poison","Skewer+1","Backflip","Escape Plan","PiercingWail","Poisoned Stab+1","Deflect"],"special_seed":0,"relics":["Ring of the Serpent","Torii","Paper Crane","The Specimen","WingedGreaves","The Courier","Anchor","Red Mask","Happy Flower","Pocketwatch","Letter Opener","Molten Egg 2","HoveringKite","Orichalcum","Ancient Tea Set","Bottled Tornado"],"potions_floor_usage":[],"damage_taken":[{"damage":0.0,"enemies":"2 Louse","floor":1.0,"turns":2.0},{"damage":2.0,"enemies":"Jaw Worm","floor":3.0,"turns":4.0},{"damage":0.0,"enemies":"Small Slimes","floor":5.0,"turns":3.0},{"damage":8.0,"enemies":"Gremlin Nob","floor":6.0,"turns":3.0},{"damage":24.0,"enemies":"3 Sentries","floor":8.0,"turns":11.0},{"damage":10.0,"enemies":"Lagavulin","floor":11.0,"turns":10.0},{"damage":18.0,"enemies":"Gremlin Nob","floor":12.0,"turns":4.0},{"damage":1.0,"enemies":"Blue Slaver","floor":14.0,"turns":2.0},{"damage":15.0,"enemies":"Hexaghost","floor":16.0,"turns":12.0},{"damage":0.0,"enemies":"Shell Parasite","floor":18.0,"turns":7.0},{"damage":11.0,"enemies":"Spheric Guardian","floor":20.0,"turns":8.0},{"damage":27.0,"enemies":"Masked Bandits","floor":21.0,"turns":6.0},{"damage":17.0,"enemies":"Slavers","floor":25.0,"turns":8.0},{"damage":1.0,"enemies":"Snecko","floor":28.0,"turns":7.0},{"damage":2.0,"enemies":"Book of Stabbing","floor":31.0,"turns":6.0},{"damage":10.0,"enemies":"Automaton","floor":33.0,"turns":11.0},{"damage":27.0,"enemies":"3 Shapes","floor":35.0,"turns":5.0},{"damage":0.0,"enemies":"Orb Walker","floor":36.0,"turns":5.0},{"damage":0.0,"enemies":"Sphere and 2 Shapes","floor":37.0,"turns":4.0},{"damage":7.0,"enemies":"Writhing Mass","floor":39.0,"turns":10.0},{"damage":23.0,"enemies":"Reptomancer","floor":40.0,"turns":10.0},{"damage":0.0,"enemies":"Nemesis","floor":44.0,"turns":11.0},{"damage":0.0,"enemies":"Maw","floor":46.0,"turns":9.0},{"damage":2.0,"enemies":"Reptomancer","floor":47.0,"turns":7.0},{"damage":52,"enemies":"Awakened One","floor":50,"turns":8}],"seed_played":"637601756135664905","potions_obtained":[{"floor":3.0,"key":"GamblersBrew"},{"floor":11.0,"key":"GhostInAJar"},{"floor":12.0,"key":"Explosive Potion"},{"floor":25.0,"key":"FearPotion"},{"floor":31.0,"key":"Energy Potion"},{"floor":33.0,"key":"Dexterity Potion"},{"floor":44.0,"key":"Regen Potion"},{"floor":46.0,"key":"SteroidPotion"}],"is_trial":false,"path_per_floor":["M","$","M","?","M","E","?","E","T","R","E","E","R","M","R","B",null,"M","$","M","?","$","R","?","E","T","$","M","R","?","E","R","B",null,"M","M","M","?","M","E","R","R","T","E","R","M","E","?","R","B"],"character_chosen":"THE_SILENT","items_purchased":["Terror","Footwork","Noxious Fumes","Well Laid Plans","Happy Flower"],"campfire_rested":6,"item_purchase_floors":[2,19,19,19,22],"current_hp_per_floor":[59,59,57,46,46,38,38,14,14,33,23,5,24,23,23,8,52,52,52,41,14,14,33,46,29,29,29,28,47,47,45,45,35,58,31,31,31,31,24,1,19,37,37,37,37,37,50,50,50,0],"gold":533,"neow_bonus":"UPGRADE_CARD","is_prod":false,"is_daily":false,"chose_seed":false,"campfire_upgraded":4,"win_rate":0,"timestamp":1553131519,"path_taken":["M","$","M","?","M","E","?","E","T","R","E","E","R","M","R","BOSS","M","$","M","?","$","R","?","E","T","$","?","R","?","E","R","BOSS","M","?","M","?","M","E","R","R","T","E","R","M","E","?","R","BOSS"],"build_version":"2019-01-23","purchased_purges":0,"victory":false,"max_hp_per_floor":[66,66,66,66,66,66,66,66,66,66,66,66,66,66,66,66,66,66,66,66,66,66,66,66,66,66,66,66,66,66,66,66,66,66,66,66,66,63,63,63,63,63,63,63,63,63,63,63,63,63],"card_choices":[{"not_picked":["Quick Slash","Dagger Spray"],"picked":"Flying Knee","floor":1.0},{"not_picked":["PiercingWail","Prepared"],"picked":"Dagger Spray","floor":3.0},{"not_picked":["Dagger Spray","Expertise"],"picked":"Flying Knee","floor":5.0},{"not_picked":["Quick Slash","Bouncing Flask"],"picked":"Leg Sweep","floor":6.0},{"not_picked":["Setup","Backflip"],"picked":"Leg Sweep","floor":8.0},{"not_picked":["Blur","Dodge and Roll"],"picked":"Dagger Throw","floor":11.0},{"not_picked":["Heel Hook","Accuracy"],"picked":"After Image","floor":12.0},{"not_picked":["Prepared","Terror"],"picked":"Dash","floor":14.0},{"not_picked":["Venomology","Bullet Time"],"picked":"A Thousand Cuts","floor":16.0},{"not_picked":["Deadly Poison","Dagger Spray"],"picked":"Slice+1","floor":18.0},{"not_picked":["Blade Dance","Flying Knee","Sucker Punch"],"picked":"SKIP","floor":20.0},{"not_picked":["Bane","Predator"],"picked":"Deadly Poison","floor":21.0},{"not_picked":["Tactician","Heel Hook"],"picked":"Calculated Gamble","floor":25.0},{"not_picked":["Masterful Stab","Heel Hook"],"picked":"Infinite Blades","floor":28.0},{"not_picked":["Skewer","Prepared"],"picked":"PiercingWail","floor":31.0},{"not_picked":["Malaise","Bullet Time"],"picked":"Burst","floor":33.0},{"not_picked":["Terror+1","Blade Dance","Flechettes+1"],"picked":"SKIP","floor":35.0},{"not_picked":["Flechettes+1","Slice+1"],"picked":"Crippling Poison","floor":36.0},{"not_picked":["Sucker Punch+1","Dagger Spray+1"],"picked":"Skewer+1","floor":37.0},{"not_picked":["Bane+1","Blade Dance"],"picked":"Backflip","floor":39.0},{"not_picked":["Backstab+1","Cloak And Dagger"],"picked":"Escape Plan","floor":40.0},{"not_picked":["Flying Knee+1","Bane+1"],"picked":"PiercingWail","floor":44.0},{"not_picked":["Flechettes+1","Finisher+1"],"picked":"Poisoned Stab+1","floor":46.0},{"not_picked":["Deadly Poison","Sucker Punch+1"],"picked":"Deflect","floor":47.0}],"player_experience":879694,"relics_obtained":[{"floor":6.0,"key":"Paper Crane"},{"floor":8.0,"key":"The Specimen"},{"floor":9.0,"key":"WingedGreaves"},{"floor":11.0,"key":"The Courier"},{"floor":12.0,"key":"Anchor"},{"floor":21.0,"key":"Red Mask"},{"floor":25.0,"key":"Pocketwatch"},{"floor":31.0,"key":"Molten Egg 2"},{"floor":40.0,"key":"Orichalcum"},{"floor":43.0,"key":"Ancient Tea Set"},{"floor":44.0,"key":"Bottled Tornado"}],"event_choices":[{"damage_healed":0.0,"max_hp_gain":0.0,"max_hp_loss":0.0,"gold_gain":0.0,"event_name":"Scrap Ooze","player_choice":"Success","floor":4.0,"gold_loss":0.0,"damage_taken":11.0,"relics_obtained":["Torii"]},{"damage_healed":0.0,"max_hp_gain":0.0,"max_hp_loss":0.0,"gold_gain":0.0,"event_name":"Living Wall","player_choice":"Grow","floor":7.0,"gold_loss":0.0,"damage_taken":0.0,"cards_upgraded":["Terror"]},{"damage_healed":0.0,"max_hp_gain":0.0,"max_hp_loss":0.0,"gold_gain":0.0,"event_name":"Masked Bandits","player_choice":"Fought Bandits","floor":21.0,"gold_loss":0.0,"damage_taken":0.0},{"damage_healed":13.0,"max_hp_gain":0.0,"max_hp_loss":0.0,"gold_gain":0.0,"event_name":"The Library","player_choice":"Heal","floor":24.0,"gold_loss":0.0,"damage_taken":0.0},{"cards_removed":["Flying Knee"],"damage_healed":0.0,"max_hp_gain":0.0,"max_hp_loss":0.0,"gold_gain":0.0,"event_name":"WeMeetAgain","player_choice":"Gave Card","floor":30.0,"gold_loss":0.0,"damage_taken":0.0,"relics_obtained":["Letter Opener"]},{"damage_healed":0.0,"max_hp_gain":0.0,"max_hp_loss":3.0,"gold_gain":0.0,"event_name":"Winding Halls","player_choice":"Max HP","floor":38.0,"gold_loss":0.0,"damage_taken":0.0},{"damage_healed":0.0,"max_hp_gain":0.0,"max_hp_loss":0.0,"gold_gain":222.0,"event_name":"Tomb of Lord Red Mask","player_choice":"Wore Mask","floor":48.0,"gold_loss":0.0,"damage_taken":0.0}],"is_beta":false,"boss_relics":[{"not_picked":["Coffee Dripper","Empty Cage"],"picked":"Ring of the Serpent"},{"not_picked":["Eternal Feather","Fusion Hammer"],"picked":"HoveringKite"}],"items_purged_floors":[],"is_endless":false,"potions_floor_spawned":[3,11,12,14,16,18,25,31,33,37,44,46],"killed_by":"Awakened One","ascension_level":20}