{"gold_per_floor":[119,119,119,294,308,308,351,371,371,56,74,23,23,23,23,143,143,157,18,36,57,75,75,75],"floor_reached":24,"playtime":891,"items_purged":["Doubt","Regret"],"score":221,"play_id":"9e8b347b-3cfd-483c-b72e-edf8d342e430","local_time":"20181208194544","is_ascension_mode":false,"campfire_choices":[{"floor":6,"key":"REST"},{"floor":15,"key":"REST"},{"floor":23,"key":"REST"}],"neow_cost":"CURSE","seed_source_timestamp":87977626944662,"circlet_count":0,"master_deck":["Strike_B","Strike_B","Strike_B","Strike_B","Defend_B","Defend_B","Defend_B","Defend_B","Zap","Dualcast+1","Parasite","Rip and Tear","Static Discharge","Capacitor","Turbo","Hello World","Seek","Genetic Algorithm","Conserve Battery","Multi-Cast","Decay","Pain","Conserve Battery","Lockon","BootSequence","Steam","Melter"],"relics":["Cracked Core","Gambling Chip","Golden Idol","Darkstone Periapt","FaceOfCleric","Calling Bell","Ancient Tea Set","Ornamental Fan","Thread and Needle"],"potions_floor_usage":[7,20,21,24],"damage_taken":[{"damage":1,"enemies":"Jaw Worm","floor":1,"turns":4},{"damage":0,"enemies":"2 Louse","floor":5,"turns":2},{"damage":18,"enemies":"Gremlin Nob","floor":7,"turns":4},{"damage":1,"enemies":"Small Slimes","floor":8,"turns":3},{"damage":2,"enemies":"Blue Slaver","floor":11,"turns":4},{"damage":46,"enemies":"Hexaghost","floor":16,"turns":8},{"damage":6,"enemies":"3 Byrds","floor":18,"turns":3},{"damage":7,"enemies":"Chosen","floor":20,"turns":7},{"damage":52,"enemies":"Shelled Parasite and Fungi","floor":21,"turns":8},{"damage":21,"enemies":"Snake Plant","floor":22,"turns":5},{"damage":42,"enemies":"Book of Stabbing","floor":24,"turns":5}],"seed_played":"-5115729598926187234","potions_obtained":[{"floor":5,"key":"AttackPotion"},{"floor":16,"key":"Block Potion"},{"floor":18,"key":"FocusPotion"},{"floor":22,"key":"AttackPotion"}],"is_trial":false,"path_per_floor":["M","?","?","?","M","R","E","M","T","$","M","$","?","$","R","B",null,"M","$","M","M","M","R","E"],"character_chosen":"DEFECT","items_purchased":["Turbo","Hello World","Seek","Conserve Battery","Lockon"],"campfire_rested":3,"item_purchase_floors":[10,10,10,12,19],"current_hp_per_floor":[74,74,56,56,56,75,57,56,56,56,54,54,54,54,75,30,94,89,89,83,32,12,41,0],"gold":75,"neow_bonus":"ONE_RARE_RELIC","is_prod":false,"is_daily":false,"chose_seed":false,"campfire_upgraded":0,"win_rate":0,"timestamp":1544294744,"path_taken":["M","?","?","?","M","R","E","M","T","$","M","?","?","$","R","BOSS","M","$","M","?","?","R","E"],"build_version":"2018-12-06","purchased_purges":2,"victory":false,"max_hp_per_floor":[75,75,75,75,75,75,75,75,75,75,75,75,75,75,75,76,94,95,95,96,97,98,98,98],"card_choices":[{"not_picked":["Consume","Coolheaded"],"picked":"Rip and Tear","floor":1},{"not_picked":["Conserve Battery","Redo"],"picked":"Static Discharge","floor":5},{"not_picked":["Rebound","Force Field","Barrage"],"picked":"SKIP","floor":7},{"not_picked":["Fusion","Beam Cell"],"picked":"Capacitor","floor":8},{"not_picked":["Undo","Rip and Tear"],"picked":"Genetic Algorithm","floor":11},{"not_picked":["Seek","Rainbow"],"picked":"Multi-Cast","floor":16},{"not_picked":["White Noise","Redo"],"picked":"Conserve Battery","floor":18},{"not_picked":["Coolheaded+1","Chaos+1"],"picked":"BootSequence","floor":20},{"not_picked":["Turbo","Gash"],"picked":"Steam","floor":21},{"not_picked":["Doom and Gloom+1","Skim"],"picked":"Melter","floor":22}],"player_experience":312639,"relics_obtained":[{"floor":7,"key":"Darkstone Periapt"},{"floor":17,"key":"Ancient Tea Set"},{"floor":17,"key":"Ornamental Fan"},{"floor":17,"key":"Thread and Needle"}],"event_choices":[{"damage_healed":0,"gold_gain":0,"player_choice":"Grow","damage_taken":0,"max_hp_gain":0,"max_hp_loss":0,"event_name":"Living Wall","floor":2,"gold_loss":0,"cards_upgraded":["Dualcast"]},{"damage_healed":0,"gold_gain":0,"player_choice":"Take Damage","damage_taken":18,"relics_obtained":["Golden Idol"],"max_hp_gain":0,"max_hp_loss":0,"event_name":"Golden Idol","floor":3,"gold_loss":0},{"damage_healed":0,"gold_gain":175,"player_choice":"AGREE","damage_taken":0,"max_hp_gain":0,"max_hp_loss":0,"event_name":"Liars Game","floor":4,"gold_loss":0,"cards_obtained":["Doubt"]},{"damage_healed":0,"gold_gain":0,"player_choice":"Trade","damage_taken":0,"relics_obtained":["FaceOfCleric"],"max_hp_gain":0,"max_hp_loss":0,"event_name":"FaceTrader","floor":13,"gold_loss":0}],"is_beta":false,"boss_relics":[{"not_picked":["FrozenCore","Eternal Feather"],"picked":"Calling Bell"}],"items_purged_floors":[10,19],"is_endless":false,"potions_floor_spawned":[5,16,18,22],"killed_by":"Book of Stabbing","ascension_level":0}