{"gold_per_floor":[117,133,133,83,32,63,63,27,27,47,222,247,22,22,22,22],"floor_reached":16,"playtime":554,"items_purged":[],"score":152,"play_id":"5875caf1-2095-4d32-9f6c-1c104b056974","local_time":"20181209180950","is_ascension_mode":true,"campfire_choices":[{"floor":7.0,"key":"REST"},{"data":"Armaments","floor":15.0,"key":"SMITH"}],"neow_cost":"PERCENT_DAMAGE","seed_source_timestamp":7633147666541,"circlet_count":0,"master_deck":["AscendersBane","Strike_R","Strike_R","Strike_R","Strike_R","Strike_R","Defend_R","Defend_R","Defend_R","Defend_R","Bash","Juggernaut","Cleave","Flame Barrier","Armaments+1","Rupture","Shrug It Off+1","Ghostly Armor+1","Dual Wield+1","Feel No Pain"],"special_seed":0,"relics":["Burning Blood","Golden Idol","Toxic Egg 2","Ornamental Fan"],"potions_floor_usage":[],"damage_taken":[{"damage":3.0,"enemies":"Jaw Worm","floor":1.0,"turns":5.0},{"damage":10.0,"enemies":"Small Slimes","floor":2.0,"turns":3.0},{"damage":33.0,"enemies":"Lagavulin","floor":6.0,"turns":9.0},{"damage":10.0,"enemies":"2 Louse","floor":10.0,"turns":3.0},{"damage":6.0,"enemies":"Large Slime","floor":12.0,"turns":7.0},{"damage":59,"enemies":"Slime Boss","floor":16,"turns":8}],"seed_played":"1273496558035898252","potions_obtained":[{"floor":10.0,"key":"EssenceOfSteel"}],"is_trial":false,"path_per_floor":["M","M","?","?","$","E","R","?","T","M","?","M","$","?","R","B"],"character_chosen":"IRONCLAD","items_purchased":["Armaments","Dual Wield+1","Feel No Pain","LiquidBronze"],"campfire_rested":1,"item_purchase_floors":[5,13,13,13],"current_hp_per_floor":[54,50,50,50,50,23,47,47,47,43,43,43,43,43,43,0],"gold":22,"neow_bonus":"THREE_RARE_CARDS","is_prod":false,"is_daily":false,"chose_seed":false,"campfire_upgraded":1,"win_rate":0,"timestamp":1544396990,"path_taken":["M","M","?","?","$","E","R","?","T","M","?","M","$","?","R","BOSS"],"build_version":"2018-12-06","purchased_purges":0,"victory":false,"max_hp_per_floor":[80,80,80,80,80,80,80,80,80,80,80,80,80,80,80,80],"card_choices":[{"not_picked":["Brutality","Limit Break"],"picked":"Juggernaut","floor":0.0},{"not_picked":["Clothesline","Twin Strike"],"picked":"Cleave","floor":1.0},{"not_picked":["Cleave","Headbutt"],"picked":"Flame Barrier","floor":2.0},{"not_picked":["Clash","Pommel Strike"],"picked":"Rupture","floor":6.0},{"not_picked":["Cleave","Flame Barrier+1"],"picked":"Shrug It Off+1","floor":10.0},{"not_picked":["Flame Barrier+1","Flex+1"],"picked":"Ghostly Armor+1","floor":12.0}],"player_experience":420384,"relics_obtained":[{"floor":6.0,"key":"Toxic Egg 2"},{"floor":9.0,"key":"Ornamental Fan"}],"event_choices":[{"damage_healed":0.0,"max_hp_gain":0.0,"max_hp_loss":0.0,"gold_gain":0.0,"event_name":"Golden Idol","player_choice":"Take Wound","floor":3.0,"gold_loss":0.0,"damage_taken":0.0,"relics_obtained":["Golden Idol"],"cards_obtained":["Injury"]},{"cards_removed":["Injury"],"damage_healed":0.0,"max_hp_gain":0.0,"max_hp_loss":0.0,"gold_gain":0.0,"event_name":"The Cleric","player_choice":"Card Removal","floor":4.0,"gold_loss":50.0,"damage_taken":0.0},{"damage_healed":0.0,"max_hp_gain":0.0,"max_hp_loss":0.0,"gold_gain":0.0,"event_name":"World of Goop","player_choice":"Left Gold","floor":8.0,"gold_loss":36.0,"damage_taken":0.0},{"damage_healed":0.0,"max_hp_gain":0.0,"max_hp_loss":0.0,"gold_gain":175.0,"event_name":"Liars Game","player_choice":"AGREE","floor":11.0,"gold_loss":0.0,"damage_taken":0.0,"cards_obtained":["Doubt"]},{"cards_removed":["Doubt"],"damage_healed":0.0,"max_hp_gain":0.0,"max_hp_loss":0.0,"gold_gain":0.0,"event_name":"Living Wall","player_choice":"Forget","floor":14.0,"gold_loss":0.0,"damage_taken":0.0}],"is_beta":false,"boss_relics":[],"items_purged_floors":[],"is_endless":false,"potions_floor_spawned":[10],"killed_by":"Slime Boss","ascension_level":11}