{"gold_per_floor":[111,129,149,15,15,15,50,50,50,75,75,75,91,91,91,180,180,198,213,213,138,138,163,163,163,163,181,200,211,211,221,221,221],"floor_reached":33,"playtime":2475,"items_purged":[],"score":514,"play_id":"feb8c1ed-67fc-4436-b47d-c08abd729418","local_time":"20190504131756","is_ascension_mode":true,"campfire_choices":[{"data":"Wild Strike","floor":6.0,"key":"SMITH"},{"floor":8.0,"key":"REST"},{"floor":12.0,"key":"REST"},{"data":"Corruption","floor":15.0,"key":"SMITH"},{"data":"Bash","floor":25.0,"key":"SMITH"},{"floor":30.0,"key":"REST"},{"floor":32.0,"key":"REST"}],"neow_cost":"NONE","seed_source_timestamp":0,"circlet_count":0,"master_deck":["AscendersBane","Strike_R+1","Strike_R+1","Strike_R+1","Strike_R+1","Strike_R+1","Defend_R+1","Defend_R+1","Defend_R+1","Defend_R+1","Bash+1","Wild Strike+1","Perfected Strike+1","Pommel Strike","Evolve","True Grit+1","Corruption+1","Reaper","Clothesline","Shrug It Off","Dark Embrace","True Grit","Pommel Strike","Headbutt","Havoc","Writhe","Pommel Strike+1","Warcry+1","Bloodletting+1","Perfected Strike","Warcry+1","True Grit+1","Disarm+1"],"special_seed":0,"relics":["Burning Blood","NeowsBlessing","Mercury Hourglass","Orichalcum","Dream Catcher","Bloody Idol","Sundial","Sozu","Pocketwatch","Toxic Egg 2"],"potions_floor_usage":[33],"damage_taken":[{"damage":0.0,"enemies":"Cultist","floor":1.0,"turns":1.0},{"damage":0.0,"enemies":"2 Louse","floor":2.0,"turns":1.0},{"damage":0.0,"enemies":"Jaw Worm","floor":3.0,"turns":1.0},{"damage":21.0,"enemies":"3 Sentries","floor":7.0,"turns":7.0},{"damage":21.0,"enemies":"Lagavulin","floor":10.0,"turns":7.0},{"damage":4.0,"enemies":"Exordium Thugs","floor":13.0,"turns":4.0},{"damage":38.0,"enemies":"The Guardian","floor":16.0,"turns":9.0},{"damage":6.0,"enemies":"Chosen","floor":18.0,"turns":4.0},{"damage":23.0,"enemies":"3 Byrds","floor":19.0,"turns":5.0},{"damage":10.0,"enemies":"Centurion and Healer","floor":23.0,"turns":4.0},{"damage":23.0,"enemies":"Cultist and Chosen","floor":27.0,"turns":7.0},{"damage":37.0,"enemies":"Chosen and Byrds","floor":28.0,"turns":6.0},{"damage":21.0,"enemies":"Snake Plant","floor":29.0,"turns":3.0},{"damage":10.0,"enemies":"3 Cultists","floor":31.0,"turns":4.0},{"damage":92,"enemies":"Champ","floor":33,"turns":17}],"seed_played":"-6028890300931375290","potions_obtained":[{"floor":7.0,"key":"Swift Potion"},{"floor":10.0,"key":"FearPotion"},{"floor":16.0,"key":"SkillPotion"}],"is_trial":false,"path_per_floor":["M","M","M","$","?","R","E","R","T","E","?","R","M","T","R","B",null,"M","M","?","$","?","M","?","R","T","M","M","M","R","M","R","B"],"character_chosen":"IRONCLAD","items_purchased":["Evolve","True Grit","Headbutt","Havoc"],"campfire_rested":4,"item_purchase_floors":[4,4,21,21],"current_hp_per_floor":[74,75,75,75,52,52,37,59,59,44,18,40,42,42,42,14,60,64,54,54,54,54,56,56,56,56,44,24,15,37,47,69,0],"gold":221,"neow_bonus":"THREE_ENEMY_KILL","is_prod":false,"is_daily":false,"chose_seed":false,"campfire_upgraded":3,"win_rate":0,"timestamp":1556990276,"path_taken":["M","M","?","$","?","R","E","R","T","E","?","R","M","?","R","BOSS","M","M","?","$","?","M","?","R","T","M","?","M","R","M","R","BOSS"],"build_version":"2019-01-23","purchased_purges":0,"victory":false,"max_hp_per_floor":[75,75,75,75,75,75,75,75,75,75,75,75,75,75,75,75,75,75,75,75,75,75,75,75,75,75,75,75,75,75,75,75,75],"card_choices":[{"not_picked":["Havoc","Hemokinesis"],"picked":"Wild Strike","floor":1.0},{"not_picked":["Infernal Blade","Thunderclap"],"picked":"Perfected Strike","floor":2.0},{"not_picked":["Shockwave","Battle Trance"],"picked":"Pommel Strike","floor":3.0},{"not_picked":["Rampage","Sword Boomerang"],"picked":"Corruption","floor":7.0},{"not_picked":["Pommel Strike","Metallicize"],"picked":"Reaper","floor":10.0},{"not_picked":["Combust","Sentinel"],"picked":"Clothesline","floor":12.0},{"not_picked":["Flex","Cleave"],"picked":"Shrug It Off","floor":13.0},{"not_picked":["Bludgeon","Double Tap"],"picked":"Dark Embrace","floor":16.0},{"not_picked":["Anger","Burning Pact"],"picked":"True Grit","floor":18.0},{"not_picked":["Dropkick+1","Carnage"],"picked":"Pommel Strike","floor":19.0},{"not_picked":["Carnage","Havoc"],"picked":"Pommel Strike+1","floor":23.0},{"not_picked":["Clash","Headbutt"],"picked":"Warcry+1","floor":27.0},{"not_picked":["Heavy Blade+1","Sword Boomerang"],"picked":"Bloodletting+1","floor":28.0},{"not_picked":["Pommel Strike","Sever Soul"],"picked":"Perfected Strike","floor":29.0},{"not_picked":["Pummel","Flex+1"],"picked":"Warcry+1","floor":30.0},{"not_picked":["Shrug It Off+1","Blood for Blood+1"],"picked":"True Grit+1","floor":31.0},{"not_picked":["Evolve+1","Sever Soul"],"picked":"Disarm+1","floor":32.0}],"player_experience":867657,"relics_obtained":[{"floor":7.0,"key":"Mercury Hourglass"},{"floor":9.0,"key":"Orichalcum"},{"floor":10.0,"key":"Dream Catcher"},{"floor":14.0,"key":"Sundial"},{"floor":26.0,"key":"Toxic Egg 2"}],"event_choices":[{"damage_healed":0.0,"max_hp_gain":0.0,"max_hp_loss":0.0,"gold_gain":0.0,"event_name":"Shining Light","player_choice":"Entered Light","floor":5.0,"gold_loss":0.0,"damage_taken":23.0,"cards_upgraded":["Perfected Strike","True Grit"]},{"damage_healed":0.0,"max_hp_gain":0.0,"max_hp_loss":0.0,"gold_gain":0.0,"event_name":"Golden Idol","player_choice":"Take Damage","floor":11.0,"gold_loss":0.0,"damage_taken":26.0,"relics_obtained":["Golden Idol"]},{"damage_healed":0.0,"max_hp_gain":0.0,"max_hp_loss":0.0,"gold_gain":0.0,"event_name":"Back to Basics","player_choice":"Simplicity","floor":20.0,"gold_loss":0.0,"damage_taken":0.0,"cards_upgraded":["Strike_R","Strike_R","Strike_R","Strike_R","Strike_R","Defend_R","Defend_R","Defend_R","Defend_R"]},{"damage_healed":0.0,"max_hp_gain":0.0,"max_hp_loss":0.0,"gold_gain":0.0,"event_name":"The Mausoleum","player_choice":"Opened","floor":22.0,"gold_loss":0.0,"damage_taken":0.0,"relics_obtained":["Pocketwatch"],"cards_obtained":["Writhe"]},{"damage_healed":0.0,"max_hp_gain":0.0,"max_hp_loss":0.0,"gold_gain":0.0,"event_name":"Forgotten Altar","player_choice":"Gave Idol","floor":24.0,"relics_lost":["Golden Idol"],"gold_loss":0.0,"damage_taken":0.0,"relics_obtained":["Bloody Idol"]}],"is_beta":false,"boss_relics":[{"not_picked":["Runic Pyramid","Astrolabe"],"picked":"Sozu"}],"items_purged_floors":[],"is_endless":false,"potions_floor_spawned":[7,10,16,18,29,31],"killed_by":"Champ","ascension_level":20}