{"gold_per_floor":[118,79,97,117,137,169,188,188,188,217,217,217,230,230,230,303,303,316,316,316],"floor_reached":20,"playtime":1164,"items_purged":[],"score":350,"play_id":"70b51cc6-1bb7-4b4d-b4fd-3bfd20e4b20c","local_time":"20190131121253","is_ascension_mode":true,"campfire_choices":[{"floor":8.0,"key":"REST"},{"data":"Finisher","floor":11.0,"key":"SMITH"},{"data":"A Thousand Cuts","floor":15.0,"key":"SMITH"}],"neow_cost":"NONE","seed_source_timestamp":0,"circlet_count":0,"master_deck":["AscendersBane","Survivor","Neutralize","Cloak And Dagger","All Out Attack","Backstab","Flying Knee","Finisher+1","A Thousand Cuts+1","Infinite Blades","A Thousand Cuts","Well Laid Plans","Burst","Choke","Die Die Die","Dagger Spray","Phantasmal Killer","Reflex","Leg Sweep","Phantasmal Killer","RitualDagger"],"special_seed":0,"relics":["White Beast Statue","Strawberry","Ornamental Fan","Whetstone","Pandora\u0027s Box"],"potions_floor_usage":[20,20],"damage_taken":[{"damage":9.0,"enemies":"Jaw Worm","floor":1.0,"turns":9.0},{"damage":4.0,"enemies":"Small Slimes","floor":3.0,"turns":4.0},{"damage":0.0,"enemies":"Cultist","floor":4.0,"turns":4.0},{"damage":1.0,"enemies":"2 Fungi Beasts","floor":5.0,"turns":4.0},{"damage":22.0,"enemies":"3 Sentries","floor":6.0,"turns":9.0},{"damage":19.0,"enemies":"Large Slime","floor":7.0,"turns":6.0},{"damage":7.0,"enemies":"Lagavulin","floor":10.0,"turns":7.0},{"damage":0.0,"enemies":"3 Louse","floor":13.0,"turns":2.0},{"damage":23.0,"enemies":"Hexaghost","floor":16.0,"turns":10.0},{"damage":21,"enemies":"Spheric Guardian","floor":18,"turns":4},{"damage":33,"enemies":"Shell Parasite","floor":20,"turns":2}],"seed_played":"-8694285150944386143","potions_obtained":[{"floor":1.0,"key":"GamblersBrew"},{"floor":3.0,"key":"Energy Potion"},{"floor":4.0,"key":"Energy Potion"},{"floor":6.0,"key":"SkillPotion"},{"floor":10.0,"key":"Swift Potion"},{"floor":13.0,"key":"Explosive Potion"},{"floor":16.0,"key":"Poison Potion"},{"floor":18,"key":"PowerPotion"}],"is_trial":false,"path_per_floor":["M","?","M","M","M","E","M","R","T","E","R","?","M","?","R","B",null,"M","?","M"],"character_chosen":"THE_SILENT","items_purchased":[],"campfire_rested":1,"item_purchase_floors":[],"current_hp_per_floor":[50,50,46,46,45,30,11,32,32,25,25,25,25,25,25,2,55,34,28,0],"gold":316,"neow_bonus":"BOSS_RELIC","is_prod":false,"is_daily":false,"chose_seed":false,"campfire_upgraded":2,"win_rate":0,"timestamp":1548954773,"path_taken":["M","?","M","M","M","E","M","R","T","E","R","?","?","?","R","BOSS","M","?","M"],"build_version":"2019-01-23","purchased_purges":0,"victory":false,"max_hp_per_floor":[66,66,66,66,66,73,73,73,73,73,73,73,73,73,73,73,73,73,73,73],"card_choices":[{"not_picked":["Setup","Underhanded Strike"],"picked":"Cloak And Dagger","floor":1.0},{"not_picked":["Dagger Throw","Backflip"],"picked":"All Out Attack","floor":3.0},{"not_picked":["Prepared","PiercingWail","Underhanded Strike"],"picked":"SKIP","floor":4.0},{"not_picked":["Flechettes","Outmaneuver"],"picked":"Backstab","floor":5.0},{"not_picked":["Backflip","Heel Hook"],"picked":"Flying Knee","floor":6.0},{"not_picked":["Underhanded Strike","Night Terror"],"picked":"Finisher","floor":7.0},{"not_picked":["Outmaneuver","Acrobatics","Tactician"],"picked":"SKIP","floor":10.0},{"not_picked":["PiercingWail","Flying Knee"],"picked":"Infinite Blades","floor":13.0},{"not_picked":["Unload","Doppelganger"],"picked":"A Thousand Cuts","floor":16.0},{"not_picked":["Deflect","Flechettes","Dagger Spray"],"picked":"SKIP","floor":18}],"player_experience":610688,"relics_obtained":[{"floor":6.0,"key":"Strawberry"},{"floor":9.0,"key":"Ornamental Fan"},{"floor":10.0,"key":"Whetstone"}],"event_choices":[{"damage_healed":0.0,"max_hp_gain":0.0,"max_hp_loss":0.0,"gold_gain":0.0,"event_name":"World of Goop","player_choice":"Left Gold","floor":2.0,"gold_loss":39.0,"damage_taken":0.0},{"damage_healed":0.0,"max_hp_gain":0.0,"max_hp_loss":0.0,"gold_gain":0.0,"cards_transformed":["Strike_G"],"event_name":"Transmorgrifier","player_choice":"Transformed","floor":12.0,"gold_loss":0.0,"damage_taken":0.0,"cards_obtained":["A Thousand Cuts"]},{"damage_healed":0.0,"max_hp_gain":0.0,"max_hp_loss":0.0,"gold_gain":0.0,"event_name":"Liars Game","player_choice":"Ignored","floor":14.0,"gold_loss":0.0,"damage_taken":0.0},{"damage_healed":0,"gold_gain":0,"player_choice":"Joined the Cult","damage_taken":6,"max_hp_gain":0,"max_hp_loss":0,"event_name":"Nest","floor":19,"gold_loss":0,"cards_obtained":["RitualDagger"]}],"is_beta":false,"boss_relics":[{"not_picked":["Black Star","Coffee Dripper"],"picked":"Pandora\u0027s Box"}],"items_purged_floors":[],"is_endless":false,"potions_floor_spawned":[1,3,4,5,6,7,10,13,16,18],"killed_by":"Shell Parasite","ascension_level":18}