{"gold_per_floor":[219,231,254,6,19,50,50,50,124,159,159,189,209,242,242,319,319,333,157,174,174,184,184,184,215,215,215,235,235,251,271,271,349,349,364,254,270,90,90,150,150,150,218,229,261,273,303,33,33,33,33,33,33,33,63,63],"floor_reached":57,"playtime":5041,"items_purged":["Strike_G","Strike_G+1"],"score":2755,"play_id":"4c867d0c-bf92-4856-aded-5cd87167ee35","local_time":"20190327160455","is_ascension_mode":true,"campfire_choices":[{"floor":8.0,"key":"REST"},{"floor":11.0,"key":"REST"},{"floor":15.0,"key":"REST"},{"floor":23.0,"key":"REST"},{"floor":27.0,"key":"REST"},{"floor":29.0,"key":"REST"},{"floor":32.0,"key":"REST"},{"floor":41.0,"key":"REST"},{"floor":49.0,"key":"RECALL"},{"floor":53.0,"key":"REST"}],"neow_cost":"NONE","seed_source_timestamp":0,"circlet_count":0,"master_deck":["AscendersBane","Defend_G+1","Defend_G+1","Defend_G+1","Defend_G+1","Strike_G+1","Strike_G+1","Survivor","Neutralize","Noxious Fumes","Poisoned Stab+1","Apotheosis+1","Escape Plan","Dagger Throw","Caltrops","Cloak And Dagger","Bouncing Flask","Blur","Glass Knife","PiercingWail","Footwork","PiercingWail","Crippling Poison","RitualDagger","Deflect","Escape Plan","Bullet Time","Backflip+1","Noxious Fumes","PiercingWail","Escape Plan","Deadly Poison+1","Footwork+1","Backflip","Deflect"],"special_seed":0,"relics":["Ring of the Snake","Oddly Smooth Stone","Snake Skull","Bottled Tornado","Whetstone","Centennial Puzzle","Ginger","Runic Pyramid","Boot","Orrery","Tiny Chest","Paper Crane","Bottled Flame","Anchor","OrangePellets","Mercury Hourglass"],"potions_floor_usage":[56,56],"damage_taken":[{"damage":0.0,"enemies":"Cultist","floor":1.0,"turns":4.0},{"damage":4.0,"enemies":"Small Slimes","floor":2.0,"turns":4.0},{"damage":3.0,"enemies":"Jaw Worm","floor":5.0,"turns":6.0},{"damage":27.0,"enemies":"Gremlin Nob","floor":6.0,"turns":4.0},{"damage":0.0,"enemies":"Red Slaver","floor":7.0,"turns":1.0},{"damage":21.0,"enemies":"3 Sentries","floor":10.0,"turns":6.0},{"damage":20.0,"enemies":"Gremlin Nob","floor":12.0,"turns":4.0},{"damage":9.0,"enemies":"Large Slime","floor":13.0,"turns":5.0},{"damage":4.0,"enemies":"Lagavulin","floor":14.0,"turns":6.0},{"damage":13.0,"enemies":"Hexaghost","floor":16.0,"turns":8.0},{"damage":2.0,"enemies":"Chosen","floor":18.0,"turns":5.0},{"damage":0.0,"enemies":"3 Byrds","floor":20.0,"turns":4.0},{"damage":13.0,"enemies":"Shelled Parasite and Fungi","floor":22.0,"turns":5.0},{"damage":38.0,"enemies":"Slavers","floor":25.0,"turns":7.0},{"damage":17.0,"enemies":"3 Cultists","floor":28.0,"turns":6.0},{"damage":8.0,"enemies":"Centurion and Healer","floor":30.0,"turns":6.0},{"damage":2.0,"enemies":"Snake Plant","floor":31.0,"turns":4.0},{"damage":10.0,"enemies":"Champ","floor":33.0,"turns":14.0},{"damage":4.0,"enemies":"3 Darklings","floor":35.0,"turns":6.0},{"damage":2.0,"enemies":"Orb Walker","floor":37.0,"turns":4.0},{"damage":13.0,"enemies":"Reptomancer","floor":40.0,"turns":7.0},{"damage":0.0,"enemies":"Writhing Mass","floor":44.0,"turns":7.0},{"damage":7.0,"enemies":"Giant Head","floor":45.0,"turns":9.0},{"damage":4.0,"enemies":"3 Darklings","floor":46.0,"turns":6.0},{"damage":0.0,"enemies":"Nemesis","floor":47.0,"turns":9.0},{"damage":5.0,"enemies":"Time Eater","floor":50.0,"turns":12.0},{"damage":29.0,"enemies":"Donu and Deca","floor":51.0,"turns":11.0},{"damage":33.0,"enemies":"Shield and Spear","floor":55.0,"turns":8.0},{"damage":32,"enemies":"The Heart","floor":56,"turns":11}],"seed_played":"-5886258669205818302","potions_obtained":[{"floor":1.0,"key":"SmokeBomb"},{"floor":2.0,"key":"AttackPotion"},{"floor":13.0,"key":"GamblersBrew"},{"floor":18.0,"key":"Ancient Potion"},{"floor":25.0,"key":"Ancient Potion"},{"floor":31.0,"key":"SteroidPotion"},{"floor":35.0,"key":"AttackPotion"},{"floor":45.0,"key":"PowerPotion"}],"is_trial":false,"path_per_floor":["M","M","T","$","M","E","M","R","T","E","R","E","M","E","R","B",null,"M","$","M","?","M","R","?","E","T","R","M","R","M","M","R","B",null,"M","?","M","$","?","E","R","?","T","M","E","M","E","$","R","B","B",null,"R","$","E","B",null],"character_chosen":"THE_SILENT","items_purchased":["Apotheosis","Escape Plan","Footwork","PiercingWail","GhostInAJar","OrangePellets","Deflect"],"campfire_rested":9,"item_purchase_floors":[4,4,19,19,38,48,48],"current_hp_per_floor":[59,55,55,55,52,25,25,44,44,23,42,22,13,9,28,15,53,51,51,51,51,38,57,51,13,13,32,15,34,26,24,43,33,58,54,54,52,52,52,39,58,58,58,58,51,47,47,47,47,42,13,53,66,66,33,1],"gold":63,"neow_bonus":"HUNDRED_GOLD","is_prod":false,"is_daily":false,"chose_seed":false,"campfire_upgraded":0,"win_rate":0,"timestamp":1553720695,"path_taken":["M","M","?","$","M","E","M","R","T","E","R","E","M","E","R","BOSS","M","$","M","?","M","R","?","E","T","R","M","R","M","M","R","BOSS","M","?","?","$","?","E","R","?","T","M","E","M","E","$","R","BOSS","BOSS","R","$","E","BOSS"],"build_version":"2019-01-23","purchased_purges":2,"victory":true,"max_hp_per_floor":[66,66,66,66,66,66,66,66,66,66,66,66,66,66,66,66,66,66,66,66,66,66,66,66,66,66,66,66,66,66,66,66,66,66,66,66,66,66,66,66,66,66,66,66,66,66,66,66,66,66,66,66,66,66,66,66],"card_choices":[{"not_picked":["Escape Plan","Prepared"],"picked":"Noxious Fumes","floor":1.0},{"not_picked":["Concentrate","Dodge and Roll"],"picked":"Poisoned Stab","floor":2.0},{"not_picked":["Choke","Quick Slash"],"picked":"Dagger Throw","floor":5.0},{"not_picked":["Cloak And Dagger","Dodge and Roll"],"picked":"Caltrops","floor":6.0},{"not_picked":["Sucker Punch","Skewer"],"picked":"Cloak And Dagger","floor":10.0},{"not_picked":["Dagger Throw","Tools of the Trade"],"picked":"Bouncing Flask","floor":12.0},{"not_picked":["Infinite Blades","Flying Knee"],"picked":"Blur","floor":13.0},{"not_picked":["Poisoned Stab","Die Die Die","Outmaneuver"],"picked":"SKIP","floor":14.0},{"not_picked":["Die Die Die","Doppelganger"],"picked":"Glass Knife","floor":16.0},{"not_picked":["Bane","Underhanded Strike+1"],"picked":"PiercingWail","floor":18.0},{"not_picked":["Dagger Spray+1","Quick Slash"],"picked":"Crippling Poison","floor":20.0},{"not_picked":["Deadly Poison","Calculated Gamble","Envenom"],"picked":"SKIP","floor":22.0},{"not_picked":["Crippling Poison","Well Laid Plans","Deadly Poison"],"picked":"SKIP","floor":25.0},{"not_picked":["Blade Dance","Reflex"],"picked":"Deflect","floor":28.0},{"not_picked":["Dagger Spray","Deadly Poison"],"picked":"Escape Plan","floor":30.0},{"not_picked":["Poisoned Stab","Backflip","Riddle With Holes"],"picked":"SKIP","floor":31.0},{"not_picked":["Doppelganger","Storm of Steel"],"picked":"Bullet Time","floor":33.0},{"not_picked":["PiercingWail","Quick Slash"],"picked":"Backflip+1","floor":34.0},{"not_picked":["Dodge and Roll","Slice"],"picked":"Noxious Fumes","floor":34.0},{"not_picked":["Endless Agony","Predator+1"],"picked":"PiercingWail","floor":34.0},{"not_picked":["Calculated Gamble+1","Prepared"],"picked":"Escape Plan","floor":35.0},{"not_picked":["Finisher+1","Backflip+1"],"picked":"Deadly Poison+1","floor":37.0},{"not_picked":["All Out Attack","Blade Dance+1","Infinite Blades+1"],"picked":"SKIP","floor":40.0},{"not_picked":["Backflip","Crippling Poison","All Out Attack"],"picked":"SKIP","floor":44.0},{"not_picked":["Bane","Underhanded Strike"],"picked":"Footwork+1","floor":45.0},{"not_picked":["Quick Slash","Backstab"],"picked":"Backflip","floor":46.0},{"not_picked":["Glass Knife","Predator","Eviscerate"],"picked":"SKIP","floor":47.0},{"not_picked":["Well Laid Plans","Riddle With Holes+1","Backstab"],"picked":"SKIP","floor":55.0}],"player_experience":940129,"relics_obtained":[{"floor":3.0,"key":"Oddly Smooth Stone"},{"floor":6.0,"key":"Snake Skull"},{"floor":9.0,"key":"Bottled Tornado"},{"floor":10.0,"key":"Whetstone"},{"floor":12.0,"key":"Centennial Puzzle"},{"floor":14.0,"key":"Ginger"},{"floor":25.0,"key":"Boot"},{"floor":40.0,"key":"Tiny Chest"},{"floor":43.0,"key":"Paper Crane"},{"floor":45.0,"key":"Bottled Flame"},{"floor":47.0,"key":"Anchor"},{"floor":55.0,"key":"Mercury Hourglass"}],"event_choices":[{"damage_healed":0.0,"max_hp_gain":0.0,"max_hp_loss":0.0,"gold_gain":0.0,"event_name":"Back to Basics","player_choice":"Simplicity","floor":21.0,"gold_loss":0.0,"damage_taken":0.0,"cards_upgraded":["Defend_G","Defend_G","Defend_G","Defend_G","Defend_G","Strike_G","Strike_G"]},{"damage_healed":0.0,"max_hp_gain":0.0,"max_hp_loss":0.0,"gold_gain":0.0,"event_name":"Nest","player_choice":"Joined the Cult","floor":24.0,"gold_loss":0.0,"damage_taken":6.0,"cards_obtained":["RitualDagger"]},{"cards_removed":["Strike_G"],"damage_healed":0.0,"max_hp_gain":0.0,"max_hp_loss":0.0,"gold_gain":0.0,"event_name":"Designer","player_choice":"Upgrade and Remove","floor":36.0,"gold_loss":110.0,"damage_taken":0.0,"cards_upgraded":["Poisoned Stab"]},{"cards_removed":["Defend_G"],"damage_healed":0.0,"max_hp_gain":0.0,"max_hp_loss":0.0,"gold_gain":0.0,"event_name":"Falling","player_choice":"Removed Skill","floor":39.0,"gold_loss":0.0,"damage_taken":0.0},{"damage_healed":0.0,"max_hp_gain":0.0,"max_hp_loss":0.0,"gold_gain":0.0,"event_name":"Accursed Blacksmith","player_choice":"Forge","floor":42.0,"gold_loss":0.0,"damage_taken":0.0,"cards_upgraded":["Apotheosis"]}],"is_beta":false,"boss_relics":[{"not_picked":["Philosopher\u0027s Stone","Astrolabe"],"picked":"Runic Pyramid"},{"not_picked":["Calling Bell","WristBlade"],"picked":"Orrery"}],"items_purged_floors":[19,38],"is_endless":false,"potions_floor_spawned":[1,2,7,13,18,25,30,31,35,37,45,46],"ascension_level":20}