{"gold_per_floor":[111,111,261,278,64,64,90,90,115,154,154,54,69,100,100,196,259,282,300,300,300,320,320,358,358,358,358,9,29,63,78,78,78],"floor_reached":33,"playtime":1174,"items_purged":["Doubt","Strike_R","Strike_R"],"score":652,"play_id":"46595eb4-19fa-4db1-8267-b9c107d7a080","local_time":"20190313031535","is_ascension_mode":true,"campfire_choices":[{"data":"Clothesline","floor":6.0,"key":"SMITH"},{"data":"Immolate","floor":11.0,"key":"SMITH"},{"data":"Demon Form","floor":15.0,"key":"SMITH"},{"floor":23.0,"key":"REST"},{"floor":25.0,"key":"REST"},{"data":"Carnage","floor":27.0,"key":"PURGE"},{"floor":32,"key":"REST"}],"neow_cost":"NONE","seed_source_timestamp":206920341207480,"circlet_count":0,"master_deck":["AscendersBane","Strike_R","Strike_R","Strike_R+1","Defend_R","Defend_R","Defend_R","Defend_R","Bash+1","Clothesline+1","Immolate+1","Shrug It Off","Demon Form+1","Disarm","Flame Barrier","Seeing Red"],"special_seed":0,"relics":["Burning Blood","NeowsBlessing","Tiny Chest","Champion Belt","Golden Idol","Bag of Marbles","Singing Bowl","Vajra","Tiny House","Question Card","Dream Catcher","Peace Pipe","HandDrill","Boot"],"potions_floor_usage":[33],"damage_taken":[{"damage":0.0,"enemies":"Cultist","floor":1.0,"turns":1.0},{"damage":0.0,"enemies":"Small Slimes","floor":4.0,"turns":1.0},{"damage":0.0,"enemies":"Gremlin Nob","floor":7.0,"turns":1.0},{"damage":20.0,"enemies":"Lagavulin","floor":10.0,"turns":4.0},{"damage":4.0,"enemies":"Jaw Worm","floor":13.0,"turns":3.0},{"damage":24.0,"enemies":"Gremlin Nob","floor":14.0,"turns":4.0},{"damage":33.0,"enemies":"Hexaghost","floor":16.0,"turns":8.0},{"damage":8.0,"enemies":"2 Thieves","floor":18.0,"turns":2.0},{"damage":39.0,"enemies":"3 Byrds","floor":19.0,"turns":6.0},{"damage":6.0,"enemies":"Centurion and Healer","floor":22.0,"turns":5.0},{"damage":45.0,"enemies":"Gremlin Leader","floor":24.0,"turns":7.0},{"damage":34.0,"enemies":"Sentry and Sphere","floor":29.0,"turns":5.0},{"damage":11,"enemies":"Slavers","floor":30,"turns":4},{"damage":15,"enemies":"Snake Plant","floor":31,"turns":6},{"damage":66,"enemies":"Automaton","floor":33,"turns":6}],"seed_played":"-6801552461771788326","potions_obtained":[{"floor":7.0,"key":"FearPotion"},{"floor":10.0,"key":"EntropicBrew"},{"floor":14.0,"key":"Ancient Potion"},{"floor":16.0,"key":"EssenceOfSteel"},{"floor":17.0,"key":"SneckoOil"},{"floor":18.0,"key":"EssenceOfSteel"},{"floor":22.0,"key":"FearPotion"},{"floor":29.0,"key":"Weak Potion"}],"is_trial":false,"path_per_floor":["M","?","?","M","$","R","E","?","T","E","R","$","M","E","R","B",null,"M","M","?","?","M","R","E","R","T","R","$","M","E","M","R","B"],"character_chosen":"IRONCLAD","items_purchased":["Tiny Chest","HandDrill"],"campfire_rested":3,"item_purchase_floors":[5,28],"current_hp_per_floor":[74,74,74,75,75,75,75,68,68,54,54,54,58,40,40,15,65,65,34,34,34,36,61,24,50,50,50,50,22,17,10,38,0],"gold":78,"neow_bonus":"THREE_ENEMY_KILL","is_prod":false,"is_daily":false,"chose_seed":false,"campfire_upgraded":3,"win_rate":0,"timestamp":1552464935,"path_taken":["M","?","?","M","?","R","E","?","T","E","R","?","?","E","R","BOSS","M","M","?","?","?","R","E","R","T","R","$","M","E","M","R","BOSS"],"build_version":"2019-01-23","purchased_purges":3,"victory":false,"max_hp_per_floor":[75,75,75,75,75,75,75,68,68,68,68,68,70,70,70,72,79,81,83,83,83,85,85,87,87,87,87,87,87,87,89,91,91],"card_choices":[{"not_picked":["Cleave","Thunderclap"],"picked":"Carnage","floor":1.0},{"not_picked":["Corruption","Bloodletting"],"picked":"Clothesline","floor":4.0},{"not_picked":["Uppercut","Sword Boomerang"],"picked":"Immolate","floor":7.0},{"not_picked":["Sentinel","Pommel Strike"],"picked":"Shrug It Off","floor":10.0},{"not_picked":["Feel No Pain","Sever Soul","Havoc"],"picked":"Singing Bowl","floor":13.0},{"not_picked":["Wild Strike","Searing Blow"],"picked":"Demon Form","floor":14.0},{"not_picked":["Impervious","Dark Embrace","Berserk"],"picked":"Singing Bowl","floor":16.0},{"not_picked":["Wild Strike","Thunderclap","Uppercut"],"picked":"Singing Bowl","floor":17.0},{"not_picked":["Burning Pact","Shrug It Off","Clothesline"],"picked":"Singing Bowl","floor":18.0},{"not_picked":["Sever Soul","Headbutt+1","Clash"],"picked":"Singing Bowl","floor":19.0},{"not_picked":["Headbutt","Immolate","Havoc","Wild Strike"],"picked":"Singing Bowl","floor":22.0},{"not_picked":["Feel No Pain","Inflame","Headbutt","Iron Wave"],"picked":"Singing Bowl","floor":24.0},{"not_picked":["Body Slam","Headbutt","Twin Strike"],"picked":"Disarm","floor":25.0},{"not_picked":["Iron Wave","Metallicize","Warcry"],"picked":"Flame Barrier","floor":29.0},{"not_picked":["Feel No Pain","Cleave","Clash"],"picked":"Seeing Red","floor":30},{"not_picked":["Feel No Pain","Limit Break","Shrug It Off","Iron Wave"],"picked":"Singing Bowl","floor":31},{"not_picked":["Wild Strike","Thunderclap","Sentinel","Shockwave"],"picked":"Singing Bowl","floor":32}],"player_experience":629492,"relics_obtained":[{"floor":7.0,"key":"Champion Belt"},{"floor":9.0,"key":"Bag of Marbles"},{"floor":10.0,"key":"Singing Bowl"},{"floor":14.0,"key":"Vajra"},{"floor":24.0,"key":"Dream Catcher"},{"floor":26.0,"key":"Peace Pipe"},{"floor":30,"key":"Boot"}],"event_choices":[{"damage_healed":0.0,"max_hp_gain":0.0,"max_hp_loss":0.0,"gold_gain":0.0,"event_name":"Living Wall","player_choice":"Grow","floor":2.0,"gold_loss":0.0,"damage_taken":0.0,"cards_upgraded":["Bash"]},{"damage_healed":0.0,"max_hp_gain":0.0,"max_hp_loss":0.0,"gold_gain":150.0,"event_name":"Liars Game","player_choice":"AGREE","floor":3.0,"gold_loss":0.0,"damage_taken":0.0,"cards_obtained":["Doubt"]},{"damage_healed":0.0,"max_hp_gain":0.0,"max_hp_loss":7.0,"gold_gain":0.0,"event_name":"Golden Idol","player_choice":"Lose Max HP","floor":8.0,"gold_loss":0.0,"damage_taken":0.0,"relics_obtained":["Golden Idol"]},{"damage_healed":0.0,"max_hp_gain":0.0,"max_hp_loss":0.0,"gold_gain":0.0,"event_name":"The Mausoleum","player_choice":"Opened","floor":20.0,"gold_loss":0.0,"damage_taken":0.0,"relics_obtained":["Question Card"],"cards_obtained":["Writhe"]},{"cards_removed":["Writhe"],"damage_healed":0.0,"max_hp_gain":0.0,"max_hp_loss":0.0,"gold_gain":0.0,"event_name":"Fountain of Cleansing","player_choice":"Removed Curses","floor":21.0,"gold_loss":0.0,"damage_taken":0.0}],"is_beta":false,"boss_relics":[{"not_picked":["Lizard Tail","Runic Cube"],"picked":"Tiny House"}],"items_purged_floors":[5,12,28],"is_endless":false,"potions_floor_spawned":[7,10,14,16,18,22,29],"killed_by":"Automaton","ascension_level":20}