{"gold_per_floor":[111,56,206,281,298,331,356,83,83,118,134,134,150,168,168,168],"floor_reached":16,"playtime":631,"items_purged":[],"score":257,"play_id":"9ca0790f-299f-453c-a3e4-f47605ce6e40","local_time":"20190318045640","is_ascension_mode":true,"campfire_choices":[{"floor":12,"key":"REST"},{"floor":15,"key":"REST"}],"neow_cost":"NONE","seed_source_timestamp":645560920454369,"circlet_count":0,"master_deck":["AscendersBane","Strike_B","Strike_B","Strike_B","Strike_B","Defend_B","Defend_B","Defend_B","Defend_B","Zap","Dualcast","Chaos","Ball Lightning","Doubt","Defragment","Gash","Self Repair+1","Capacitor+1","Streamline","Compile Driver"],"relics":["Cracked Core","NeowsBlessing","Mummified Hand","Dream Catcher","Frozen Egg 2","Shovel","Nunchaku"],"potions_floor_usage":[10,16],"damage_taken":[{"damage":0,"enemies":"Jaw Worm","floor":1,"turns":1},{"damage":0,"enemies":"2 Louse","floor":5,"turns":1},{"damage":0,"enemies":"Lagavulin","floor":6,"turns":1},{"damage":34,"enemies":"Gremlin Nob","floor":10,"turns":4},{"damage":6,"enemies":"Cultist","floor":11,"turns":3},{"damage":19,"enemies":"Lots of Slimes","floor":13,"turns":4},{"damage":11,"enemies":"Blue Slaver","floor":14,"turns":3},{"damage":52,"enemies":"Slime Boss","floor":16,"turns":6}],"seed_played":"2383550045822606293","potions_obtained":[{"floor":5,"key":"SpeedPotion"},{"floor":14,"key":"Fire Potion"}],"is_trial":false,"path_per_floor":["M","$","?","?","M","E","T","$","T","E","M","R","M","M","R","B"],"character_chosen":"DEFECT","items_purchased":["Ball Lightning","Frozen Egg 2"],"campfire_rested":2,"item_purchase_floors":[2,8],"current_hp_per_floor":[64,64,64,53,53,53,53,53,53,19,13,34,25,24,45,0],"gold":168,"neow_bonus":"THREE_ENEMY_KILL","is_prod":false,"is_daily":false,"chose_seed":false,"campfire_upgraded":0,"win_rate":0,"timestamp":1552903000,"path_taken":["M","$","?","?","M","E","?","$","T","E","M","R","?","M","R","BOSS"],"build_version":"2019-01-23","purchased_purges":0,"victory":false,"max_hp_per_floor":[71,71,71,71,71,71,71,71,71,71,71,71,71,71,71,71],"card_choices":[{"not_picked":["Coolheaded","Compile Driver"],"picked":"Chaos","floor":1},{"not_picked":["Turbo","Recycle"],"picked":"Defragment","floor":5},{"not_picked":["Auto Shields","Redo"],"picked":"Gash","floor":6},{"not_picked":["Redo","Conserve Battery","Steam"],"picked":"SKIP","floor":10},{"not_picked":["Stack","Hologram","Barrage"],"picked":"SKIP","floor":11},{"not_picked":["BootSequence","Coolheaded"],"picked":"Self Repair+1","floor":12},{"not_picked":["Genetic Algorithm","Conserve Battery"],"picked":"Capacitor+1","floor":13},{"not_picked":["Reprogram","Multi-Cast"],"picked":"Streamline","floor":14},{"not_picked":["Leap","Beam Cell"],"picked":"Compile Driver","floor":15}],"player_experience":637597,"relics_obtained":[{"floor":6,"key":"Mummified Hand"},{"floor":7,"key":"Dream Catcher"},{"floor":9,"key":"Shovel"},{"floor":10,"key":"Nunchaku"}],"event_choices":[{"damage_healed":0,"gold_gain":150,"player_choice":"AGREE","damage_taken":0,"max_hp_gain":0,"max_hp_loss":0,"event_name":"Liars Game","floor":3,"gold_loss":0,"cards_obtained":["Doubt"]},{"damage_healed":0,"gold_gain":75,"player_choice":"Gather Gold","damage_taken":11,"max_hp_gain":0,"max_hp_loss":0,"event_name":"World of Goop","floor":4,"gold_loss":0}],"is_beta":false,"boss_relics":[],"items_purged_floors":[],"is_endless":false,"potions_floor_spawned":[5,14],"killed_by":"Slime Boss","ascension_level":18}