{"gold_per_floor":[113,113,123,133,145,175,175,200,200,275,275,305,305,323,323,402,402,419,433,447,126,143,171,171,203,203,203,128,139,139,171,171,247,247,258,258,274,274,294,294,329,379,406,406,439,329,344,371,371,371,371,371,371,5,39,39],"floor_reached":57,"playtime":5222,"items_purged":["Strike_B"],"score":3011,"play_id":"68777674-1541-4176-8145-d168785465c1","local_time":"20190320100211","is_ascension_mode":true,"campfire_choices":[{"floor":7.0,"key":"REST"},{"data":"Sunder","floor":13.0,"key":"SMITH"},{"data":"Electrodynamics","floor":15.0,"key":"SMITH"},{"data":"Consume","floor":24.0,"key":"SMITH"},{"data":"Loop","floor":30.0,"key":"SMITH"},{"data":"Reinforced Body","floor":32.0,"key":"SMITH"},{"floor":40.0,"key":"RECALL"},{"floor":44.0,"key":"REST"},{"data":"Reinforced Body","floor":49.0,"key":"SMITH"},{"floor":53,"key":"REST"}],"neow_cost":"NONE","seed_source_timestamp":573484480594393,"circlet_count":0,"master_deck":["AscendersBane","Defend_B","Defend_B","Defend_B","Defend_B","Zap+1","Dualcast","Streamline+1","Streamline","Cold Snap","Hologram","Sunder+1","BootSequence","Electrodynamics+1","Conserve Battery","Ball Lightning","Electrodynamics","Turbo+1","Stack","Meteor Strike","Hello World+1","Skim","Loop+1","Consume+1","Stack","Reinforced Body+1","Reinforced Body+1","Capacitor","Coolheaded+1","Thunder Strike","Coolheaded","Loop+1","Creative AI","Amplify","Thunder Strike","Hologram+1","Stack","Heatsinks","Amplify"],"special_seed":0,"relics":["Cracked Core","Cables","Prayer Wheel","Pear","Mummified Hand","Snecko Eye","Oddly Smooth Stone","Bag of Preparation","Omamori","Meat on the Bone","Lizard Tail","Ornamental Fan","Dead Branch","Anchor","Symbiotic Virus","Vajra","ClockworkSouvenir","Gambling Chip"],"potions_floor_usage":[56,56],"damage_taken":[{"damage":4.0,"enemies":"Small Slimes","floor":1.0,"turns":3.0},{"damage":1.0,"enemies":"Cultist","floor":3.0,"turns":3.0},{"damage":0.0,"enemies":"2 Louse","floor":4.0,"turns":2.0},{"damage":7.0,"enemies":"Blue Slaver","floor":5.0,"turns":3.0},{"damage":27.0,"enemies":"3 Sentries","floor":6.0,"turns":6.0},{"damage":21.0,"enemies":"Lagavulin","floor":8.0,"turns":4.0},{"damage":6.0,"enemies":"Gremlin Nob","floor":12.0,"turns":3.0},{"damage":9.0,"enemies":"Exordium Thugs","floor":14.0,"turns":3.0},{"damage":0.0,"enemies":"Slime Boss","floor":16.0,"turns":5.0},{"damage":0.0,"enemies":"Chosen","floor":18.0,"turns":2.0},{"damage":0.0,"enemies":"3 Byrds","floor":19.0,"turns":1.0},{"damage":2.0,"enemies":"3 Cultists","floor":20.0,"turns":3.0},{"damage":0.0,"enemies":"Chosen and Byrds","floor":22.0,"turns":3.0},{"damage":1.0,"enemies":"Book of Stabbing","floor":23.0,"turns":3.0},{"damage":0.0,"enemies":"Gremlin Leader","floor":25.0,"turns":4.0},{"damage":4.0,"enemies":"Shelled Parasite and Fungi","floor":29.0,"turns":2.0},{"damage":1.0,"enemies":"Slavers","floor":31.0,"turns":3.0},{"damage":37.0,"enemies":"Automaton","floor":33.0,"turns":9.0},{"damage":0.0,"enemies":"3 Shapes","floor":35.0,"turns":2.0},{"damage":0.0,"enemies":"Orb Walker","floor":37.0,"turns":3.0},{"damage":1.0,"enemies":"4 Shapes","floor":39.0,"turns":5.0},{"damage":40.0,"enemies":"Giant Head","floor":41.0,"turns":6.0},{"damage":11.0,"enemies":"2 Orb Walkers","floor":42.0,"turns":3.0},{"damage":0.0,"enemies":"Reptomancer","floor":45.0,"turns":4.0},{"damage":0.0,"enemies":"Spire Growth","floor":47.0,"turns":3.0},{"damage":0.0,"enemies":"Nemesis","floor":48.0,"turns":3.0},{"damage":2.0,"enemies":"Donu and Deca","floor":50.0,"turns":6.0},{"damage":35,"enemies":"Time Eater","floor":51,"turns":6},{"damage":35,"enemies":"Shield and Spear","floor":55,"turns":4},{"damage":45,"enemies":"The Heart","floor":56,"turns":7}],"seed_played":"7363603787282463736","potions_obtained":[{"floor":4.0,"key":"LiquidBronze"},{"floor":6.0,"key":"Energy Potion"},{"floor":8.0,"key":"GamblersBrew"},{"floor":16.0,"key":"Explosive Potion"},{"floor":25.0,"key":"Energy Potion"},{"floor":31.0,"key":"Regen Potion"},{"floor":42.0,"key":"SmokeBomb"},{"floor":47.0,"key":"FocusPotion"},{"floor":48.0,"key":"Ancient Potion"}],"is_trial":false,"path_per_floor":["M","?","M","M","M","E","R","E","T","?","?","E","R","M","R","B",null,"M","M","M","$","M","E","R","E","T","?","?","M","R","E","R","B",null,"M","?","M","?","M","R","E","?","T","R","E","?","M","E","R","B","B",null,"R","$","E","B",null],"character_chosen":"DEFECT","items_purchased":["Loop","Oddly Smooth Stone","ClockworkSouvenir","Stack","Heatsinks"],"campfire_rested":3,"item_purchase_floors":[21,21,54,54,54],"current_hp_per_floor":[60,60,59,59,52,25,46,25,35,24,24,18,18,9,9,9,63,63,63,61,61,61,60,60,60,60,60,60,56,56,55,55,30,68,68,68,68,68,67,67,42,43,43,67,67,67,67,67,67,65,42,71,81,81,46,13],"gold":39,"neow_bonus":"UPGRADE_CARD","is_prod":false,"is_daily":false,"chose_seed":false,"campfire_upgraded":6,"win_rate":0,"timestamp":1553094131,"path_taken":["M","?","M","M","?","E","R","E","T","?","?","E","R","M","R","BOSS","M","M","M","$","M","E","R","E","T","?","?","M","R","E","R","BOSS","M","?","?","?","?","R","E","?","T","R","E","?","?","E","R","BOSS","BOSS","R","$","E","BOSS"],"build_version":"2019-01-23","purchased_purges":1,"victory":true,"max_hp_per_floor":[71,71,71,71,71,71,71,71,81,81,81,81,81,81,81,81,81,81,81,81,81,81,81,81,81,81,81,81,81,81,81,81,81,81,81,81,81,81,81,81,81,81,81,81,81,81,81,81,81,81,81,81,81,81,81,81],"card_choices":[{"not_picked":["Stack","Steam Power"],"picked":"Streamline","floor":1.0},{"not_picked":["Consume","Scrape"],"picked":"Streamline","floor":3.0},{"not_picked":["Undo","Compile Driver"],"picked":"Cold Snap","floor":4.0},{"not_picked":["Consume","Leap"],"picked":"Hologram","floor":5.0},{"not_picked":["Stack","Skim"],"picked":"Sunder","floor":6.0},{"not_picked":["Rebound","Stack"],"picked":"BootSequence","floor":8.0},{"not_picked":["Rebound","Doom and Gloom"],"picked":"Electrodynamics","floor":12.0},{"not_picked":["Blizzard","Rebound"],"picked":"Conserve Battery","floor":14.0},{"not_picked":["Sweeping Beam","Blizzard"],"picked":"Ball Lightning","floor":14.0},{"not_picked":["Multi-Cast","Meteor Strike"],"picked":"Electrodynamics","floor":16.0},{"not_picked":["Compile Driver+1","Barrage"],"picked":"Turbo+1","floor":18.0},{"not_picked":["Auto Shields","Steam Power"],"picked":"Stack","floor":18.0},{"not_picked":["Gash","Barrage"],"picked":"Meteor Strike","floor":19.0},{"not_picked":["Go for the Eyes","Conserve Battery"],"picked":"Hello World+1","floor":19.0},{"not_picked":["Double Energy+1","Gash"],"picked":"Skim","floor":20.0},{"not_picked":["Beam Cell","Go for the Eyes","Auto Shields"],"picked":"SKIP","floor":20.0},{"not_picked":["Coolheaded","Core Surge"],"picked":"Consume","floor":22.0},{"not_picked":["Cold Snap","Redo"],"picked":"Stack","floor":22.0},{"not_picked":["Scrape","Storm"],"picked":"Reinforced Body","floor":23.0},{"not_picked":["Conserve Battery","Beam Cell"],"picked":"Reinforced Body","floor":25.0},{"not_picked":["Hologram","Barrage"],"picked":"Capacitor","floor":29.0},{"not_picked":["BootSequence","Rip and Tear+1","Steam Power"],"picked":"SKIP","floor":29.0},{"not_picked":["Doom and Gloom","Leap"],"picked":"Coolheaded","floor":31.0},{"not_picked":["Fission","Amplify"],"picked":"Thunder Strike","floor":33.0},{"not_picked":["Barrage","Force Field"],"picked":"Coolheaded","floor":35.0},{"not_picked":["Sweeping Beam","Go for the Eyes+1","Steam"],"picked":"SKIP","floor":35.0},{"not_picked":["Sweeping Beam","Turbo"],"picked":"Creative AI","floor":37.0},{"not_picked":["Gash","Melter+1","Streamline"],"picked":"SKIP","floor":37.0},{"not_picked":["Redo+1","Blizzard"],"picked":"Amplify","floor":39.0},{"not_picked":["Compile Driver","Cold Snap","BootSequence"],"picked":"SKIP","floor":39.0},{"not_picked":["Redo","Streamline+1","Leap"],"picked":"SKIP","floor":41.0},{"not_picked":["Steam","Darkness+1"],"picked":"Thunder Strike","floor":42.0},{"not_picked":["Ball Lightning","Go for the Eyes","Steam"],"picked":"SKIP","floor":45.0},{"not_picked":["Rebound+1","Melter"],"picked":"Hologram+1","floor":47.0},{"not_picked":["Turbo","Chill","Go for the Eyes"],"picked":"SKIP","floor":47.0},{"not_picked":["Darkness","Steam","Conserve Battery"],"picked":"SKIP","floor":48.0},{"not_picked":["Conserve Battery","Compile Driver"],"picked":"Amplify","floor":55}],"player_experience":863426,"relics_obtained":[{"floor":6.0,"key":"Cables"},{"floor":8.0,"key":"Prayer Wheel"},{"floor":9.0,"key":"Pear"},{"floor":12.0,"key":"Mummified Hand"},{"floor":23.0,"key":"Bag of Preparation"},{"floor":25.0,"key":"Omamori"},{"floor":31.0,"key":"Meat on the Bone"},{"floor":41.0,"key":"Ornamental Fan"},{"floor":42.0,"key":"Dead Branch"},{"floor":43.0,"key":"Anchor"},{"floor":45.0,"key":"Symbiotic Virus"},{"floor":48.0,"key":"Vajra"},{"floor":55,"key":"Gambling Chip"}],"event_choices":[{"damage_healed":0.0,"max_hp_gain":0.0,"max_hp_loss":0.0,"gold_gain":0.0,"event_name":"Upgrade Shrine","player_choice":"Upgraded","floor":2.0,"gold_loss":0.0,"damage_taken":0.0,"cards_upgraded":["Streamline"]},{"damage_healed":0.0,"max_hp_gain":0.0,"max_hp_loss":0.0,"gold_gain":75.0,"event_name":"World of Goop","player_choice":"Gather Gold","floor":10.0,"gold_loss":0.0,"damage_taken":11.0},{"damage_healed":0.0,"max_hp_gain":0.0,"max_hp_loss":0.0,"gold_gain":0.0,"event_name":"Match and Keep!","player_choice":"0 cards matched","floor":11.0,"gold_loss":0.0,"damage_taken":0.0,"cards_obtained":[]},{"damage_healed":0.0,"max_hp_gain":0.0,"max_hp_loss":0.0,"gold_gain":0.0,"event_name":"Vampires","player_choice":"Ignored","floor":27.0,"gold_loss":0.0,"damage_taken":0.0},{"cards_removed":["Strike_B"],"damage_healed":0.0,"max_hp_gain":0.0,"max_hp_loss":0.0,"gold_gain":0.0,"event_name":"Beggar","player_choice":"Gave Gold","floor":28.0,"gold_loss":75.0,"damage_taken":0.0},{"damage_healed":0.0,"max_hp_gain":0.0,"max_hp_loss":0.0,"gold_gain":0.0,"event_name":"Duplicator","player_choice":"Copied","floor":36.0,"gold_loss":0.0,"damage_taken":0.0,"cards_obtained":["Loop"]},{"cards_removed":["Strike_B"],"damage_healed":0.0,"max_hp_gain":0.0,"max_hp_loss":0.0,"gold_gain":0.0,"event_name":"Purifier","player_choice":"Purged","floor":38.0,"gold_loss":0.0,"damage_taken":0.0},{"damage_healed":0.0,"max_hp_gain":0.0,"max_hp_loss":0.0,"gold_gain":0.0,"event_name":"Mysterious Sphere","player_choice":"Fight","floor":42.0,"gold_loss":0.0,"damage_taken":0.0},{"cards_removed":["Strike_B"],"damage_healed":0.0,"max_hp_gain":0.0,"max_hp_loss":0.0,"gold_gain":0.0,"event_name":"Designer","player_choice":"Upgrade and Remove","floor":46.0,"gold_loss":110.0,"damage_taken":0.0,"cards_upgraded":["Coolheaded"]}],"is_beta":false,"boss_relics":[{"not_picked":["Ectoplasm","FrozenCore"],"picked":"Snecko Eye"},{"not_picked":["Calling Bell","Tiny House"],"picked":"Lizard Tail"}],"items_purged_floors":[21],"is_endless":false,"potions_floor_spawned":[4,6,8,16,18,22,25,31,37,42,47,48],"ascension_level":20}