{"gold_per_floor":[118,68,33,45,69,96,114,126,126,75,137,137,150,160,160,263,263,280,280,280,298,298,298,324,324,371,371,222,222,322,38,38,139,139,149,149,149,163,177,177,197,228,228,228],"floor_reached":44,"playtime":1666,"items_purged":["Decay","Strike_B"],"score":538,"play_id":"275e0e5c-0790-488b-999e-7dd4ea0cc011","local_time":"20190503201801","is_ascension_mode":true,"campfire_choices":[{"floor":15,"key":"REST"},{"floor":23,"key":"REST"},{"data":"Zap","floor":25,"key":"SMITH"},{"data":"Go for the Eyes","floor":27,"key":"SMITH"},{"data":"Creative AI","floor":29,"key":"SMITH"},{"floor":32,"key":"REST"},{"floor":40,"key":"REST"}],"neow_cost":"NONE","seed_source_timestamp":192158166898700,"circlet_count":0,"master_deck":["Strike_B","Strike_B","Defend_B","Defend_B","Defend_B","Defend_B","Zap+1","Dualcast","Gash","Scrape","Go for the Eyes+1","Cold Snap","Genetic Algorithm","White Noise","Gash","Beam Cell","Gash","Creative AI+1","Chill+1","Necronomicurse","Undo+1","Seek+1","Electrodynamics","Madness","Madness","Loop+1","Parasite","Turbo+1","FTL+1","Pain"],"relics":["Cracked Core","Oddly Smooth Stone","Vajra","Symbiotic Virus","StoneCalendar","Tiny Chest","PreservedInsect","Cursed Key","Necronomicon","Girya","War Paint","Ice Cream","The Courier","Ornamental Fan","Nuclear Battery","Pocketwatch","Shovel"],"potions_floor_usage":[11,11,13,16,24,24,24,24,24,30,38,39,41],"damage_taken":[{"damage":0,"enemies":"Cultist","floor":1,"turns":4},{"damage":0,"enemies":"Jaw Worm","floor":4,"turns":3},{"damage":33,"enemies":"3 Sentries","floor":6,"turns":8},{"damage":6,"enemies":"2 Louse","floor":7,"turns":2},{"damage":0,"enemies":"Large Slime","floor":8,"turns":4},{"damage":0,"enemies":"Gremlin Nob","floor":11,"turns":3},{"damage":6,"enemies":"Red Slaver","floor":13,"turns":3},{"damage":8,"enemies":"Looter","floor":14,"turns":2},{"damage":17,"enemies":"The Guardian","floor":16,"turns":7},{"damage":14,"enemies":"Shell Parasite","floor":18,"turns":4},{"damage":3,"enemies":"Spheric Guardian","floor":21,"turns":3},{"damage":8,"enemies":"Slavers","floor":24,"turns":4},{"damage":5,"enemies":"Colosseum Slavers","floor":30,"turns":5},{"damage":16,"enemies":"Colosseum Nobs","floor":30,"turns":5},{"damage":40,"enemies":"Collector","floor":33,"turns":9},{"damage":0,"enemies":"3 Shapes","floor":35,"turns":2},{"damage":5,"enemies":"3 Darklings","floor":38,"turns":5},{"damage":48,"enemies":"Writhing Mass","floor":39,"turns":7},{"damage":14,"enemies":"4 Shapes","floor":41,"turns":4},{"damage":23,"enemies":"Giant Head","floor":42,"turns":8},{"damage":6,"enemies":"3 Darklings","floor":44,"turns":2}],"seed_played":"-1730488097832499303","potions_obtained":[{"floor":7,"key":"GamblersBrew"},{"floor":8,"key":"Block Potion"},{"floor":11,"key":"SkillPotion"},{"floor":14,"key":"PowerPotion"},{"floor":16,"key":"Ancient Potion"},{"floor":18,"key":"LiquidBronze"},{"floor":20,"key":"EntropicBrew"},{"floor":20,"key":"Poison Potion"},{"floor":30,"key":"Fire Potion"},{"floor":35,"key":"FocusPotion"},{"floor":39,"key":"PowerPotion"}],"is_trial":false,"path_per_floor":["M","?","$","M","T","E","M","M","T","$","E","?","M","M","R","B",null,"M","?","?","M","?","R","E","R","T","R","$","R","?","$","R","B",null,"M","?","?","M","M","R","M","E","T","M"],"character_chosen":"DEFECT","items_purchased":["Scrape","Swift Potion","Self Repair","Ornamental Fan"],"campfire_rested":4,"item_purchase_floors":[3,10,28,31],"current_hp_per_floor":[75,75,75,75,75,42,36,36,36,36,36,24,18,10,32,15,75,61,45,45,42,28,52,44,44,44,44,44,44,37,37,61,28,80,80,80,70,65,17,41,27,4,4,0],"gold":228,"neow_bonus":"RANDOM_COMMON_RELIC","is_prod":false,"is_daily":false,"chose_seed":false,"campfire_upgraded":3,"win_rate":0,"timestamp":1556907481,"path_taken":["M","?","$","M","?","E","?","M","T","?","E","?","M","M","R","BOSS","M","?","?","?","?","R","E","R","T","R","$","R","?","$","R","BOSS","M","?","?","M","M","R","M","E","T","M"],"build_version":"2019-01-23","purchased_purges":2,"victory":false,"max_hp_per_floor":[75,75,75,75,75,75,75,75,75,75,75,75,75,75,75,75,75,75,75,75,75,80,80,80,80,80,80,80,80,80,80,80,80,80,80,80,80,80,80,80,80,80,80,80],"card_choices":[{"not_picked":["Scrape","Stack"],"picked":"Gash","floor":1},{"not_picked":["Ball Lightning","Streamline"],"picked":"Go for the Eyes","floor":4},{"not_picked":["Leap","Hyperbeam"],"picked":"Cold Snap","floor":6},{"not_picked":["BootSequence","Hologram"],"picked":"Genetic Algorithm","floor":7},{"not_picked":["Streamline","Loop"],"picked":"White Noise","floor":8},{"not_picked":["Go for the Eyes","Streamline"],"picked":"Gash","floor":11},{"not_picked":["Skim","Heatsinks"],"picked":"Beam Cell","floor":13},{"not_picked":["Steam Power","Darkness"],"picked":"Gash","floor":14},{"not_picked":["Machine Learning","Thunder Strike"],"picked":"Creative AI","floor":16},{"not_picked":["Reprogram","Coolheaded"],"picked":"Chill","floor":18},{"not_picked":["Hello World","Reinforced Body+1"],"picked":"Undo+1","floor":21},{"not_picked":["Scrape","Rainbow"],"picked":"Seek","floor":24},{"not_picked":["Rainbow","Core Surge"],"picked":"Electrodynamics","floor":33},{"not_picked":["Blizzard","Barrage","Consume"],"picked":"SKIP","floor":35},{"not_picked":["Hello World","Rebound+1"],"picked":"Loop+1","floor":38},{"not_picked":["BootSequence","Streamline"],"picked":"Turbo+1","floor":39},{"not_picked":["Leap+1","Double Energy+1","Reprogram"],"picked":"SKIP","floor":41},{"not_picked":["Cold Snap","Turbo"],"picked":"FTL+1","floor":42}],"player_experience":415687,"relics_obtained":[{"floor":5,"key":"Vajra"},{"floor":6,"key":"Symbiotic Virus"},{"floor":9,"key":"StoneCalendar"},{"floor":11,"key":"Tiny Chest"},{"floor":19,"key":"Necronomicon"},{"floor":24,"key":"Girya"},{"floor":26,"key":"War Paint"},{"floor":30,"key":"Ice Cream"},{"floor":30,"key":"The Courier"},{"floor":42,"key":"Pocketwatch"},{"floor":43,"key":"Shovel"}],"event_choices":[{"cards_removed":["Strike_B"],"damage_healed":0,"gold_gain":0,"player_choice":"Card Removal","damage_taken":0,"max_hp_gain":0,"max_hp_loss":0,"event_name":"The Cleric","floor":2,"gold_loss":50},{"damage_healed":0,"gold_gain":0,"player_choice":"Success","damage_taken":12,"relics_obtained":["PreservedInsect"],"max_hp_gain":0,"max_hp_loss":0,"event_name":"Scrap Ooze","floor":12,"gold_loss":0},{"damage_healed":0,"gold_gain":0,"player_choice":"Obtained Book","damage_taken":16,"max_hp_gain":0,"max_hp_loss":0,"event_name":"Cursed Tome","floor":19,"gold_loss":0},{"damage_healed":0,"gold_gain":0,"player_choice":"Got Potions","damage_taken":0,"max_hp_gain":0,"max_hp_loss":0,"event_name":"Lab","floor":20,"gold_loss":0},{"damage_healed":0,"gold_gain":0,"player_choice":"Shed Blood","damage_taken":19,"max_hp_gain":5,"max_hp_loss":0,"event_name":"Forgotten Altar","floor":22,"gold_loss":0},{"damage_healed":0,"gold_gain":0,"player_choice":"Fight","damage_taken":0,"max_hp_gain":0,"max_hp_loss":0,"event_name":"Colosseum","floor":30,"gold_loss":0},{"damage_healed":0,"gold_gain":0,"player_choice":"Fought Nobs","damage_taken":0,"max_hp_gain":0,"max_hp_loss":0,"event_name":"Colosseum","floor":30,"gold_loss":0},{"cards_removed":["Self Repair"],"damage_healed":0,"gold_gain":0,"player_choice":"Removed Power","damage_taken":0,"max_hp_gain":0,"max_hp_loss":0,"event_name":"Falling","floor":36,"gold_loss":0},{"damage_healed":0,"gold_gain":0,"player_choice":"Embrace Madness","damage_taken":10,"max_hp_gain":0,"max_hp_loss":0,"event_name":"Winding Halls","floor":37,"gold_loss":0,"cards_obtained":["Madness","Madness"]}],"is_beta":false,"boss_relics":[{"not_picked":["Astrolabe","Runic Pyramid"],"picked":"Cursed Key"},{"not_picked":["Tiny House","Sozu"],"picked":"Nuclear Battery"}],"items_purged_floors":[28,31],"is_endless":false,"potions_floor_spawned":[7,8,11,14,16,18,30,35,39],"killed_by":"3 Darklings","ascension_level":2}