{"gold_per_floor":[12,25,43,43,155,167,189,233,245,257,289,301,340,368,380,489,501,524,536,564,576,131,131,141,161,230,230,230,264,281,312,312,312],"floor_reached":33,"playtime":2128,"items_purged":["Strike_R"],"score":405,"play_id":"745ddedf-b82c-4273-ba65-05ab92b03272","local_time":"20190423205352","is_ascension_mode":true,"campfire_choices":[{"data":"Bash","floor":6.0,"key":"SMITH"},{"data":"Combust","floor":10.0,"key":"SMITH"},{"data":"Pommel Strike","floor":12.0,"key":"SMITH"},{"floor":15.0,"key":"REST"},{"floor":23.0,"key":"REST"},{"data":"Uppercut","floor":28,"key":"SMITH"},{"data":"Combust","floor":32,"key":"SMITH"}],"neow_cost":"NO_GOLD","seed_source_timestamp":0,"circlet_count":0,"master_deck":["Strike_R","Strike_R","Strike_R","Defend_R","Defend_R","Defend_R","Defend_R","Bash+1","Headbutt","Combust+1","Blood for Blood","Brutality","Pommel Strike+1","Combust+1","Shrug It Off","Reaper","Shrug It Off","Uppercut+1","Bandage Up","Spot Weakness","Infernal Blade+1"],"special_seed":0,"relics":["Burning Blood","Ginger","MawBank","Gremlin Horn","PreservedInsect","Bag of Preparation","Philosopher\u0027s Stone","Magic Flower","Mummified Hand","Pen Nib","Red Mask"],"potions_floor_usage":[29,33],"damage_taken":[{"damage":10.0,"enemies":"Cultist","floor":1.0,"turns":5.0},{"damage":3.0,"enemies":"2 Louse","floor":2.0,"turns":4.0},{"damage":0.0,"enemies":"Small Slimes","floor":3.0,"turns":3.0},{"damage":14.0,"enemies":"3 Louse","floor":7.0,"turns":3.0},{"damage":29.0,"enemies":"3 Sentries","floor":8.0,"turns":6.0},{"damage":7.0,"enemies":"2 Fungi Beasts","floor":11.0,"turns":3.0},{"damage":17.0,"enemies":"Gremlin Nob","floor":13.0,"turns":3.0},{"damage":14.0,"enemies":"Blue Slaver","floor":14.0,"turns":4.0},{"damage":32.0,"enemies":"Slime Boss","floor":16.0,"turns":6.0},{"damage":27.0,"enemies":"Spheric Guardian","floor":18.0,"turns":4.0},{"damage":36.0,"enemies":"Shell Parasite","floor":20.0,"turns":6.0},{"damage":0.0,"enemies":"Shelled Parasite and Fungi","floor":21.0,"turns":1.0},{"damage":12.0,"enemies":"Snake Plant","floor":24.0,"turns":4.0},{"damage":35.0,"enemies":"Cultist and Chosen","floor":25.0,"turns":6.0},{"damage":11,"enemies":"Book of Stabbing","floor":29,"turns":4},{"damage":22,"enemies":"3 Cultists","floor":30,"turns":4},{"damage":14,"enemies":"Masked Bandits","floor":31,"turns":4},{"damage":105,"enemies":"Champ","floor":33,"turns":7}],"seed_played":"-5631458417424670028","potions_obtained":[{"floor":2.0,"key":"Poison Potion"},{"floor":3.0,"key":"Swift Potion"},{"floor":7.0,"key":"SmokeBomb"},{"floor":24.0,"key":"SkillPotion"},{"floor":29,"key":"Strength Potion"}],"is_trial":false,"path_per_floor":["M","M","M","?","?","R","M","E","T","R","M","R","E","M","R","B",null,"M","?","M","M","$","R","M","M","T","?","R","E","M","?","R","B"],"character_chosen":"IRONCLAD","items_purchased":["Magic Flower","Bandage Up"],"campfire_rested":2,"item_purchase_floors":[22,22],"current_hp_per_floor":[68,71,77,74,74,74,66,43,43,43,42,42,31,23,47,21,65,44,44,14,20,20,44,53,48,48,48,48,52,63,70,70,0],"gold":312,"neow_bonus":"ONE_RARE_RELIC","is_prod":false,"is_daily":false,"chose_seed":false,"campfire_upgraded":5,"win_rate":0,"timestamp":1556078032,"path_taken":["M","M","M","?","?","R","M","E","T","R","?","R","E","M","R","BOSS","M","?","M","?","$","R","M","M","T","?","R","E","?","?","R","BOSS"],"build_version":"2019-01-23","purchased_purges":1,"victory":false,"max_hp_per_floor":[80,80,80,80,80,80,80,80,80,80,80,80,80,80,80,80,80,80,80,80,80,80,80,80,80,80,80,80,80,80,80,80,80],"card_choices":[{"not_picked":["Armaments","Warcry"],"picked":"Headbutt","floor":1.0},{"not_picked":["Armaments","Second Wind"],"picked":"Combust","floor":2.0},{"not_picked":["Iron Wave","Twin Strike"],"picked":"Blood for Blood","floor":3.0},{"not_picked":["Fire Breathing","Flex","Perfected Strike"],"picked":"SKIP","floor":7.0},{"not_picked":["Carnage","Feel No Pain"],"picked":"Brutality","floor":8.0},{"not_picked":["Flex","Iron Wave"],"picked":"Pommel Strike","floor":11.0},{"not_picked":["Intimidate","Body Slam"],"picked":"Combust","floor":13.0},{"not_picked":["Twin Strike","Pummel"],"picked":"Shrug It Off","floor":14.0},{"not_picked":["Berserk","Barricade"],"picked":"Reaper","floor":16.0},{"not_picked":["Pommel Strike","Perfected Strike"],"picked":"Shrug It Off","floor":18.0},{"not_picked":["Cleave","Pommel Strike"],"picked":"Uppercut","floor":20.0},{"not_picked":["Reckless Charge","Combust"],"picked":"Spot Weakness","floor":24.0},{"not_picked":["Clash","True Grit","Entrench"],"picked":"SKIP","floor":25},{"not_picked":["Clash","Wild Strike","Warcry"],"picked":"SKIP","floor":29},{"not_picked":["Flex","Cleave","Perfected Strike"],"picked":"SKIP","floor":30},{"not_picked":["Sword Boomerang","Heavy Blade"],"picked":"Infernal Blade+1","floor":31}],"player_experience":341163,"relics_obtained":[{"floor":8.0,"key":"Gremlin Horn"},{"floor":9.0,"key":"PreservedInsect"},{"floor":13.0,"key":"Bag of Preparation"},{"floor":26,"key":"Mummified Hand"},{"floor":29,"key":"Pen Nib"},{"floor":31,"key":"Red Mask"}],"event_choices":[{"damage_healed":0.0,"max_hp_gain":0.0,"max_hp_loss":0.0,"gold_gain":0.0,"event_name":"Scrap Ooze","player_choice":"Success","floor":4.0,"gold_loss":0.0,"damage_taken":3.0,"relics_obtained":["MawBank"]},{"damage_healed":0.0,"max_hp_gain":0.0,"max_hp_loss":0.0,"gold_gain":100.0,"event_name":"Golden Shrine","player_choice":"Pray","floor":5.0,"gold_loss":0.0,"damage_taken":0.0},{"damage_healed":0.0,"max_hp_gain":0.0,"max_hp_loss":0.0,"gold_gain":0.0,"event_name":"N\u0027loth","player_choice":"Ignored","floor":19.0,"gold_loss":0.0,"damage_taken":0.0},{"cards_removed":["Strike_R"],"damage_healed":0,"gold_gain":0,"player_choice":"Offered Basic","damage_taken":0,"max_hp_gain":0,"max_hp_loss":0,"event_name":"Bonfire Elementals","floor":27,"gold_loss":0},{"damage_healed":0,"gold_gain":0,"player_choice":"Fought Bandits","damage_taken":0,"max_hp_gain":0,"max_hp_loss":0,"event_name":"Masked Bandits","floor":31,"gold_loss":0}],"is_beta":false,"boss_relics":[{"not_picked":["Pandora\u0027s Box","Calling Bell"],"picked":"Philosopher\u0027s Stone"}],"items_purged_floors":[22],"is_endless":false,"potions_floor_spawned":[2,3,7,21,24,29],"killed_by":"Champ","ascension_level":9}