{"gold_per_floor":[110,385,187,207,220,220,239,239,239,253,271,285,311,326,326,326],"floor_reached":16,"playtime":358,"items_purged":["Regret"],"score":96,"play_id":"fdf59bed-870d-4482-a256-9a20dbfacfe8","local_time":"20190215152015","is_ascension_mode":false,"campfire_choices":[{"data":"Doom and Gloom","floor":6,"key":"SMITH"},{"data":"Zap","floor":8,"key":"SMITH"},{"floor":15,"key":"REST"}],"neow_cost":"NONE","seed_source_timestamp":215951887474845,"circlet_count":0,"master_deck":["Strike_B","Strike_B","Defend_B","Defend_B","Defend_B","Defend_B","Zap+1","Dualcast","Rebound","Lockon","Conserve Battery","Compile Driver","Doom and Gloom+1","Coolheaded","Cold Snap","Amplify","Auto Shields","Undo"],"relics":["Empty Cage","Boot","Strawberry"],"potions_floor_usage":[],"damage_taken":[{"damage":2,"enemies":"2 Louse","floor":1,"turns":3},{"damage":6,"enemies":"Cultist","floor":4,"turns":3},{"damage":1,"enemies":"Small Slimes","floor":5,"turns":3},{"damage":7,"enemies":"Exordium Wildlife","floor":7,"turns":4},{"damage":5,"enemies":"3 Louse","floor":10,"turns":2},{"damage":0,"enemies":"Exordium Thugs","floor":11,"turns":4},{"damage":8,"enemies":"Red Slaver","floor":12,"turns":3},{"damage":5,"enemies":"Large Slime","floor":14,"turns":3},{"damage":0,"enemies":"The Guardian","floor":16,"turns":1}],"seed_played":"403653785737935839","potions_obtained":[{"floor":4,"key":"PowerPotion"},{"floor":7,"key":"FocusPotion"},{"floor":10,"key":"Fire Potion"}],"is_trial":false,"path_per_floor":["M","?","$","M","M","R","M","R","T","M","M","M","T","M","R","B"],"character_chosen":"DEFECT","items_purchased":["Lockon","Conserve Battery"],"campfire_rested":1,"item_purchase_floors":[3,3],"current_hp_per_floor":[73,73,73,67,66,66,59,59,59,54,54,46,53,48,72,72],"gold":326,"neow_bonus":"BOSS_RELIC","is_prod":false,"is_daily":false,"chose_seed":false,"campfire_upgraded":2,"win_rate":0,"timestamp":1550262015,"path_taken":["M","?","$","M","?","R","M","R","T","M","M","M","?","M","R","BOSS"],"build_version":"2019-01-23","purchased_purges":1,"victory":false,"max_hp_per_floor":[75,75,75,75,75,75,75,75,75,75,75,75,82,82,82,82],"card_choices":[{"not_picked":["Sweeping Beam","Chill"],"picked":"Rebound","floor":1},{"not_picked":["Steam","Tempest"],"picked":"Compile Driver","floor":4},{"not_picked":["Beam Cell","Steam Power"],"picked":"Doom and Gloom","floor":5},{"not_picked":["Scrape","Loop"],"picked":"Coolheaded","floor":7},{"not_picked":["Skim","Leap"],"picked":"Cold Snap","floor":10},{"not_picked":["Coolheaded","Leap"],"picked":"Amplify","floor":11},{"not_picked":["Doom and Gloom","Coolheaded"],"picked":"Auto Shields","floor":12},{"not_picked":["Self Repair","Storm"],"picked":"Undo","floor":14}],"player_experience":664742,"relics_obtained":[{"floor":9,"key":"Boot"},{"floor":13,"key":"Strawberry"}],"event_choices":[{"damage_healed":0,"gold_gain":275,"player_choice":"Desecrate","damage_taken":0,"max_hp_gain":0,"max_hp_loss":0,"event_name":"Golden Shrine","floor":2,"gold_loss":0,"cards_obtained":["Regret"]}],"is_beta":false,"boss_relics":[],"items_purged_floors":[3],"is_endless":false,"potions_floor_spawned":[4,7,10,14],"killed_by":"The Guardian","ascension_level":0}