{"gold_per_floor":[116,69,33,108,122,153,168,187,187,187,199,199,227,227,227,356,356,380,396,396,396,396,434,434,447,447,468,42,62,125,139,139,258,258,298,238,262,287,301,335,335,355,381,381,381,23,43,62,62,62],"floor_reached":51,"playtime":4455,"items_purged":[],"score":756,"play_id":"d3570962-0062-4aea-b9f4-591e6a1eccad","local_time":"20190424184812","is_ascension_mode":false,"campfire_choices":[{"data":"Neutralize","floor":10.0,"key":"SMITH"},{"data":"Cloak And Dagger","floor":12.0,"key":"SMITH"},{"floor":15.0,"key":"REST"},{"floor":24.0,"key":"REST"},{"floor":32.0,"key":"REST"},{"data":"Tactician","floor":41.0,"key":"SMITH"},{"data":"After Image","floor":49,"key":"SMITH"}],"neow_cost":"NONE","seed_source_timestamp":93351018879400,"circlet_count":0,"master_deck":["Defend_G","Defend_G","Defend_G","Defend_G","Defend_G","Strike_G","Strike_G","Strike_G","Strike_G","Strike_G","Survivor","Neutralize+1","Quick Slash","Quick Slash","Tactician+1","After Image+1","Cloak And Dagger+1","Deflect","Corpse Explosion","Blur","Backflip+1","RitualDagger","Bullet Time","Acrobatics+1","Blur","Envenom+1","Backflip","Blur+1","Chrysalis","Eviscerate","Finisher+1","Backflip+1","Footwork+1","Riddle With Holes+1","Writhe","Footwork+1","Catalyst+1"],"special_seed":0,"relics":["Ring of the Snake","Gambling Chip","Bottled Flame","Blue Candle","Golden Idol","Snecko Eye","Nloth\u0027s Gift","Centennial Puzzle","Frozen Egg 2","Regal Pillow","Pantograph","Sozu","Art of War","Bag of Preparation","Snake Skull","Lantern"],"potions_floor_usage":[50,50,50],"damage_taken":[{"damage":0.0,"enemies":"2 Louse","floor":1.0,"turns":1.0},{"damage":0.0,"enemies":"Jaw Worm","floor":5.0,"turns":1.0},{"damage":0.0,"enemies":"Lagavulin","floor":6.0,"turns":1.0},{"damage":0.0,"enemies":"Cultist","floor":7.0,"turns":3.0},{"damage":0.0,"enemies":"Blue Slaver","floor":8.0,"turns":5.0},{"damage":7.0,"enemies":"Exordium Wildlife","floor":11.0,"turns":5.0},{"damage":17.0,"enemies":"Gremlin Nob","floor":13.0,"turns":5.0},{"damage":18.0,"enemies":"The Guardian","floor":16.0,"turns":17.0},{"damage":9.0,"enemies":"2 Thieves","floor":18.0,"turns":2.0},{"damage":14.0,"enemies":"Spheric Guardian","floor":19.0,"turns":4.0},{"damage":23.0,"enemies":"Slavers","floor":23.0,"turns":2.0},{"damage":6.0,"enemies":"Centurion and Healer","floor":25.0,"turns":11.0},{"damage":17.0,"enemies":"Sentry and Sphere","floor":27.0,"turns":8.0},{"damage":0.0,"enemies":"3 Cultists","floor":29.0,"turns":3.0},{"damage":3.0,"enemies":"Gremlin Leader","floor":30.0,"turns":8.0},{"damage":0.0,"enemies":"Centurion and Healer","floor":31.0,"turns":4.0},{"damage":25.0,"enemies":"Automaton","floor":33.0,"turns":11.0},{"damage":0.0,"enemies":"3 Darklings","floor":35.0,"turns":3.0},{"damage":0.0,"enemies":"3 Shapes","floor":37.0,"turns":2.0},{"damage":11.0,"enemies":"Maw","floor":38.0,"turns":12.0},{"damage":5.0,"enemies":"Writhing Mass","floor":39.0,"turns":8.0},{"damage":9.0,"enemies":"Giant Head","floor":40.0,"turns":10.0},{"damage":1.0,"enemies":"4 Shapes","floor":42.0,"turns":3.0},{"damage":1,"enemies":"Maw","floor":47,"turns":8},{"damage":0,"enemies":"Spire Growth","floor":48,"turns":4},{"damage":26,"enemies":"Time Eater","floor":50,"turns":17}],"seed_played":"-7034794862842187938","potions_obtained":[{"floor":1.0,"key":"SteroidPotion"},{"floor":5.0,"key":"SteroidPotion"},{"floor":8.0,"key":"SteroidPotion"},{"floor":11.0,"key":"LiquidBronze"},{"floor":23.0,"key":"Fruit Juice"},{"floor":29.0,"key":"EssenceOfSteel"},{"floor":31.0,"key":"EssenceOfSteel"}],"is_trial":false,"path_per_floor":["M","?","$","?","M","E","M","M","T","R","M","R","E","?","R","B",null,"M","M","?","?","?","E","R","M","T","M","$","M","E","M","R","B",null,"M","?","M","M","M","E","R","M","T","?","?","$","M","M","R","B",null],"character_chosen":"THE_SILENT","items_purchased":["Caltrops","Regal Pillow","Blur","HandOfGreed","Snake Skull","Footwork+1","Lantern"],"campfire_rested":3,"item_purchase_floors":[3,28,28,28,46,46,46],"current_hp_per_floor":[70,70,70,63,63,63,63,63,63,63,56,56,39,22,43,25,70,61,47,41,41,41,23,45,39,39,22,22,22,19,19,56,50,75,75,75,75,64,59,50,50,49,49,68,68,68,67,67,67,49],"gold":62,"neow_bonus":"THREE_ENEMY_KILL","is_prod":false,"is_daily":false,"chose_seed":false,"campfire_upgraded":4,"win_rate":0,"timestamp":1556146092,"path_taken":["M","?","$","?","M","E","?","M","T","R","M","R","E","?","R","BOSS","M","M","?","?","?","E","R","M","T","M","$","M","E","?","R","BOSS","M","?","?","M","M","E","R","M","T","?","?","$","M","M","R","BOSS"],"build_version":"2019-01-23","purchased_purges":0,"victory":true,"max_hp_per_floor":[70,70,70,70,70,70,70,70,70,70,70,70,70,70,70,70,70,70,70,70,70,70,75,75,75,75,75,75,75,75,75,75,75,75,75,75,75,75,75,75,75,75,75,75,75,75,75,75,75,75],"card_choices":[{"not_picked":["Acrobatics","Quick Slash","PiercingWail"],"picked":"SKIP","floor":1.0},{"not_picked":["Acrobatics","PiercingWail"],"picked":"Quick Slash","floor":1.0},{"not_picked":["Sucker Punch","Reflex"],"picked":"Quick Slash","floor":5.0},{"not_picked":["Heel Hook","Dagger Spray"],"picked":"Tactician","floor":6.0},{"not_picked":["Deadly Poison","Blade Dance","Accuracy"],"picked":"SKIP","floor":7.0},{"not_picked":["Well Laid Plans","Flying Knee"],"picked":"After Image","floor":8.0},{"not_picked":["PiercingWail","Dagger Spray"],"picked":"Cloak And Dagger","floor":11.0},{"not_picked":["Concentrate","Flechettes"],"picked":"Deflect","floor":13.0},{"not_picked":["Grand Finale","Envenom"],"picked":"Corpse Explosion","floor":16.0},{"not_picked":["Masterful Stab","Poisoned Stab"],"picked":"Blur","floor":18.0},{"not_picked":["Quick Slash","Dagger Throw+1"],"picked":"Backflip+1","floor":19.0},{"not_picked":["Unload","Caltrops"],"picked":"Bullet Time","floor":23.0},{"not_picked":["Underhanded Strike","Concentrate+1","Flying Knee"],"picked":"SKIP","floor":25.0},{"not_picked":["PiercingWail","Outmaneuver+1"],"picked":"Acrobatics+1","floor":27.0},{"not_picked":["Outmaneuver+1","Dagger Spray+1","Masterful Stab"],"picked":"SKIP","floor":29.0},{"not_picked":["Blade Dance+1","Heel Hook+1"],"picked":"Envenom+1","floor":30.0},{"not_picked":["Infinite Blades+1","Setup"],"picked":"Backflip","floor":31.0},{"not_picked":["Dash","Quick Slash"],"picked":"Blur+1","floor":35.0},{"not_picked":["Dagger Spray","Sucker Punch"],"picked":"Finisher+1","floor":37.0},{"not_picked":["Flying Knee+1","Acrobatics+1"],"picked":"Backflip+1","floor":38.0},{"not_picked":["Heel Hook+1","Expertise"],"picked":"Footwork+1","floor":39.0},{"not_picked":["Adrenaline","Outmaneuver+1","Blade Dance+1"],"picked":"SKIP","floor":40.0},{"not_picked":["Slice+1","PiercingWail+1"],"picked":"Riddle With Holes+1","floor":42.0},{"not_picked":["Underhanded Strike","Blade Dance","Cloak And Dagger"],"picked":"SKIP","floor":47},{"not_picked":["Cloak And Dagger+1","Underhanded Strike+1"],"picked":"Catalyst+1","floor":48}],"player_experience":689637,"relics_obtained":[{"floor":6.0,"key":"Gambling Chip"},{"floor":9.0,"key":"Bottled Flame"},{"floor":13.0,"key":"Blue Candle"},{"floor":23.0,"key":"Centennial Puzzle"},{"floor":26.0,"key":"Frozen Egg 2"},{"floor":30.0,"key":"Pantograph"},{"floor":40.0,"key":"Art of War"},{"floor":43.0,"key":"Bag of Preparation"}],"event_choices":[{"damage_healed":0.0,"max_hp_gain":0.0,"max_hp_loss":0.0,"gold_gain":0.0,"event_name":"World of Goop","player_choice":"Left Gold","floor":2.0,"gold_loss":47.0,"damage_taken":0.0},{"damage_healed":0.0,"max_hp_gain":0.0,"max_hp_loss":0.0,"gold_gain":75.0,"event_name":"FaceTrader","player_choice":"Touch","floor":4.0,"gold_loss":0.0,"damage_taken":7.0},{"damage_healed":0.0,"max_hp_gain":0.0,"max_hp_loss":0.0,"gold_gain":0.0,"event_name":"Golden Idol","player_choice":"Take Damage","floor":14.0,"gold_loss":0.0,"damage_taken":17.0,"relics_obtained":["Golden Idol"]},{"damage_healed":0.0,"max_hp_gain":0.0,"max_hp_loss":0.0,"gold_gain":0.0,"event_name":"Nest","player_choice":"Joined the Cult","floor":20.0,"gold_loss":0.0,"damage_taken":6.0,"cards_obtained":["RitualDagger"]},{"damage_healed":0.0,"max_hp_gain":0.0,"max_hp_loss":0.0,"gold_gain":0.0,"event_name":"Cursed Tome","player_choice":"Ignored","floor":21.0,"gold_loss":0.0,"damage_taken":0.0},{"damage_healed":0.0,"max_hp_gain":0.0,"max_hp_loss":0.0,"gold_gain":0.0,"event_name":"N\u0027loth","player_choice":"Traded Relic","floor":22.0,"relics_lost":["NeowsBlessing"],"gold_loss":0.0,"damage_taken":0.0,"relics_obtained":["Nloth\u0027s Gift"]},{"damage_healed":0.0,"max_hp_gain":0.0,"max_hp_loss":0.0,"gold_gain":0.0,"cards_transformed":["HandOfGreed","Caltrops"],"event_name":"Designer","player_choice":"Transformed Cards","floor":36.0,"gold_loss":60.0,"damage_taken":0.0,"cards_obtained":["Chrysalis","Eviscerate"]},{"damage_healed":19.0,"max_hp_gain":0.0,"max_hp_loss":0.0,"gold_gain":0.0,"event_name":"Winding Halls","player_choice":"Writhe","floor":44.0,"gold_loss":0.0,"damage_taken":0.0,"cards_obtained":["Writhe"]},{"damage_healed":0.0,"max_hp_gain":0.0,"max_hp_loss":0.0,"gold_gain":0.0,"event_name":"Mysterious Sphere","player_choice":"Ignored","floor":45.0,"gold_loss":0.0,"damage_taken":0.0}],"is_beta":false,"boss_relics":[{"not_picked":["HoveringKite","Lizard Tail"],"picked":"Snecko Eye"},{"not_picked":["Empty Cage","Tiny House"],"picked":"Sozu"}],"items_purged_floors":[],"is_endless":false,"potions_floor_spawned":[1,5,8,11,13,19,23,29,31,33,37,47,48],"ascension_level":0}