{"gold_per_floor":[116,132,150,76,76,76,105,105,178,234,253,253,264,291,291,390,390,407,424,12,12,23,57,57,82,105,136,149,179,22,32,32,127,127,137,37,53,1052,1012,1012,51,79,79,108,108,58,58,89,89,89],"floor_reached":51,"playtime":2203,"items_purged":["Strike_R","Strike_R","Strike_R"],"score":1223,"play_id":"015eed70-8d54-4110-8391-d2d0d67936b8","local_time":"20180815201125","is_ascension_mode":true,"campfire_choices":[{"data":"1","floor":6.0,"key":"LIFT"},{"data":"2","floor":8.0,"key":"LIFT"},{"floor":12.0,"key":"REST"},{"data":"3","floor":15.0,"key":"LIFT"},{"data":"Defend_R","floor":32.0,"key":"SMITH"},{"data":"Demon Form","floor":40.0,"key":"SMITH"},{"data":"Rage","floor":45.0,"key":"SMITH"},{"data":"Sentinel","floor":49.0,"key":"SMITH"}],"neow_cost":"TEN_PERCENT_HP_LOSS","seed_source_timestamp":2854949585797,"circlet_count":0,"master_deck":["Strike_R","Strike_R","Defend_R","Defend_R","Defend_R+1","Defend_R+1","Bash","Disarm","Cleave","Sentinel+1","Limit Break+1","True Grit","Thunderclap+1","Heavy Blade+1","Reaper+1","Demon Form","Twin Strike+1","Clash+1","Limit Break+1","True Grit+1","Anger+1","Iron Wave+1","Heavy Blade+1","Power Through","Intimidate+1","Flex","Flash of Steel+1","Demon Form+1","Rage+1","Thunderclap+1","Sword Boomerang+1","Master of Strategy","Anger+1","Perfected Strike+1","Exhume"],"special_seed":0,"relics":["Burning Blood","Girya","Regal Pillow","Molten Egg 2","Mercury Hourglass","Omamori","Coffee Dripper","Pen Nib","DollysMirror","Dodecahedron","FaceOfCleric","Boot","War Paint","Thread and Needle","Anchor","White Beast Statue","Paper Frog","Strawberry","OrangePellets","Ancient Tea Set","Pear","Gremlin Horn","Red Skull","Bag of Preparation"],"potions_floor_usage":[50,50,50],"damage_taken":[{"damage":7.0,"enemies":"2 Louse","floor":1.0,"turns":3.0},{"damage":4.0,"enemies":"Cultist","floor":2.0,"turns":4.0},{"damage":7.0,"enemies":"Jaw Worm","floor":3.0,"turns":5.0},{"damage":49.0,"enemies":"Lagavulin","floor":7.0,"turns":9.0},{"damage":8.0,"enemies":"3 Sentries","floor":10.0,"turns":4.0},{"damage":0.0,"enemies":"Exordium Wildlife","floor":11.0,"turns":1.0},{"damage":0.0,"enemies":"3 Louse","floor":13.0,"turns":2.0},{"damage":16.0,"enemies":"Gremlin Nob","floor":14.0,"turns":3.0},{"damage":33.0,"enemies":"Hexaghost","floor":16.0,"turns":8.0},{"damage":5.0,"enemies":"Chosen","floor":18.0,"turns":4.0},{"damage":1.0,"enemies":"Spheric Guardian","floor":19.0,"turns":3.0},{"damage":0.0,"enemies":"Snake Plant","floor":22.0,"turns":1.0},{"damage":40.0,"enemies":"Slavers","floor":23.0,"turns":7.0},{"damage":42.0,"enemies":"Gremlin Leader","floor":25.0,"turns":5.0},{"damage":24.0,"enemies":"Slavers","floor":27.0,"turns":3.0},{"damage":0.0,"enemies":"Cultist and Chosen","floor":28.0,"turns":4.0},{"damage":0.0,"enemies":"Gremlin Leader","floor":29.0,"turns":4.0},{"damage":0.0,"enemies":"3 Cultists","floor":31.0,"turns":3.0},{"damage":0.0,"enemies":"Collector","floor":33.0,"turns":7.0},{"damage":0.0,"enemies":"3 Shapes","floor":35.0,"turns":8.0},{"damage":0.0,"enemies":"Orb Walker","floor":37.0,"turns":2.0},{"damage":0.0,"enemies":"Giant Head","floor":42.0,"turns":5.0},{"damage":13.0,"enemies":"2 Orb Walkers","floor":44.0,"turns":4.0},{"damage":49.0,"enemies":"Nemesis","floor":48.0,"turns":5.0},{"damage":19,"enemies":"Time Eater","floor":50,"turns":7}],"seed_played":"5925053553810294","potions_obtained":[{"floor":1.0,"key":"Fire Potion"},{"floor":3.0,"key":"Swift Potion"},{"floor":7.0,"key":"SkillPotion"},{"floor":11.0,"key":"Regen Potion"},{"floor":13.0,"key":"SkillPotion"},{"floor":18.0,"key":"Fire Potion"},{"floor":23.0,"key":"Strength Potion"},{"floor":29.0,"key":"Explosive Potion"},{"floor":33.0,"key":"EssenceOfSteel"},{"floor":35.0,"key":"Dexterity Potion"},{"floor":37.0,"key":"Fire Potion"},{"floor":39.0,"key":"Fruit Juice"},{"floor":39.0,"key":"SteroidPotion"},{"floor":42.0,"key":"EssenceOfSteel"}],"is_trial":false,"path_per_floor":["M","M","M","$","?","R","E","R","T","?","M","R","M","E","R","B",null,"M","M","$","?","M","E","?","E","T","E","M","E","$","M","R","B",null,"M","$","M","?","?","R","$","E","T","E","R","?","?","E","R","B"],"character_chosen":"IRONCLAD","items_purchased":["Limit Break","Pen Nib","DollysMirror","Flex","Flash of Steel+1","Paper Frog","Strawberry","OrangePellets","Sword Boomerang+1","Master of Strategy"],"campfire_rested":1,"item_purchase_floors":[4,20,20,30,30,41,41,41,41,41],"current_hp_per_floor":[71,72,71,71,71,71,28,28,28,26,32,68,72,62,62,46,72,72,72,72,59,65,43,43,42,42,25,43,81,81,82,82,83,83,84,84,85,85,85,85,92,98,108,102,102,102,102,67,67,78],"gold":89,"neow_bonus":"ONE_RARE_RELIC","is_prod":false,"is_daily":false,"chose_seed":false,"campfire_upgraded":4,"win_rate":0,"timestamp":1534378285,"path_taken":["M","M","M","$","?","R","E","R","T","?","M","R","?","E","R","BOSS","M","M","$","?","?","E","?","E","T","E","M","E","$","?","R","BOSS","M","$","M","?","?","R","$","E","T","E","R","?","?","E","R","BOSS"],"build_version":"2018-08-09","purchased_purges":3,"victory":true,"max_hp_per_floor":[72,72,72,72,72,72,72,72,72,72,72,72,72,72,72,72,72,72,72,72,77,77,77,77,78,78,79,80,81,81,82,82,83,83,84,84,85,85,85,85,92,98,108,109,109,109,109,110,110,111],"card_choices":[{"not_picked":["Rupture","Twin Strike"],"picked":"Disarm","floor":1.0},{"not_picked":["Ghostly Armor","Pommel Strike"],"picked":"Cleave","floor":2.0},{"not_picked":["Body Slam","Heavy Blade"],"picked":"Sentinel","floor":3.0},{"not_picked":["Cleave","Infernal Blade"],"picked":"True Grit","floor":7.0},{"not_picked":["Cleave+1","True Grit"],"picked":"Thunderclap+1","floor":11.0},{"not_picked":["Disarm","Armaments"],"picked":"Heavy Blade+1","floor":13.0},{"not_picked":["Seeing Red","Intimidate"],"picked":"Reaper+1","floor":14.0},{"not_picked":["Juggernaut","Impervious"],"picked":"Demon Form","floor":16.0},{"not_picked":["Corruption+1","Uppercut+1"],"picked":"Twin Strike+1","floor":18.0},{"not_picked":["Havoc","Dual Wield"],"picked":"Clash+1","floor":19.0},{"not_picked":["Blood for Blood+1","Twin Strike+1"],"picked":"True Grit","floor":22.0},{"not_picked":["Body Slam+1","Wild Strike+1"],"picked":"Anger+1","floor":23.0},{"not_picked":["Barricade","Second Wind"],"picked":"Iron Wave+1","floor":25.0},{"not_picked":["Bloodletting+1","Burning Pact"],"picked":"Heavy Blade+1","floor":27.0},{"not_picked":["Burning Pact","Body Slam+1"],"picked":"Power Through","floor":28.0},{"not_picked":["Body Slam+1","Havoc"],"picked":"Intimidate+1","floor":29.0},{"not_picked":["Carnage+1","Wild Strike+1","Warcry+1"],"picked":"SKIP","floor":31.0},{"not_picked":["Fiend Fire+1","Barricade"],"picked":"Demon Form","floor":33.0},{"not_picked":["Body Slam+1","Anger+1"],"picked":"Rage","floor":35.0},{"not_picked":["Wild Strike+1","Havoc"],"picked":"Thunderclap+1","floor":37.0},{"not_picked":["Clothesline+1","Cleave+1"],"picked":"Anger+1","floor":42.0},{"not_picked":["Fire Breathing+1","Inflame"],"picked":"Perfected Strike+1","floor":44.0},{"not_picked":["Corruption","Feel No Pain+1"],"picked":"Exhume","floor":48.0}],"player_experience":193763,"relics_obtained":[{"floor":7.0,"key":"Regal Pillow"},{"floor":9.0,"key":"Molten Egg 2"},{"floor":10.0,"key":"Mercury Hourglass"},{"floor":14.0,"key":"Omamori"},{"floor":23.0,"key":"Dodecahedron"},{"floor":25.0,"key":"Boot"},{"floor":26.0,"key":"War Paint"},{"floor":27.0,"key":"Thread and Needle"},{"floor":29.0,"key":"Anchor"},{"floor":42.0,"key":"Ancient Tea Set"},{"floor":43.0,"key":"Pear"},{"floor":44.0,"key":"Gremlin Horn"},{"floor":48.0,"key":"Bag of Preparation"}],"event_choices":[{"event_name":"Upgrade Shrine","player_choice":"Upgraded","floor":5.0,"damage_taken":0.0},{"event_name":"Dead Adventurer","player_choice":"Searched \u00271\u0027 times","floor":10.0,"damage_taken":0.0},{"event_name":"Forgotten Altar","player_choice":"Shed Blood","floor":21.0,"damage_taken":0.0},{"event_name":"FaceTrader","player_choice":"Trade","floor":24.0,"damage_taken":0.0},{"event_name":"MindBloom","player_choice":"Gold","floor":38.0,"damage_taken":0.0},{"event_name":"The Woman in Blue","player_choice":"Bought 3 Potions","floor":39.0,"damage_taken":0.0},{"event_name":"WeMeetAgain","player_choice":"Gold","floor":46.0,"damage_taken":0.0},{"event_name":"Golden Shrine","player_choice":"Skipped","floor":47.0,"damage_taken":0.0}],"is_beta":false,"boss_relics":[{"not_picked":["Tiny House","Runic Dome"],"picked":"Coffee Dripper"},{"not_picked":["Runic Pyramid","Astrolabe"],"picked":"White Beast Statue"}],"items_purged_floors":[20,36,41],"is_endless":false,"potions_floor_spawned":[1,3,7,11,13,18,23,29,33,35,37,42,44,48],"ascension_level":4}