{"gold_per_floor":[209,225,2,12,12,46,46,46,46,46,81,22,22,47,47,143,143,43,43,43],"floor_reached":20,"playtime":1139,"items_purged":["Strike_R"],"score":364,"play_id":"89ad1b6b-6275-4470-b2f9-95cd384566ba","local_time":"20190406215550","is_ascension_mode":true,"campfire_choices":[{"data":"Carnage","floor":7,"key":"SMITH"},{"data":"Evolve","floor":15,"key":"SMITH"}],"neow_cost":"NONE","seed_source_timestamp":44670730600824,"circlet_count":0,"master_deck":["AscendersBane","Strike_R","Strike_R","Strike_R","Strike_R","Defend_R","Defend_R","Defend_R","Defend_R","Bash","Carnage+1","Evolve+1","Shrug It Off","Twin Strike","Flame Barrier","Iron Wave","Anger","Shrug It Off","Limit Break","Wild Strike","Wild Strike+1"],"relics":["Burning Blood","FossilizedHelix","Golden Idol","Magic Flower","Unceasing Top","Dodecahedron","Ectoplasm"],"potions_floor_usage":[11,16],"damage_taken":[{"damage":6,"enemies":"Cultist","floor":1,"turns":3},{"damage":3,"enemies":"Small Slimes","floor":2,"turns":3},{"damage":4,"enemies":"2 Louse","floor":4,"turns":3},{"damage":22,"enemies":"3 Sentries","floor":6,"turns":11},{"damage":15,"enemies":"Lagavulin","floor":11,"turns":5},{"damage":0,"enemies":"Blue Slaver","floor":14,"turns":3},{"damage":13,"enemies":"Slime Boss","floor":16,"turns":10},{"damage":26,"enemies":"2 Thieves","floor":18,"turns":4},{"damage":13,"enemies":"Chosen","floor":19,"turns":5},{"damage":51,"enemies":"3 Cultists","floor":20,"turns":5}],"seed_played":"4209146641213973264","potions_obtained":[{"floor":1,"key":"Strength Potion"},{"floor":11,"key":"Explosive Potion"},{"floor":14,"key":"Ancient Potion"}],"is_trial":false,"path_per_floor":["M","M","$","M","?","E","R","?","T","?","E","$","T","M","R","B",null,"M","M","M"],"character_chosen":"IRONCLAD","items_purchased":["Evolve","Shrug It Off","Twin Strike","Anger"],"campfire_rested":0,"item_purchase_floors":[3,3,3,12],"current_hp_per_floor":[68,71,71,73,73,57,57,31,31,31,25,25,25,34,34,30,64,47,43,0],"gold":43,"neow_bonus":"HUNDRED_GOLD","is_prod":false,"is_daily":false,"chose_seed":false,"campfire_upgraded":2,"win_rate":0,"timestamp":1554602150,"path_taken":["M","M","$","?","?","E","R","?","T","?","E","$","?","M","R","BOSS","M","M","M"],"build_version":"2019-01-23","purchased_purges":1,"victory":false,"max_hp_per_floor":[75,75,75,75,75,75,75,75,75,75,75,75,75,75,75,75,75,75,75,75],"card_choices":[{"not_picked":["Headbutt","Iron Wave"],"picked":"Carnage","floor":1},{"not_picked":["Clash","Thunderclap","Dual Wield"],"picked":"SKIP","floor":2},{"not_picked":["Clothesline","Flex"],"picked":"Flame Barrier","floor":4},{"not_picked":["Infernal Blade","Rampage"],"picked":"Iron Wave","floor":6},{"not_picked":["Entrench","Twin Strike","Clash"],"picked":"SKIP","floor":11},{"not_picked":["Perfected Strike","Blood for Blood"],"picked":"Shrug It Off","floor":14},{"not_picked":["Dark Embrace","Fiend Fire"],"picked":"Limit Break","floor":16},{"not_picked":["Clothesline+1","True Grit"],"picked":"Wild Strike","floor":18},{"not_picked":["Rupture","Pommel Strike"],"picked":"Wild Strike+1","floor":19}],"player_experience":857444,"relics_obtained":[{"floor":6,"key":"FossilizedHelix"},{"floor":9,"key":"Magic Flower"},{"floor":11,"key":"Unceasing Top"},{"floor":13,"key":"Dodecahedron"}],"event_choices":[{"damage_healed":0,"gold_gain":0,"player_choice":"Ignored","damage_taken":0,"max_hp_gain":0,"max_hp_loss":0,"event_name":"Liars Game","floor":5,"gold_loss":0},{"damage_healed":0,"gold_gain":0,"player_choice":"Take Damage","damage_taken":26,"relics_obtained":["Golden Idol"],"max_hp_gain":0,"max_hp_loss":0,"event_name":"Golden Idol","floor":8,"gold_loss":0},{"damage_healed":0,"gold_gain":0,"player_choice":"Searched \u00270\u0027 times","damage_taken":0,"max_hp_gain":0,"max_hp_loss":0,"event_name":"Dead Adventurer","floor":10,"gold_loss":0}],"is_beta":false,"boss_relics":[{"not_picked":["Velvet Choker","Astrolabe"],"picked":"Ectoplasm"}],"items_purged_floors":[3],"is_endless":false,"potions_floor_spawned":[1,11,14],"killed_by":"3 Cultists","ascension_level":20}