{"gold_per_floor":[110,130,150,150,165,200,200,200,225,21,46,46,46,127,127,246,246,271,259,259,259,283,283,158,158],"floor_reached":25,"playtime":1182,"items_purged":["Injury","Injury"],"score":337,"play_id":"04aa14a2-e8aa-45a6-9085-f99eb6aa4335","local_time":"20181023134923","is_ascension_mode":true,"campfire_choices":[{"floor":7,"key":"REST"},{"data":"Armaments","floor":15,"key":"SMITH"},{"floor":23,"key":"REST"}],"neow_cost":"CURSE","seed_source_timestamp":197135279906820,"circlet_count":0,"master_deck":["Strike_R","Strike_R","Strike_R","Strike_R","Defend_R","Defend_R","Defend_R","Defend_R","Bash","AscendersBane","Feel No Pain","Armaments+1","Sentinel","Shockwave+1","Shrug It Off","Burning Pact","Double Tap","Headbutt","Battle Trance","Fire Breathing+1"],"relics":["Burning Blood","Golden Idol","Smiling Mask","Juzu Bracelet","Ancient Tea Set","Frozen Egg 2","Busted Crown"],"potions_floor_usage":[3,6,10,16,25,25],"damage_taken":[{"damage":13,"enemies":"Jaw Worm","floor":1,"turns":4},{"damage":10,"enemies":"Small Slimes","floor":2,"turns":4},{"damage":8,"enemies":"2 Louse","floor":3,"turns":4},{"damage":7,"enemies":"Looter","floor":5,"turns":4},{"damage":47,"enemies":"Lagavulin","floor":6,"turns":9},{"damage":6,"enemies":"Exordium Thugs","floor":11,"turns":5},{"damage":65,"enemies":"The Guardian","floor":16,"turns":18},{"damage":14,"enemies":"Chosen","floor":18,"turns":8},{"damage":27,"enemies":"2 Thieves","floor":19,"turns":4},{"damage":32,"enemies":"Colosseum Slavers","floor":21,"turns":6},{"damage":0,"enemies":"Snecko","floor":22,"turns":4},{"damage":70,"enemies":"Slavers","floor":25,"turns":5}],"seed_played":"4027053476093025456","potions_obtained":[{"floor":1,"key":"PowerPotion"},{"floor":3,"key":"AttackPotion"},{"floor":5,"key":"Dexterity Potion"},{"floor":19,"key":"Ancient Potion"},{"floor":22,"key":"EssenceOfSteel"}],"is_trial":false,"path_per_floor":["M","M","M","?","M","E","R","?","T","$","M","?","?","T","R","B",null,"M","M","?","?","M","R","$"],"character_chosen":"IRONCLAD","items_purchased":["Fruit Juice","Shrug It Off","LiquidBronze"],"campfire_rested":2,"item_purchase_floors":[10,10,24],"current_hp_per_floor":[81,77,75,75,74,33,61,49,49,54,54,54,87,87,87,28,83,75,54,54,28,34,64,64,0],"gold":158,"neow_bonus":"TWENTY_PERCENT_HP_BONUS","is_prod":false,"is_daily":false,"chose_seed":false,"campfire_upgraded":1,"win_rate":0,"timestamp":1540316963,"path_taken":["M","M","M","?","M","E","R","?","T","$","M","?","?","?","R","BOSS","M","M","?","?","M","R","$","E"],"build_version":"2018-10-18","purchased_purges":2,"victory":false,"max_hp_per_floor":[96,96,96,96,96,96,96,96,96,101,101,101,101,101,101,101,101,101,101,101,101,101,101,101,101],"card_choices":[{"not_picked":["Sword Boomerang","Flame Barrier"],"picked":"Feel No Pain","floor":1},{"not_picked":["Headbutt","Sword Boomerang"],"picked":"Armaments","floor":2},{"not_picked":["Clothesline","Dropkick","Body Slam"],"picked":"SKIP","floor":3},{"not_picked":["Flex","Inflame"],"picked":"Sentinel","floor":5},{"not_picked":["Uppercut","Dual Wield"],"picked":"Shockwave","floor":6},{"not_picked":["Body Slam","Heavy Blade"],"picked":"Burning Pact","floor":11},{"not_picked":["Feed","Limit Break"],"picked":"Double Tap","floor":16},{"not_picked":["Perfected Strike"],"picked":"SKIP","floor":18},{"not_picked":[],"picked":"Headbutt","floor":19},{"not_picked":[],"picked":"Fire Breathing+1","floor":22}],"player_experience":382535,"relics_obtained":[{"floor":6,"key":"Smiling Mask"},{"floor":9,"key":"Ancient Tea Set"},{"floor":14,"key":"Frozen Egg 2"}],"event_choices":[{"damage_healed":0,"gold_gain":0,"player_choice":"Take Wound","damage_taken":0,"relics_obtained":["Golden Idol"],"max_hp_gain":0,"max_hp_loss":0,"event_name":"Golden Idol","floor":4,"gold_loss":0,"cards_obtained":["Injury"]},{"damage_healed":0,"gold_gain":0,"player_choice":"Success","damage_taken":12,"relics_obtained":["Juzu Bracelet"],"max_hp_gain":0,"max_hp_loss":0,"event_name":"Scrap Ooze","floor":8,"gold_loss":0},{"damage_healed":0,"gold_gain":0,"player_choice":"Grow","damage_taken":0,"max_hp_gain":0,"max_hp_loss":0,"event_name":"Living Wall","floor":12,"gold_loss":0,"cards_upgraded":["Shockwave"]},{"damage_healed":33,"gold_gain":0,"player_choice":"Banana","damage_taken":0,"max_hp_gain":0,"max_hp_loss":0,"event_name":"Big Fish","floor":13,"gold_loss":0},{"damage_healed":0,"gold_gain":0,"cards_transformed":["Strike_R"],"player_choice":"Transformed","damage_taken":0,"max_hp_gain":0,"max_hp_loss":0,"event_name":"Transmorgrifier","floor":20,"gold_loss":0,"cards_obtained":["Battle Trance"]},{"damage_healed":0,"gold_gain":0,"player_choice":"Fight","damage_taken":0,"max_hp_gain":0,"max_hp_loss":0,"event_name":"Colosseum","floor":21,"gold_loss":0},{"damage_healed":0,"gold_gain":0,"player_choice":"Fled From Nobs","damage_taken":0,"max_hp_gain":0,"max_hp_loss":0,"event_name":"Colosseum","floor":21,"gold_loss":0}],"is_beta":false,"boss_relics":[{"not_picked":["Runic Dome","Eternal Feather"],"picked":"Busted Crown"}],"items_purged_floors":[10,24],"is_endless":false,"potions_floor_spawned":[1,3,5,19,22],"killed_by":"Slavers","ascension_level":11}