{"gold_per_floor":[116,116,131,131,131,131,165,165,165,178,3,21,36,36,36,133,133,144,104,29,29,43,43,75,75,75,75,94,106,124,158,158,262,312,323,27,44,59,74,74],"floor_reached":40,"playtime":1606,"items_purged":[],"score":478,"play_id":"efb7f734-9594-4c77-9776-39e43eae9b4a","local_time":"20180908141346","is_ascension_mode":false,"campfire_choices":[{"floor":6,"key":"REST"},{"floor":8,"key":"REST"},{"data":"Defragment","floor":15,"key":"SMITH"},{"data":"Shame","floor":23,"key":"PURGE"},{"floor":25,"key":"REST"},{"floor":27,"key":"REST"},{"floor":32,"key":"REST"}],"neow_cost":"NONE","seed_source_timestamp":1753254776880088,"circlet_count":0,"master_deck":["Strike_B","Strike_B","Strike_B","Defend_B","Defend_B","Defend_B","Defend_B","Zap","Dualcast+1","Ball Lightning","Hologram","Self Repair","Conserve Battery","Force Field","Doom and Gloom","FTL+1","Compile Driver","Defragment+1","Heatsinks","Sweeping Beam","Creative AI+1","Leap+1","Sweeping Beam","Hologram+1","Stack+1","Multi-Cast+1","Self Repair","Aggregate+1","Force Field+1","Reboot+1","Conserve Battery+1","Cold Snap+1","Hologram+1","Sweeping Beam+1","Streamline+1","Chaos+1"],"relics":["Cracked Core","Peace Pipe","Mercury Hourglass","Girya","Toxic Egg 2","Busted Crown","Strawberry","Pantograph","Pear","Gremlin Horn","Tiny House","Bottled Tornado"],"potions_floor_usage":[1,24,24,29,29,31,35,37,37,40],"damage_taken":[{"damage":0,"enemies":"Cultist","floor":1,"turns":2},{"damage":6,"enemies":"Jaw Worm","floor":3,"turns":3},{"damage":47,"enemies":"Gremlin Nob","floor":7,"turns":5},{"damage":0,"enemies":"Small Slimes","floor":10,"turns":3},{"damage":4,"enemies":"2 Fungi Beasts","floor":12,"turns":3},{"damage":14,"enemies":"Large Slime","floor":13,"turns":5},{"damage":27,"enemies":"Slime Boss","floor":16,"turns":7},{"damage":20,"enemies":"2 Thieves","floor":18,"turns":3},{"damage":5,"enemies":"Spheric Guardian","floor":22,"turns":3},{"damage":38,"enemies":"Gremlin Leader","floor":24,"turns":6},{"damage":15,"enemies":"3 Cultists","floor":28,"turns":4},{"damage":39,"enemies":"Shelled Parasite and Fungi","floor":29,"turns":5},{"damage":10,"enemies":"Chosen and Byrds","floor":30,"turns":4},{"damage":39,"enemies":"Slavers","floor":31,"turns":6},{"damage":19,"enemies":"Automaton","floor":33,"turns":9},{"damage":0,"enemies":"Orb Walker","floor":35,"turns":5},{"damage":12,"enemies":"3 Darklings","floor":37,"turns":5},{"damage":11,"enemies":"Sphere and 2 Shapes","floor":38,"turns":4},{"damage":0,"enemies":"4 Shapes","floor":39,"turns":2},{"damage":103,"enemies":"2 Orb Walkers","floor":40,"turns":5}],"seed_played":"-4863672505366062680","potions_obtained":[{"floor":1,"key":"Fruit Juice"},{"floor":7,"key":"FearPotion"},{"floor":10,"key":"Dexterity Potion"},{"floor":13,"key":"EssenceOfSteel"},{"floor":28,"key":"Ancient Potion"},{"floor":30,"key":"Strength Potion"},{"floor":34,"key":"EntropicBrew"},{"floor":38,"key":"FocusPotion"}],"is_trial":false,"path_per_floor":["M","?","M","?","?","R","E","R","T","M","$","M","M","T","R","B",null,"M","?","$","?","M","R","E","R","T","R","M","M","M","E","R","B",null,"M","$","M","M","M"],"character_chosen":"DEFECT","items_purchased":["FTL","Compile Driver","Defragment","Sweeping Beam","Hologram+1","Bottled Tornado","Hologram+1"],"campfire_rested":5,"item_purchase_floors":[11,11,11,20,20,36,36],"current_hp_per_floor":[80,80,80,80,55,79,39,63,63,70,70,73,66,66,66,46,80,60,60,60,67,69,69,38,64,74,97,82,57,47,22,51,64,102,102,102,102,102,102,0],"gold":74,"neow_bonus":"THREE_CARDS","is_prod":false,"is_daily":false,"chose_seed":false,"campfire_upgraded":1,"win_rate":0,"timestamp":1536408826,"path_taken":["M","?","M","?","?","R","E","R","T","M","?","M","M","?","R","BOSS","M","?","$","?","M","R","E","R","T","R","M","?","M","E","R","BOSS","M","$","M","M","M","E"],"build_version":"2018-09-06","purchased_purges":0,"victory":false,"max_hp_per_floor":[80,80,80,80,80,80,80,80,80,80,80,80,80,80,80,80,80,80,80,80,87,87,87,87,87,97,97,97,97,97,97,97,97,102,102,102,102,102,102,102],"card_choices":[{"not_picked":["Compile Driver","Gash"],"picked":"Ball Lightning","floor":0},{"not_picked":["Consume","Stack"],"picked":"Hologram","floor":1},{"not_picked":["Gash","Rebound"],"picked":"Conserve Battery","floor":3},{"not_picked":["Hologram","Lockon"],"picked":"Force Field","floor":7},{"not_picked":["Redo","Leap"],"picked":"Doom and Gloom","floor":10},{"not_picked":["Gash","Stack"],"picked":"Heatsinks","floor":12},{"not_picked":["Recycle","Turbo"],"picked":"Sweeping Beam","floor":13},{"not_picked":["Seek+1","Meteor Strike"],"picked":"Creative AI","floor":16},{"not_picked":[],"picked":"Leap+1","floor":18},{"not_picked":[],"picked":"Stack+1","floor":22},{"not_picked":[],"picked":"Multi-Cast+1","floor":24},{"not_picked":[],"picked":"Self Repair","floor":28},{"not_picked":["Gash"],"picked":"SKIP","floor":29},{"not_picked":[],"picked":"Aggregate+1","floor":30},{"not_picked":[],"picked":"Force Field+1","floor":31},{"not_picked":[],"picked":"Reboot+1","floor":33},{"not_picked":[],"picked":"Conserve Battery+1","floor":34},{"not_picked":[],"picked":"Cold Snap+1","floor":35},{"not_picked":[],"picked":"Sweeping Beam+1","floor":37},{"not_picked":[],"picked":"Streamline+1","floor":38},{"not_picked":[],"picked":"Chaos+1","floor":39}],"player_experience":236137,"relics_obtained":[{"floor":7,"key":"Mercury Hourglass"},{"floor":9,"key":"Girya"},{"floor":14,"key":"Toxic Egg 2"},{"floor":24,"key":"Pantograph"},{"floor":26,"key":"Pear"},{"floor":31,"key":"Gremlin Horn"}],"event_choices":[{"event_name":"Living Wall","player_choice":"Change","floor":2,"damage_taken":0},{"event_name":"The Cleric","player_choice":"Leave","floor":4,"damage_taken":0},{"event_name":"Scrap Ooze","player_choice":"success","floor":5,"damage_taken":25},{"event_name":"Designer","player_choice":"Upgrade 2 Random Cards","floor":19,"damage_taken":0},{"event_name":"Addict","player_choice":"Stole Relic","floor":21,"damage_taken":0}],"is_beta":false,"boss_relics":[{"not_picked":["Philosopher\u0027s Stone","Black Star"],"picked":"Busted Crown"},{"not_picked":["Empty Cage","Velvet Choker"],"picked":"Tiny House"}],"items_purged_floors":[],"is_endless":false,"potions_floor_spawned":[1,7,10,13,18,28,30,35,38],"killed_by":"2 Orb Walkers","ascension_level":0}