{"gold_per_floor":[113,62,81,81,96,121,121,134,218,230,57,69,69,82,82,181,181,199,24,43,63,63,94,94,106,133,10,10,29,29,29,29,129,129,147,161,461,474,474,474,487,500,500,16,16,16,16,31,31,31],"floor_reached":50,"playtime":1657,"items_purged":["Writhe"],"score":516,"play_id":"48fc84c6-54c2-4f96-a5c6-d166aab7cc9d","local_time":"20180806173337","is_ascension_mode":false,"campfire_choices":[{"data":"Armaments","floor":7,"key":"SMITH"},{"floor":13,"key":"REST"},{"floor":15,"key":"REST"},{"floor":24,"key":"REST"},{"floor":32,"key":"REST"},{"floor":40,"key":"REST"},{"floor":45,"key":"REST"},{"floor":49,"key":"REST"}],"neow_cost":"","seed_source_timestamp":644269141359717,"circlet_count":0,"master_deck":["Strike_R","Strike_R","Strike_R","Strike_R","Strike_R","Defend_R","Defend_R","Defend_R","Defend_R","Bash","Sword Boomerang","Clothesline","Shrug It Off","Armaments+1","Evolve","Shockwave","Flex","Cleave","Metallicize","Pummel","Carnage","Feed","Perfected Strike+1","Trip","Cleave+1","Heavy Blade+1","Inflame","Sword Boomerang","Twin Strike","Sword Boomerang+1","Juggernaut","Perfected Strike+1","Warcry+1","Heavy Blade+1","Heavy Blade+1","Heavy Blade+1","Immolate","Bash","Iron Wave+1"],"relics":["Burning Blood","Ornamental Fan","Tiny Chest","Mark of Pain","Bag of Marbles","Bag of Preparation","Red Skull","Empty Cage","Old Coin","Pantograph","Torii"],"potions_floor_usage":[8,12,23,29,29,33,42,48,48,48],"damage_taken":[{"damage":0,"enemies":"Small Slimes","floor":1,"turns":3},{"damage":12,"enemies":"2 Louse","floor":3,"turns":3},{"damage":1,"enemies":"Cultist","floor":5,"turns":3},{"damage":21,"enemies":"Gremlin Nob","floor":6,"turns":4},{"damage":27,"enemies":"Gremlin Gang","floor":8,"turns":4},{"damage":9,"enemies":"Looter","floor":10,"turns":3},{"damage":19,"enemies":"Exordium Wildlife","floor":12,"turns":3},{"damage":6,"enemies":"Exordium Thugs","floor":14,"turns":4},{"damage":42,"enemies":"Slime Boss","floor":16,"turns":10},{"damage":5,"enemies":"Chosen","floor":18,"turns":5},{"damage":10,"enemies":"3 Byrds","floor":20,"turns":4},{"damage":12,"enemies":"Cultist and Chosen","floor":21,"turns":6},{"damage":36,"enemies":"Book of Stabbing","floor":23,"turns":5},{"damage":3,"enemies":"Snecko","floor":25,"turns":3},{"damage":23,"enemies":"Slaver and Parasite","floor":29,"turns":4},{"damage":56,"enemies":"Champ","floor":33,"turns":11},{"damage":26,"enemies":"Orb Walker","floor":35,"turns":4},{"damage":22,"enemies":"3 Darklings","floor":36,"turns":5},{"damage":12,"floor":37,"turns":6},{"damage":30,"enemies":"4 Shapes","floor":38,"turns":5},{"damage":28,"enemies":"Maw","floor":41,"turns":6},{"damage":14,"enemies":"3 Darklings","floor":42,"turns":3},{"damage":8,"enemies":"Spire Growth","floor":48,"turns":3},{"damage":89,"enemies":"Time Eater","floor":50,"turns":5}],"seed_played":"1493044107063546694","potions_obtained":[{"floor":5,"key":"FearPotion"},{"floor":8,"key":"LiquidBronze"},{"floor":20,"key":"Energy Potion"},{"floor":23,"key":"GamblersBrew"},{"floor":25,"key":"BloodPotion"},{"floor":28,"key":"Dexterity Potion"},{"floor":28,"key":"Poison Potion"},{"floor":29,"key":"SkillPotion"},{"floor":38,"key":"Energy Potion"},{"floor":41,"key":"AttackPotion"}],"is_trial":false,"path_per_floor":["M","$","M","?","M","E","R","M","T","M","$","M","R","M","R","B",null,"M","$","M","M","?","E","R","M","T","$","?","M","?","$","R","B",null,"M","M","?","M","?","R","M","M","T","$","R","?","?","M","R"],"character_chosen":"IRONCLAD","items_purchased":["Thunderclap","Flex","Cleave","Metallicize","Trip","Hemokinesis","Twin Strike","Torii","Strength Potion","Immolate"],"campfire_rested":7,"item_purchase_floors":[2,11,11,11,19,19,27,44,44,44],"current_hp_per_floor":[80,80,74,74,79,64,64,43,43,40,40,27,51,51,75,39,80,80,80,76,73,73,43,67,70,70,70,70,61,61,61,83,33,83,63,47,41,20,20,45,23,15,15,15,40,40,40,38,63,0],"gold":31,"neow_bonus":"","is_prod":false,"is_daily":false,"chose_seed":false,"campfire_upgraded":1,"win_rate":0,"timestamp":1533569617,"path_taken":["M","$","M","?","M","E","R","M","T","M","$","M","R","M","R","BOSS","M","$","M","?","?","E","R","M","T","$","?","M","?","?","R","BOSS","M","M","?","M","?","R","?","M","T","$","R","?","?","M","R","BOSS"],"build_version":"2018-08-02","purchased_purges":1,"victory":false,"max_hp_per_floor":[80,80,80,80,80,80,80,80,80,80,80,80,80,80,80,80,80,80,80,80,83,83,83,83,83,83,83,83,83,83,83,83,83,83,83,83,83,86,86,86,86,86,86,86,86,86,86,86,86,86],"card_choices":[{"not_picked":["Clash","Reckless Charge"],"picked":"Sword Boomerang","floor":1},{"not_picked":["Wild Strike","Twin Strike"],"picked":"Clothesline","floor":3},{"not_picked":["Corruption","Headbutt"],"picked":"Shrug It Off","floor":5},{"not_picked":["Second Wind","Sever Soul"],"picked":"Armaments","floor":6},{"not_picked":["Searing Blow","Fire Breathing"],"picked":"Evolve","floor":8},{"not_picked":["True Grit","Evolve"],"picked":"Shockwave","floor":10},{"not_picked":["Pommel Strike","Power Through"],"picked":"Pummel","floor":12},{"not_picked":["Intimidate","Heavy Blade"],"picked":"Carnage","floor":14},{"not_picked":["Limit Break","Double Tap"],"picked":"Feed","floor":16},{"not_picked":["Heavy Blade","Reckless Charge"],"picked":"Perfected Strike+1","floor":18},{"not_picked":["Clothesline","Iron Wave"],"picked":"Cleave+1","floor":20},{"not_picked":["Burning Pact+1","Sever Soul"],"picked":"Heavy Blade+1","floor":21},{"not_picked":["Heavy Blade+1","Ghostly Armor"],"picked":"Inflame","floor":23},{"not_picked":["Intimidate","Armaments"],"picked":"Sword Boomerang","floor":25},{"not_picked":["Headbutt","Cleave"],"picked":"Sword Boomerang+1","floor":29},{"not_picked":["Limit Break","Fiend Fire"],"picked":"Juggernaut","floor":33},{"not_picked":["Shrug It Off+1","Armaments+1"],"picked":"Perfected Strike+1","floor":35},{"not_picked":["Havoc","Berserk"],"picked":"Warcry+1","floor":36},{"not_picked":["Burning Pact","Headbutt"],"picked":"Heavy Blade+1","floor":37},{"not_picked":["Havoc+1","True Grit+1"],"picked":"Warcry","floor":38},{"not_picked":["Demon Form","Reckless Charge"],"picked":"Heavy Blade+1","floor":41},{"not_picked":["Evolve","Feel No Pain+1"],"picked":"Heavy Blade+1","floor":42},{"not_picked":["Sever Soul+1","Combust"],"picked":"Iron Wave+1","floor":48}],"player_experience":156464,"relics_obtained":[{"floor":6,"key":"Ornamental Fan"},{"floor":9,"key":"Tiny Chest"},{"floor":23,"key":"Bag of Preparation"},{"floor":26,"key":"Red Skull"},{"floor":37,"key":"Old Coin"},{"floor":43,"key":"Pantograph"}],"event_choices":[{"event_name":"The Cleric","player_choice":"Leave","floor":4,"damage_taken":0},{"event_name":"The Mausoleum","player_choice":"Yes","floor":22,"damage_taken":0},{"event_name":"The Lab","player_choice":"Got Potions","floor":28,"damage_taken":0},{"event_name":"Vampires","player_choice":"Ignored","floor":30,"damage_taken":0},{"event_name":"MindBloom","player_choice":"Fight","floor":37,"damage_taken":0},{"event_name":"Mysterious Sphere","player_choice":"Ignore","floor":39,"damage_taken":0},{"event_name":"Match and Keep!","player_choice":"1 cards matched","floor":46,"damage_taken":0},{"event_name":"Falling","player_choice":"Removed Skill","floor":47,"damage_taken":0}],"is_beta":false,"boss_relics":[{"not_picked":["Philosopher\u0027s Stone","Black Blood"],"picked":"Mark of Pain"},{"not_picked":["Runic Pyramid","Velvet Choker"],"picked":"Empty Cage"}],"items_purged_floors":[27],"is_endless":false,"potions_floor_spawned":[5,8,20,23,25,29,38,41],"killed_by":"Time Eater","ascension_level":0}