{"gold_per_floor":[116,116,127,127,2,29,40,40,40,315,315,331,347,380,380,480,480,497,497,587,40,55,55,65,93,93,128,141,141],"floor_reached":29,"playtime":1447,"items_purged":["Regret","Pain"],"score":300,"play_id":"fe9fda08-6e95-40fc-839d-4f9c204441e0","local_time":"20190223192601","is_ascension_mode":true,"campfire_choices":[{"floor":11,"key":"REST"},{"floor":15,"key":"REST"},{"floor":23,"key":"REST"}],"neow_cost":"NONE","seed_source_timestamp":48880570037718,"circlet_count":0,"master_deck":["Defend_G","Defend_G","Defend_G","Defend_G+1","Defend_G","Strike_G","Strike_G+1","Strike_G","Strike_G","Strike_G","Survivor","Neutralize","Backstab","Flying Knee","Sucker Punch","Dagger Throw","Accuracy+1","Bouncing Flask","Shame","Apotheosis","Cloak And Dagger","Blade Dance","Accuracy+1","Dagger Spray+1"],"relics":["Ring of the Snake","Happy Flower","Frozen Egg 2","Omamori","Matryoshka","Orichalcum","Anchor","Art of War","Calling Bell","PreservedInsect","Singing Bowl","Unceasing Top","MutagenicStrength","Medical Kit","Gambling Chip","Strawberry","Smiling Mask"],"potions_floor_usage":[6,14,16,16,18,24,25,25,29],"damage_taken":[{"damage":1,"enemies":"Jaw Worm","floor":1,"turns":5},{"damage":2,"enemies":"Small Slimes","floor":3,"turns":3},{"damage":28,"enemies":"Gremlin Nob","floor":6,"turns":4},{"damage":0,"enemies":"Cultist","floor":7,"turns":3},{"damage":0,"enemies":"Large Slime","floor":12,"turns":4},{"damage":0,"enemies":"Lots of Slimes","floor":13,"turns":3},{"damage":5,"enemies":"3 Sentries","floor":14,"turns":9},{"damage":21,"enemies":"Hexaghost","floor":16,"turns":8},{"damage":3,"enemies":"Chosen","floor":18,"turns":4},{"damage":27,"enemies":"3 Byrds","floor":22,"turns":6},{"damage":8,"enemies":"Centurion and Healer","floor":24,"turns":8},{"damage":20,"enemies":"Book of Stabbing","floor":25,"turns":5},{"damage":13,"enemies":"Slavers","floor":27,"turns":5},{"damage":6,"enemies":"Cultist and Chosen","floor":28,"turns":6},{"damage":23,"enemies":"Snake Plant","floor":29,"turns":4}],"seed_played":"-2298124329286954404","potions_obtained":[{"floor":1,"key":"LiquidBronze"},{"floor":7,"key":"AttackPotion"},{"floor":14,"key":"Block Potion"},{"floor":16,"key":"FearPotion"},{"floor":22,"key":"Energy Potion"},{"floor":24,"key":"Swift Potion"},{"floor":27,"key":"GamblersBrew"}],"is_trial":false,"path_per_floor":["M","?","M","?","$","E","M","?","T","?","R","M","M","E","R","B",null,"M","?","?","$","M","R","M","E","T","E","M","M"],"character_chosen":"THE_SILENT","items_purchased":["Poison Potion","Medical Kit","Apotheosis","Cloak And Dagger"],"campfire_rested":3,"item_purchase_floors":[5,21,21,21],"current_hp_per_floor":[69,69,67,53,53,25,25,25,25,25,46,46,46,41,62,41,70,69,69,48,48,21,42,50,30,37,24,20,0],"gold":141,"neow_bonus":"RANDOM_COMMON_RELIC","is_prod":false,"is_daily":false,"chose_seed":false,"campfire_upgraded":0,"win_rate":0,"timestamp":1550949961,"path_taken":["M","?","M","?","$","E","M","?","T","?","R","M","M","E","R","BOSS","M","?","?","$","M","R","M","E","T","E","M","?"],"build_version":"2019-01-23","purchased_purges":2,"victory":false,"max_hp_per_floor":[70,70,70,70,70,70,70,70,70,70,70,70,70,70,70,70,70,72,72,72,72,72,72,74,74,81,81,83,83],"card_choices":[{"not_picked":["PiercingWail","Leg Sweep"],"picked":"Backstab","floor":1},{"not_picked":["Dagger Spray","Concentrate"],"picked":"Flying Knee","floor":3},{"not_picked":["Acrobatics","Deflect"],"picked":"Sucker Punch","floor":6},{"not_picked":["Dodge and Roll","Setup","Distraction"],"picked":"SKIP","floor":7},{"not_picked":["Underhanded Strike","Backstab"],"picked":"Dagger Throw","floor":12},{"not_picked":["Prepared","Slice"],"picked":"Accuracy+1","floor":13},{"not_picked":["Backstab","Riddle With Holes"],"picked":"Bouncing Flask","floor":14},{"not_picked":["Flying Knee","Well Laid Plans+1","Setup"],"picked":"Singing Bowl","floor":18},{"not_picked":["Deadly Poison","Underhanded Strike"],"picked":"Blade Dance","floor":22},{"not_picked":["Riddle With Holes","Blade Dance","Cloak And Dagger+1"],"picked":"Singing Bowl","floor":24},{"not_picked":["Endless Agony","Backflip"],"picked":"Accuracy+1","floor":25},{"not_picked":["Sucker Punch","Glass Knife"],"picked":"Dagger Spray+1","floor":27},{"not_picked":["Underhanded Strike","Slice","Backflip"],"picked":"Singing Bowl","floor":28}],"player_experience":280261,"relics_obtained":[{"floor":6,"key":"Omamori"},{"floor":9,"key":"Orichalcum"},{"floor":9,"key":"Anchor"},{"floor":14,"key":"Art of War"},{"floor":17,"key":"PreservedInsect"},{"floor":17,"key":"Singing Bowl"},{"floor":17,"key":"Unceasing Top"},{"floor":25,"key":"Gambling Chip"},{"floor":26,"key":"Strawberry"},{"floor":27,"key":"Smiling Mask"}],"event_choices":[{"damage_healed":0,"gold_gain":0,"player_choice":"Box","damage_taken":0,"relics_obtained":["Frozen Egg 2"],"max_hp_gain":0,"max_hp_loss":0,"event_name":"Big Fish","floor":2,"gold_loss":0,"cards_obtained":["Regret"]},{"damage_healed":0,"gold_gain":0,"player_choice":"Entered Light","damage_taken":14,"max_hp_gain":0,"max_hp_loss":0,"event_name":"Shining Light","floor":4,"gold_loss":0,"cards_upgraded":["Defend_G","Strike_G"]},{"damage_healed":0,"gold_gain":0,"player_choice":"Searched \u00271\u0027 times","damage_taken":0,"relics_obtained":["Matryoshka"],"max_hp_gain":0,"max_hp_loss":0,"event_name":"Dead Adventurer","floor":8,"gold_loss":0},{"damage_healed":0,"gold_gain":275,"player_choice":"Desecrate","damage_taken":0,"max_hp_gain":0,"max_hp_loss":0,"event_name":"Golden Shrine","floor":10,"gold_loss":0,"cards_obtained":["Regret"]},{"damage_healed":0,"gold_gain":0,"player_choice":"Inject Mutagens","damage_taken":0,"relics_obtained":["MutagenicStrength"],"max_hp_gain":0,"max_hp_loss":0,"event_name":"Drug Dealer","floor":19,"gold_loss":0},{"damage_healed":0,"gold_gain":90,"player_choice":"GOLD POTION ","damage_taken":21,"max_hp_gain":0,"max_hp_loss":0,"event_name":"Knowing Skull","floor":20,"potions_obtained":["Regen Potion"],"gold_loss":0,"cards_obtained":[]}],"is_beta":false,"boss_relics":[{"not_picked":["Coffee Dripper","Eternal Feather"],"picked":"Calling Bell"}],"items_purged_floors":[5,21],"is_endless":false,"potions_floor_spawned":[1,7,14,16,22,24,27],"killed_by":"Snake Plant","ascension_level":2}