{"gold_per_floor":[118,118,128,128,93,121,135,135,184,224,240,256,256,319,319,448,448,468,486,486,90,90,126,126,169,169,213,252,277,316,335,335,463,463,488,488,502,526,29,29,251,289,289,289,310,158,491,43,43,43,43,43,43,78,78],"floor_reached":56,"playtime":5223,"items_purged":["Slice"],"score":1437,"play_id":"12ecb12d-6d1a-4059-9c3b-a6f343c04963","local_time":"20190301205659","is_ascension_mode":true,"campfire_choices":[{"floor":15,"key":"REST"},{"data":"Apotheosis","floor":24,"key":"SMITH"},{"floor":32,"key":"REST"},{"floor":40,"key":"REST"},{"floor":49,"key":"RECALL"},{"data":"Catalyst","floor":52,"key":"SMITH"}],"neow_cost":"NONE","seed_source_timestamp":185852950335617,"circlet_count":0,"master_deck":["Survivor","Neutralize","Sucker Punch","Leg Sweep+1","Escape Plan+1","Caltrops","Wraith Form v2+1","Heel Hook","Skewer","Well Laid Plans","Dash","Flying Knee","Backflip","Poisoned Stab","Night Terror+1","Backflip","PiercingWail","Glass Knife","Apotheosis+1","Crippling Poison","Catalyst+1","Dagger Spray+1","Doppelganger","Night Terror"],"relics":["Pandora\u0027s Box","War Paint","Regal Pillow","Ancient Tea Set","Gremlin Horn","Boot","Snecko Eye","Snake Skull","Nilry\u0027s Codex","Happy Flower","Bag of Marbles","Red Mask","Strawberry","PreservedInsect","Busted Crown","Medical Kit","Mango","Sundial","Pocketwatch","Pen Nib","TwistedFunnel","Paper Crane","Bottled Tornado"],"potions_floor_usage":[10,10,16,16,42,55,55],"damage_taken":[{"damage":0,"enemies":"Jaw Worm","floor":1,"turns":2},{"damage":0,"enemies":"2 Louse","floor":3,"turns":2},{"damage":34,"enemies":"Gremlin Nob","floor":6,"turns":4},{"damage":0,"enemies":"Small Slimes","floor":7,"turns":2},{"damage":2,"enemies":"3 Sentries","floor":10,"turns":7},{"damage":4,"enemies":"3 Louse","floor":11,"turns":4},{"damage":0,"enemies":"2 Fungi Beasts","floor":12,"turns":2},{"damage":14,"enemies":"Gremlin Nob","floor":14,"turns":6},{"damage":0,"enemies":"Slime Boss","floor":16,"turns":13},{"damage":2,"enemies":"Spheric Guardian","floor":18,"turns":5},{"damage":2,"enemies":"Chosen","floor":19,"turns":4},{"damage":8,"enemies":"Book of Stabbing","floor":23,"turns":7},{"damage":0,"enemies":"Gremlin Leader","floor":25,"turns":4},{"damage":0,"enemies":"Masked Bandits","floor":27,"turns":3},{"damage":1,"enemies":"Book of Stabbing","floor":28,"turns":5},{"damage":18,"enemies":"Snake Plant","floor":29,"turns":3},{"damage":2,"enemies":"Slavers","floor":30,"turns":4},{"damage":11,"enemies":"Centurion and Healer","floor":31,"turns":4},{"damage":14,"enemies":"Automaton","floor":33,"turns":7},{"damage":0,"enemies":"Orb Walker","floor":35,"turns":3},{"damage":0,"enemies":"3 Darklings","floor":37,"turns":2},{"damage":29,"enemies":"Transient","floor":38,"turns":5},{"damage":16,"enemies":"Reptomancer","floor":42,"turns":4},{"damage":5,"enemies":"Writhing Mass","floor":45,"turns":5},{"damage":9,"enemies":"Donu and Deca","floor":50,"turns":9},{"damage":9,"enemies":"Shield and Spear","floor":54,"turns":4},{"damage":73,"enemies":"The Heart","floor":55,"turns":10}],"seed_played":"-6267271092345991307","potions_obtained":[{"floor":6,"key":"Weak Potion"},{"floor":7,"key":"Poison Potion"},{"floor":10,"key":"Poison Potion"},{"floor":12,"key":"EssenceOfSteel"},{"floor":19,"key":"GhostInAJar"},{"floor":23,"key":"FairyPotion"},{"floor":28,"key":"Energy Potion"},{"floor":45,"key":"Strength Potion"}],"is_trial":false,"path_per_floor":["M","?","M","?","?","E","M","?","T","E","M","M","?","?","R","B",null,"M","M","?","$","?","E","R","E","T","?","E","M","E","M","R","B",null,"M","?","M","M","$","R","?","E","T","?","M","$","?","$","R","B",null,"R","$","E","B",null],"character_chosen":"THE_SILENT","items_purchased":["Snake Skull","Apotheosis","Medical Kit","Mango","Pen Nib","TwistedFunnel","Paper Crane"],"campfire_rested":3,"item_purchase_floors":[21,21,39,39,46,48,48],"current_hp_per_floor":[70,70,70,45,62,28,28,11,11,9,5,5,28,14,50,50,70,68,66,66,66,50,42,42,42,42,42,48,30,28,17,55,41,77,77,77,77,48,62,91,91,75,75,75,70,70,70,70,70,61,91,91,91,82,9],"gold":78,"neow_bonus":"BOSS_RELIC","is_prod":false,"is_daily":false,"chose_seed":false,"campfire_upgraded":2,"win_rate":0,"timestamp":1551473819,"path_taken":["M","?","M","?","?","E","M","?","T","E","M","M","?","?","R","BOSS","M","M","?","$","?","E","R","E","T","?","E","M","E","M","R","BOSS","M","?","?","M","$","R","?","E","T","?","?","$","?","$","R","BOSS","R","$","E","BOSS"],"build_version":"2019-01-23","purchased_purges":1,"victory":true,"max_hp_per_floor":[70,70,70,70,70,70,70,70,70,70,70,70,70,70,70,70,70,70,70,70,70,70,70,70,70,70,70,77,77,77,77,77,77,77,77,77,77,77,91,91,91,91,91,91,91,91,91,91,91,91,91,91,91,91,91],"card_choices":[{"not_picked":["Deflect","Well Laid Plans","Slice"],"picked":"SKIP","floor":1},{"not_picked":["Caltrops","Bane"],"picked":"Flying Knee","floor":3},{"not_picked":["Choke","Outmaneuver"],"picked":"Backflip","floor":6},{"not_picked":["Quick Slash","Outmaneuver"],"picked":"Poisoned Stab","floor":7},{"not_picked":["Caltrops","Bane"],"picked":"Night Terror","floor":10},{"not_picked":["Cloak And Dagger","Blade Dance"],"picked":"Backflip","floor":11},{"not_picked":["Acrobatics","Dagger Throw","Footwork"],"picked":"SKIP","floor":12},{"not_picked":["Quick Slash","Poisoned Stab"],"picked":"PiercingWail","floor":14},{"not_picked":["Night Terror","Storm of Steel"],"picked":"Glass Knife","floor":16},{"not_picked":["Backflip","Heel Hook","Accuracy+1"],"picked":"SKIP","floor":18},{"not_picked":["Flying Knee","Tactician+1","Heel Hook"],"picked":"SKIP","floor":19},{"not_picked":["Well Laid Plans","Dagger Spray"],"picked":"Crippling Poison","floor":23},{"not_picked":["Caltrops","Adrenaline"],"picked":"Catalyst","floor":25},{"not_picked":["Concentrate","Cloak And Dagger","Crippling Poison"],"picked":"SKIP","floor":28},{"not_picked":["Slice","Cloak And Dagger","PiercingWail"],"picked":"SKIP","floor":29},{"not_picked":["Bane","Dagger Throw"],"picked":"Dagger Spray+1","floor":30},{"not_picked":["Cloak And Dagger","Underhanded Strike+1","Storm of Steel"],"picked":"SKIP","floor":31},{"not_picked":["Storm of Steel","Unload"],"picked":"Doppelganger","floor":33},{"not_picked":["Prepared"],"picked":"SKIP","floor":35},{"not_picked":["Quick Slash"],"picked":"SKIP","floor":37},{"not_picked":["Bane+1"],"picked":"SKIP","floor":38},{"not_picked":["Eviscerate"],"picked":"SKIP","floor":42},{"not_picked":["Cloak And Dagger"],"picked":"SKIP","floor":45},{"not_picked":[],"picked":"Night Terror","floor":54}],"player_experience":306640,"relics_obtained":[{"floor":6,"key":"Regal Pillow"},{"floor":9,"key":"Ancient Tea Set"},{"floor":10,"key":"Gremlin Horn"},{"floor":14,"key":"Boot"},{"floor":22,"key":"Nilry\u0027s Codex"},{"floor":23,"key":"Happy Flower"},{"floor":25,"key":"Bag of Marbles"},{"floor":27,"key":"Red Mask"},{"floor":28,"key":"Strawberry"},{"floor":30,"key":"PreservedInsect"},{"floor":42,"key":"Sundial"},{"floor":43,"key":"Pocketwatch"},{"floor":54,"key":"Bottled Tornado"}],"event_choices":[{"damage_healed":0,"gold_gain":0,"player_choice":"Grow","damage_taken":0,"max_hp_gain":0,"max_hp_loss":0,"event_name":"Living Wall","floor":2,"gold_loss":0,"cards_upgraded":["Wraith Form v2"]},{"damage_healed":0,"gold_gain":0,"player_choice":"Success","damage_taken":25,"relics_obtained":["War Paint"],"max_hp_gain":0,"max_hp_loss":0,"event_name":"Scrap Ooze","floor":4,"gold_loss":0},{"damage_healed":17,"gold_gain":0,"player_choice":"Healed","damage_taken":0,"max_hp_gain":0,"max_hp_loss":0,"event_name":"The Cleric","floor":5,"gold_loss":35},{"damage_healed":0,"gold_gain":0,"player_choice":"Take Damage","damage_taken":17,"relics_obtained":["Golden Idol"],"max_hp_gain":0,"max_hp_loss":0,"event_name":"Golden Idol","floor":8,"gold_loss":0},{"damage_healed":23,"gold_gain":0,"player_choice":"Banana","damage_taken":0,"max_hp_gain":0,"max_hp_loss":0,"event_name":"Big Fish","floor":13,"gold_loss":0},{"damage_healed":0,"gold_gain":30,"player_choice":"Searched \u00272\u0027 times","damage_taken":0,"max_hp_gain":0,"max_hp_loss":0,"event_name":"Dead Adventurer","floor":14,"gold_loss":0},{"damage_healed":0,"gold_gain":0,"player_choice":"Ignored","damage_taken":0,"max_hp_gain":0,"max_hp_loss":0,"event_name":"Ghosts","floor":20,"gold_loss":0},{"damage_healed":0,"gold_gain":0,"player_choice":"Obtained Book","damage_taken":16,"max_hp_gain":0,"max_hp_loss":0,"event_name":"Cursed Tome","floor":22,"gold_loss":0},{"damage_healed":0,"gold_gain":0,"player_choice":"Fought Bandits","damage_taken":0,"max_hp_gain":0,"max_hp_loss":0,"event_name":"Masked Bandits","floor":27,"gold_loss":0},{"damage_healed":0,"gold_gain":0,"player_choice":"Ignored","damage_taken":0,"max_hp_gain":0,"max_hp_loss":0,"event_name":"SecretPortal","floor":36,"gold_loss":0},{"damage_healed":0,"gold_gain":222,"player_choice":"Wore Mask","damage_taken":0,"max_hp_gain":0,"max_hp_loss":0,"event_name":"Tomb of Lord Red Mask","floor":41,"gold_loss":0},{"damage_healed":0,"gold_gain":0,"player_choice":"Upgraded","damage_taken":0,"max_hp_gain":0,"max_hp_loss":0,"event_name":"Upgrade Shrine","floor":44,"gold_loss":0,"cards_upgraded":["Night Terror"]},{"damage_healed":0,"gold_gain":333,"player_choice":"Gave Idol","damage_taken":0,"max_hp_gain":0,"max_hp_loss":0,"event_name":"The Moai Head","floor":47,"relics_lost":["Golden Idol"],"gold_loss":0}],"is_beta":false,"boss_relics":[{"not_picked":["Velvet Choker","Tiny House"],"picked":"Snecko Eye"},{"not_picked":["Astrolabe","Lizard Tail"],"picked":"Busted Crown"}],"items_purged_floors":[21],"is_endless":false,"potions_floor_spawned":[6,7,10,12,19,23,28,31,33,37,45,54],"ascension_level":2}