{"gold_per_floor":[359,6,6,6,23,52,52,64,64,80,80,80,80,93,93,197,197,213,312,312,323,343,357,357,22,47,61,161,172,172,203,203,305,305,318,1317,787,787,787,815,815,335,335,350,350,381,400,420,420,420],"floor_reached":51,"playtime":2015,"items_purged":["Strike_B","Normality","Normality"],"score":800,"play_id":"ac4b3394-4b6d-4f6b-8125-ddd0e6c14d8b","local_time":"20190503075602","is_ascension_mode":false,"campfire_choices":[{"data":"Loop","floor":7,"key":"SMITH"},{"data":"White Noise","floor":13,"key":"SMITH"},{"floor":15,"key":"REST"},{"data":"Glacier","floor":24,"key":"SMITH"},{"floor":30,"key":"REST"},{"floor":32,"key":"REST"},{"floor":41,"key":"REST"},{"data":"Apotheosis","floor":45,"key":"SMITH"},{"floor":49,"key":"REST"}],"neow_cost":"TEN_PERCENT_HP_LOSS","seed_source_timestamp":147286949755000,"circlet_count":0,"master_deck":["Strike_B","Strike_B","Strike_B","Defend_B","Defend_B","Defend_B","Zap+1","Dualcast+1","Melter+1","Glacier+1","Steam","Conserve Battery","Loop+1","Defragment+1","White Noise+1","Electrodynamics","Seek","Genetic Algorithm+1","Hologram+1","Cold Snap","Hologram+1","Consume+1","Echo Form","Master of Strategy","Static Discharge","Finesse","Apotheosis+1","Panache+1","Meteor Strike","Force Field","Redo+1"],"relics":["Cracked Core","War Paint","DataDisk","Gremlin Horn","NlothsMask","Black Star","Membership Card","Mummified Hand","Turnip","Pantograph","Incense Burner","Ice Cream","Nuclear Battery","Bottled Lightning","Tiny Chest","Strange Spoon","Frozen Egg 2","Bronze Scales","OrangePellets","Lantern","Torii","Calipers","Ancient Tea Set","Pocketwatch"],"potions_floor_usage":[6,10,21,27,31,33,33,50,50],"damage_taken":[{"damage":1,"enemies":"Jaw Worm","floor":1,"turns":3},{"damage":0,"enemies":"Cultist","floor":5,"turns":2},{"damage":12,"enemies":"Gremlin Nob","floor":6,"turns":4},{"damage":1,"enemies":"2 Louse","floor":8,"turns":2},{"damage":15,"enemies":"Gremlin Gang","floor":10,"turns":3},{"damage":0,"enemies":"Looter","floor":14,"turns":3},{"damage":23,"enemies":"Hexaghost","floor":16,"turns":9},{"damage":0,"enemies":"Spheric Guardian","floor":18,"turns":1},{"damage":8,"enemies":"Shell Parasite","floor":21,"turns":4},{"damage":9,"enemies":"Snecko","floor":22,"turns":5},{"damage":0,"enemies":"Snake Plant","floor":23,"turns":4},{"damage":2,"enemies":"3 Cultists","floor":27,"turns":3},{"damage":15,"enemies":"Colosseum Slavers","floor":28,"turns":2},{"damage":18,"enemies":"Colosseum Nobs","floor":28,"turns":4},{"damage":0,"enemies":"Cultist and Chosen","floor":29,"turns":4},{"damage":0,"enemies":"Gremlin Leader","floor":31,"turns":6},{"damage":30,"enemies":"Automaton","floor":33,"turns":9},{"damage":0,"enemies":"3 Shapes","floor":35,"turns":3},{"damage":25,"enemies":"Reptomancer","floor":40,"turns":4},{"damage":10,"enemies":"3 Darklings","floor":44,"turns":2},{"damage":7,"enemies":"Nemesis","floor":46,"turns":11},{"damage":0,"enemies":"Maw","floor":47,"turns":5},{"damage":22,"enemies":"Jaw Worm Horde","floor":48,"turns":3},{"damage":22,"enemies":"Donu and Deca","floor":50,"turns":4}],"seed_played":"-1978655063546678475","potions_obtained":[{"floor":1,"key":"Poison Potion"},{"floor":6,"key":"Weak Potion"},{"floor":14,"key":"SpeedPotion"},{"floor":21,"key":"SpeedPotion"},{"floor":22,"key":"GamblersBrew"},{"floor":29,"key":"Weak Potion"},{"floor":31,"key":"Regen Potion"}],"is_trial":false,"path_per_floor":["M","$","?","?","M","E","R","M","T","M","$","?","R","M","R","B",null,"M","?","?","M","M","M","R","$","T","M","?","M","R","E","R","B",null,"M","?","$","?","?","E","R","$","T","M","R","E","M","M","R","B",null],"character_chosen":"DEFECT","items_purchased":["Glacier","Steam","War Paint","Membership Card","Mummified Hand","Bottled Lightning","Tiny Chest","Strange Spoon","Master of Strategy","Static Discharge","SteroidPotion","Swift Potion","LiquidBronze","OrangePellets","Lantern","Torii","Panache+1"],"campfire_rested":5,"item_purchase_floors":[2,2,2,25,25,37,37,37,37,37,37,37,37,42,42,42,42],"current_hp_per_floor":[67,67,67,67,67,55,55,54,54,39,39,39,39,39,59,36,68,68,68,68,60,51,51,51,51,51,49,16,16,36,36,56,52,68,68,68,68,68,63,38,58,58,58,48,48,41,41,19,39,42],"gold":420,"neow_bonus":"TWO_FIFTY_GOLD","is_prod":false,"is_daily":false,"chose_seed":false,"campfire_upgraded":4,"win_rate":0,"timestamp":1556862962,"path_taken":["M","$","?","?","M","E","R","M","T","?","$","?","R","?","R","BOSS","M","?","?","?","M","M","R","$","T","M","?","M","R","E","R","BOSS","M","?","$","?","?","E","R","$","T","M","R","E","M","M","R","BOSS"],"build_version":"2019-01-23","purchased_purges":3,"victory":true,"max_hp_per_floor":[68,68,68,68,68,68,68,68,68,68,68,68,68,68,68,68,68,68,68,68,68,68,68,68,68,68,68,68,68,68,68,68,68,68,68,68,68,68,68,68,68,68,68,68,68,68,68,68,68,68],"card_choices":[{"not_picked":["Chaos","Streamline"],"picked":"Melter","floor":1},{"not_picked":["Capacitor","Beam Cell"],"picked":"Conserve Battery","floor":5},{"not_picked":["Steam","Rip and Tear"],"picked":"Loop","floor":6},{"not_picked":["Hologram","Gash"],"picked":"Defragment","floor":8},{"not_picked":["Ball Lightning","Beam Cell"],"picked":"White Noise","floor":10},{"not_picked":["Turbo","Chaos"],"picked":"Electrodynamics","floor":14},{"not_picked":["Multi-Cast","Rainbow"],"picked":"Seek","floor":16},{"not_picked":["Rip and Tear","Cold Snap","Compile Driver"],"picked":"SKIP","floor":18},{"not_picked":["Reinforced Body","Cold Snap","Go for the Eyes"],"picked":"SKIP","floor":21},{"not_picked":["Recycle","Force Field"],"picked":"Genetic Algorithm+1","floor":22},{"not_picked":["Conserve Battery","Thunder Strike"],"picked":"Hologram+1","floor":23},{"not_picked":["Coolheaded","Steam","BootSequence"],"picked":"SKIP","floor":27},{"not_picked":["Barrage","Rebound"],"picked":"Cold Snap","floor":28},{"not_picked":["Double Energy","All For One"],"picked":"Hologram+1","floor":29},{"not_picked":["Steam","Undo"],"picked":"Consume+1","floor":31},{"not_picked":["Seek","Machine Learning"],"picked":"Echo Form","floor":33},{"not_picked":["Leap","Streamline+1","Reinforced Body+1"],"picked":"SKIP","floor":35},{"not_picked":["Good Instincts","Jack Of All Trades"],"picked":"Finesse","floor":39},{"not_picked":["Panache","Good Instincts"],"picked":"Apotheosis","floor":39},{"not_picked":["Auto Shields","Barrage","Compile Driver"],"picked":"SKIP","floor":40},{"not_picked":["Go for the Eyes","Tempest","Streamline+1"],"picked":"SKIP","floor":44},{"not_picked":["Streamline","Tempest"],"picked":"Meteor Strike","floor":46},{"not_picked":["Rebound","Leap"],"picked":"Force Field","floor":47},{"not_picked":["Compile Driver","Steam"],"picked":"Redo+1","floor":48}],"player_experience":413672,"relics_obtained":[{"floor":6,"key":"DataDisk"},{"floor":9,"key":"Gremlin Horn"},{"floor":28,"key":"Turnip"},{"floor":28,"key":"Pantograph"},{"floor":31,"key":"Incense Burner"},{"floor":31,"key":"Ice Cream"},{"floor":40,"key":"Frozen Egg 2"},{"floor":40,"key":"Bronze Scales"},{"floor":43,"key":"Calipers"},{"floor":46,"key":"Ancient Tea Set"},{"floor":46,"key":"Pocketwatch"}],"event_choices":[{"damage_healed":0,"gold_gain":0,"player_choice":"Grow","damage_taken":0,"max_hp_gain":0,"max_hp_loss":0,"event_name":"Living Wall","floor":3,"gold_loss":0,"cards_upgraded":["Melter"]},{"damage_healed":0,"gold_gain":0,"player_choice":"Ignored","damage_taken":0,"max_hp_gain":0,"max_hp_loss":0,"event_name":"NoteForYourself","floor":4,"gold_loss":0},{"damage_healed":0,"gold_gain":0,"player_choice":"Trade","damage_taken":0,"relics_obtained":["NlothsMask"],"max_hp_gain":0,"max_hp_loss":0,"event_name":"FaceTrader","floor":12,"gold_loss":0},{"damage_healed":0,"gold_gain":99,"player_choice":"Stole From Cult","damage_taken":0,"max_hp_gain":0,"max_hp_loss":0,"event_name":"Nest","floor":19,"gold_loss":0},{"damage_healed":0,"gold_gain":0,"player_choice":"Upgraded","damage_taken":0,"max_hp_gain":0,"max_hp_loss":0,"event_name":"Upgrade Shrine","floor":20,"gold_loss":0,"cards_upgraded":["Defragment"]},{"damage_healed":0,"gold_gain":0,"player_choice":"Fight","damage_taken":0,"max_hp_gain":0,"max_hp_loss":0,"event_name":"Colosseum","floor":28,"gold_loss":0},{"damage_healed":0,"gold_gain":0,"player_choice":"Fought Nobs","damage_taken":0,"max_hp_gain":0,"max_hp_loss":0,"event_name":"Colosseum","floor":28,"gold_loss":0},{"damage_healed":0,"gold_gain":999,"player_choice":"Gold","damage_taken":0,"max_hp_gain":0,"max_hp_loss":0,"event_name":"MindBloom","floor":36,"gold_loss":0,"cards_obtained":["Normality","Normality"]},{"cards_removed":["Defend_B"],"damage_healed":0,"gold_gain":0,"player_choice":"Removed Skill","damage_taken":0,"max_hp_gain":0,"max_hp_loss":0,"event_name":"Falling","floor":38,"gold_loss":0},{"damage_healed":0,"gold_gain":0,"player_choice":"Memory 2","damage_taken":5,"max_hp_gain":0,"max_hp_loss":0,"event_name":"SensoryStone","floor":39,"gold_loss":0}],"is_beta":false,"boss_relics":[{"not_picked":["Fusion Hammer","Inserter"],"picked":"Black Star"},{"not_picked":["Philosopher\u0027s Stone","Eternal Feather"],"picked":"Nuclear Battery"}],"items_purged_floors":[2,37,42],"is_endless":false,"potions_floor_spawned":[1,6,14,21,22,28,29,31,48],"ascension_level":0}