{"gold_per_floor":[112,125,0,0,10,10,21,55,100,100,115,132,132,407,407,483,483,493,124,142,160,189,223,239,239,262,291,291,291,133,147,147,221,221,232,242,43,43,53,53],"floor_reached":40,"playtime":3186,"items_purged":["Regret","Writhe","Pain"],"score":906,"play_id":"727101b6-d95c-45b2-ba44-8bed0ae8a0d3","local_time":"20190411113155","is_ascension_mode":true,"campfire_choices":[{"data":"Zap","floor":6.0,"key":"SMITH"},{"data":"Go for the Eyes","floor":10.0,"key":"SMITH"},{"data":"Hologram","floor":13.0,"key":"SMITH"},{"data":"Ball Lightning","floor":15.0,"key":"SMITH"},{"floor":25.0,"key":"REST"},{"floor":29.0,"key":"REST"},{"floor":32.0,"key":"REST"}],"neow_cost":"NONE","seed_source_timestamp":0,"circlet_count":0,"master_deck":["AscendersBane","Strike_B","Strike_B","Strike_B","Strike_B","Defend_B","Defend_B","Defend_B","Defend_B","Zap+1","Dualcast","Compile Driver","Cold Snap","Ball Lightning+1","Steam+1","Cold Snap","Stack+1","Go for the Eyes+1","Leap","Hologram+1","Hyperbeam","Coolheaded","Loop","Static Discharge","Hello World+1","FTL+1","Darkness","Stack","Multi-Cast","Biased Cognition","Pain","Parasite","Reinforced Body"],"special_seed":0,"relics":["Eternal Feather","Blue Candle","Oddly Smooth Stone","Fusion Hammer","Membership Card","Bag of Marbles","Red Mask","Centennial Puzzle","Potion Belt","Strawberry","Calling Bell","War Paint","Pantograph","Calipers","Symbiotic Virus"],"potions_floor_usage":[40,40],"damage_taken":[{"damage":2.0,"enemies":"Cultist","floor":1.0,"turns":4.0},{"damage":10.0,"enemies":"Small Slimes","floor":2.0,"turns":3.0},{"damage":5.0,"enemies":"Jaw Worm","floor":5.0,"turns":3.0},{"damage":13.0,"enemies":"Blue Slaver","floor":7.0,"turns":3.0},{"damage":13.0,"enemies":"Gremlin Nob","floor":8.0,"turns":4.0},{"damage":14.0,"enemies":"Gremlin Gang","floor":11.0,"turns":5.0},{"damage":0.0,"enemies":"Large Slime","floor":12.0,"turns":5.0},{"damage":13.0,"enemies":"The Guardian","floor":16.0,"turns":17.0},{"damage":14.0,"enemies":"3 Byrds","floor":18.0,"turns":5.0},{"damage":5.0,"enemies":"2 Thieves","floor":20.0,"turns":2.0},{"damage":11.0,"enemies":"Centurion and Healer","floor":21.0,"turns":8.0},{"damage":8.0,"enemies":"Masked Bandits","floor":22.0,"turns":3.0},{"damage":15.0,"enemies":"Book of Stabbing","floor":23.0,"turns":5.0},{"damage":6.0,"enemies":"Snake Plant","floor":24.0,"turns":5.0},{"damage":31.0,"enemies":"Slavers","floor":27.0,"turns":6.0},{"damage":18.0,"enemies":"Cultist and Chosen","floor":31.0,"turns":7.0},{"damage":35.0,"enemies":"Champ","floor":33.0,"turns":11.0},{"damage":39.0,"enemies":"3 Darklings","floor":35.0,"turns":7.0},{"damage":7.0,"enemies":"Orb Walker","floor":36.0,"turns":3.0},{"damage":31.0,"enemies":"Writhing Mass","floor":39.0,"turns":8.0},{"damage":90,"enemies":"Reptomancer","floor":40,"turns":6}],"seed_played":"-6299792540272249260","potions_obtained":[{"floor":1.0,"key":"Block Potion"},{"floor":8.0,"key":"SneckoOil"},{"floor":11.0,"key":"LiquidBronze"},{"floor":20.0,"key":"SkillPotion"},{"floor":22.0,"key":"Energy Potion"},{"floor":23.0,"key":"LiquidBronze"},{"floor":31.0,"key":"SteroidPotion"},{"floor":35.0,"key":"Regen Potion"},{"floor":39.0,"key":"Poison Potion"}],"is_trial":false,"path_per_floor":["M","M","$","?","M","R","M","E","T","R","M","M","R","?","R","B",null,"M","$","M","M","?","E","M","R","T","E","?","R","$","M","R","B",null,"M","M","$","?","M","E"],"character_chosen":"DEFECT","items_purchased":["Ball Lightning","Steam","Cold Snap","Membership Card","Loop","Bag of Marbles","Regen Potion","Regen Potion","Swift Potion","Symbiotic Virus"],"campfire_rested":3,"item_purchase_floors":[3,3,3,19,19,19,30,30,30,37],"current_hp_per_floor":[62,52,52,52,47,56,43,30,30,39,25,25,37,37,49,36,62,48,48,43,32,24,9,3,39,39,8,15,53,53,35,73,38,68,29,22,22,22,75,0],"gold":53,"neow_bonus":"BOSS_RELIC","is_prod":false,"is_daily":false,"chose_seed":false,"campfire_upgraded":4,"win_rate":0,"timestamp":1555000315,"path_taken":["M","M","$","?","M","R","M","E","T","R","M","?","R","?","R","BOSS","M","$","?","M","?","E","M","R","T","E","?","R","?","?","R","BOSS","M","M","$","?","M","E"],"build_version":"2019-01-23","purchased_purges":3,"victory":false,"max_hp_per_floor":[71,71,71,71,71,71,71,71,71,71,71,71,71,71,71,71,71,71,71,71,71,71,71,71,71,71,71,78,78,78,78,78,78,78,78,78,78,78,78,78],"card_choices":[{"not_picked":["Force Field","Skim"],"picked":"Compile Driver","floor":1.0},{"not_picked":["Storm","Compile Driver"],"picked":"Cold Snap","floor":2.0},{"not_picked":["Streamline","Storm","Scrape"],"picked":"SKIP","floor":5.0},{"not_picked":["Auto Shields","Steam"],"picked":"Stack","floor":7.0},{"not_picked":["BootSequence","Turbo"],"picked":"Go for the Eyes","floor":8.0},{"not_picked":["Beam Cell","Reinforced Body"],"picked":"Leap","floor":11.0},{"not_picked":["Reboot","Recycle"],"picked":"Hologram","floor":12.0},{"not_picked":["Machine Learning","All For One"],"picked":"Hyperbeam","floor":16.0},{"not_picked":["Heatsinks","Redo"],"picked":"Coolheaded","floor":18.0},{"not_picked":["Leap","Cold Snap","Storm"],"picked":"SKIP","floor":20.0},{"not_picked":["Recycle","Compile Driver"],"picked":"Static Discharge","floor":21.0},{"not_picked":["Redo","Turbo"],"picked":"Hello World+1","floor":22.0},{"not_picked":["Chaos","Stack"],"picked":"FTL+1","floor":23.0},{"not_picked":["Conserve Battery","Sweeping Beam"],"picked":"Darkness","floor":24.0},{"not_picked":["Recycle","Heatsinks"],"picked":"Stack","floor":27.0},{"not_picked":["Ball Lightning","Blizzard"],"picked":"Multi-Cast","floor":31.0},{"not_picked":["Buffer","Machine Learning"],"picked":"Biased Cognition","floor":33.0},{"not_picked":["Thunder Strike","Rebound","Beam Cell"],"picked":"SKIP","floor":35.0},{"not_picked":["Recycle","Compile Driver+1","Gash"],"picked":"SKIP","floor":36.0},{"not_picked":["Cold Snap","Genetic Algorithm+1"],"picked":"Reinforced Body","floor":39.0}],"player_experience":1031771,"relics_obtained":[{"floor":8.0,"key":"Blue Candle"},{"floor":9.0,"key":"Oddly Smooth Stone"},{"floor":22.0,"key":"Red Mask"},{"floor":23.0,"key":"Centennial Puzzle"},{"floor":27.0,"key":"Potion Belt"},{"floor":34.0,"key":"War Paint"},{"floor":34.0,"key":"Pantograph"},{"floor":34.0,"key":"Calipers"}],"event_choices":[{"damage_healed":0.0,"max_hp_gain":0.0,"max_hp_loss":0.0,"gold_gain":0.0,"event_name":"Match and Keep!","player_choice":"0 cards matched","floor":4.0,"gold_loss":0.0,"damage_taken":0.0,"cards_obtained":[]},{"damage_healed":0.0,"max_hp_gain":0.0,"max_hp_loss":0.0,"gold_gain":275.0,"event_name":"Golden Shrine","player_choice":"Desecrate","floor":14.0,"gold_loss":0.0,"damage_taken":0.0,"cards_obtained":["Regret"]},{"damage_healed":0.0,"max_hp_gain":0.0,"max_hp_loss":0.0,"gold_gain":0.0,"event_name":"Masked Bandits","player_choice":"Fought Bandits","floor":22.0,"gold_loss":0.0,"damage_taken":0.0},{"damage_healed":0.0,"max_hp_gain":0.0,"max_hp_loss":0.0,"gold_gain":0.0,"event_name":"The Mausoleum","player_choice":"Opened","floor":28.0,"gold_loss":0.0,"damage_taken":0.0,"relics_obtained":["Strawberry"],"cards_obtained":["Writhe"]},{"damage_healed":0.0,"max_hp_gain":0.0,"max_hp_loss":0.0,"gold_gain":0.0,"event_name":"Mysterious Sphere","player_choice":"Ignored","floor":38.0,"gold_loss":0.0,"damage_taken":0.0}],"is_beta":false,"boss_relics":[{"not_picked":["Runic Dome","Empty Cage"],"picked":"Fusion Hammer"},{"not_picked":["White Beast Statue","Philosopher\u0027s Stone"],"picked":"Calling Bell"}],"items_purged_floors":[19,30,37],"is_endless":false,"potions_floor_spawned":[1,8,11,20,22,23,31,35,39],"killed_by":"Reptomancer","ascension_level":20}