{"gold_per_floor":[112,112,112,112,132,144,144,144,218,252,252],"floor_reached":11,"playtime":375,"items_purged":[],"score":142,"play_id":"7bf1ecc5-98cd-4f9c-b925-5963c3e9b164","local_time":"20190412165402","is_ascension_mode":true,"campfire_choices":[{"data":"Neutralize","floor":7.0,"key":"SMITH"}],"neow_cost":"NONE","seed_source_timestamp":118139116733886,"circlet_count":0,"master_deck":["AscendersBane","Defend_G","Defend_G+1","Defend_G","Defend_G","Defend_G","Strike_G","Strike_G","Strike_G","Strike_G","Strike_G","Survivor+1","Neutralize+1","PiercingWail","Dagger Throw","PiercingWail","Riddle With Holes"],"special_seed":0,"relics":["Ring of the Snake","Potion Belt","Question Card","Bottled Lightning","Calipers"],"potions_floor_usage":[],"damage_taken":[{"damage":1.0,"enemies":"Cultist","floor":1.0,"turns":5.0},{"damage":6.0,"enemies":"Small Slimes","floor":5.0,"turns":5.0},{"damage":3.0,"enemies":"2 Louse","floor":6.0,"turns":4.0},{"damage":25.0,"enemies":"3 Sentries","floor":10.0,"turns":13.0},{"damage":4,"enemies":"Exordium Wildlife","floor":11,"turns":2}],"seed_played":"5036582911177261240","potions_obtained":[{"floor":1.0,"key":"Explosive Potion"}],"is_trial":false,"path_per_floor":["M","$","T","?","M","M","R","?","T","E","M"],"character_chosen":"THE_SILENT","items_purchased":[],"campfire_rested":0,"item_purchase_floors":[],"current_hp_per_floor":[58,58,58,58,52,49,49,29,29,4,0],"gold":252,"neow_bonus":"RANDOM_COMMON_RELIC","is_prod":false,"is_daily":false,"chose_seed":false,"campfire_upgraded":1,"win_rate":0,"timestamp":1555106042,"path_taken":["M","?","?","?","M","M","R","?","T","E","M"],"build_version":"2019-01-23","purchased_purges":0,"victory":false,"max_hp_per_floor":[66,66,66,66,66,66,66,66,66,66,66],"card_choices":[{"not_picked":["All Out Attack","Dodge and Roll"],"picked":"PiercingWail","floor":1.0},{"not_picked":["Slice","Quick Slash","Leg Sweep"],"picked":"Dagger Throw","floor":5.0},{"not_picked":["Acrobatics","Outmaneuver","Prepared"],"picked":"PiercingWail","floor":6.0},{"not_picked":["Well Laid Plans","Outmaneuver","Dodge and Roll"],"picked":"Riddle With Holes","floor":10.0}],"player_experience":1038190,"relics_obtained":[{"floor":3.0,"key":"Question Card"},{"floor":9.0,"key":"Bottled Lightning"},{"floor":10.0,"key":"Calipers"}],"event_choices":[{"damage_healed":0.0,"max_hp_gain":0.0,"max_hp_loss":0.0,"gold_gain":0.0,"event_name":"Liars Game","player_choice":"Ignored","floor":4.0,"gold_loss":0.0,"damage_taken":0.0},{"damage_healed":0.0,"max_hp_gain":0.0,"max_hp_loss":0.0,"gold_gain":0.0,"event_name":"Shining Light","player_choice":"Entered Light","floor":8.0,"gold_loss":0.0,"damage_taken":20.0,"cards_upgraded":["Survivor","Defend_G"]}],"is_beta":false,"boss_relics":[],"items_purged_floors":[],"is_endless":false,"potions_floor_spawned":[1],"killed_by":"Exordium Wildlife","ascension_level":20}