{"gold_per_floor":[116,129,141,117,117,147,147,182,182,195,208,208,221,15,15,115,115,99,119,0,12,12,12],"floor_reached":23,"playtime":1137,"items_purged":[],"score":254,"play_id":"88f2e82b-64d2-46da-ae1e-157042e1d2ac","local_time":"20180827212637","is_ascension_mode":true,"campfire_choices":[{"floor":7.0,"key":"REST"},{"floor":12.0,"key":"REST"},{"data":"Envenom","floor":15.0,"key":"SMITH"}],"neow_cost":"NONE","seed_source_timestamp":715652931307291,"circlet_count":0,"master_deck":["Defend_G","Defend_G","Defend_G","Defend_G","Defend_G","Strike_G","Strike_G","Strike_G","Strike_G","Strike_G","Survivor","Neutralize","Envenom+1","Backstab","Catalyst","Quick Slash","Footwork","Dagger Spray","Endless Agony","Infinite Blades","Bouncing Flask","Malaise","Riddle With Holes","Cloak And Dagger+1","Bane"],"special_seed":0,"relics":["Ring of the Snake","Question Card","Peace Pipe","Shovel","Incense Burner","Oddly Smooth Stone","Eternal Feather"],"potions_floor_usage":[23,23],"damage_taken":[{"damage":0.0,"enemies":"Jaw Worm","floor":1.0,"turns":6.0},{"damage":4.0,"enemies":"Small Slimes","floor":2.0,"turns":3.0},{"damage":0.0,"enemies":"2 Louse","floor":3.0,"turns":4.0},{"damage":36.0,"enemies":"3 Sentries","floor":6.0,"turns":11.0},{"damage":16.0,"enemies":"Lagavulin","floor":8.0,"turns":8.0},{"damage":9.0,"enemies":"Blue Slaver","floor":10.0,"turns":8.0},{"damage":0.0,"enemies":"2 Fungi Beasts","floor":11.0,"turns":3.0},{"damage":2.0,"enemies":"Exordium Thugs","floor":13.0,"turns":4.0},{"damage":10.0,"enemies":"The Guardian","floor":16.0,"turns":9.0},{"damage":14.0,"enemies":"2 Thieves","floor":18.0,"turns":4.0},{"damage":27.0,"enemies":"Spheric Guardian","floor":19.0,"turns":5.0},{"damage":0.0,"enemies":"3 Cultists","floor":21.0,"turns":5.0},{"damage":24,"enemies":"Book of Stabbing","floor":23,"turns":5}],"seed_played":"-6903581045988537376","potions_obtained":[{"floor":3.0,"key":"Swift Potion"},{"floor":8.0,"key":"Regen Potion"},{"floor":11.0,"key":"Regen Potion"},{"floor":13.0,"key":"GamblersBrew"},{"floor":21.0,"key":"AttackPotion"}],"is_trial":false,"path_per_floor":["M","M","M","?","?","E","R","E","T","M","M","R","M","$","R","B",null,"M","M","?","M","$"],"character_chosen":"THE_SILENT","items_purchased":["Oddly Smooth Stone","Energy Potion"],"campfire_rested":2,"item_purchase_floors":[14,14],"current_hp_per_floor":[70,66,66,66,48,12,33,17,17,23,23,44,54,54,54,44,64,50,23,23,23,23,0],"gold":12,"neow_bonus":"ONE_RANDOM_RARE_CARD","is_prod":false,"is_daily":false,"chose_seed":false,"campfire_upgraded":1,"win_rate":0,"timestamp":1535419597,"path_taken":["M","M","M","?","?","E","R","E","T","?","M","R","M","$","R","BOSS","M","M","?","M","?","E"],"build_version":"2018-08-23v2","purchased_purges":0,"victory":false,"max_hp_per_floor":[70,70,70,70,70,70,70,70,70,70,70,70,70,70,70,70,70,70,70,70,70,70,70],"card_choices":[{"not_picked":["Dagger Throw","Flying Knee"],"picked":"Backstab","floor":1.0},{"not_picked":["Flying Knee","Deflect"],"picked":"Catalyst","floor":2.0},{"not_picked":["Prepared","Night Terror"],"picked":"Quick Slash","floor":3.0},{"not_picked":["Deflect","Night Terror","Quick Slash"],"picked":"Footwork","floor":6.0},{"not_picked":["Outmaneuver","Deadly Poison","Deflect"],"picked":"Dagger Spray","floor":8.0},{"not_picked":["Dagger Spray","Flechettes","Outmaneuver"],"picked":"Endless Agony","floor":10.0},{"not_picked":["Deflect","Underhanded Strike","Unload"],"picked":"Infinite Blades","floor":11.0},{"not_picked":["Outmaneuver","Backflip","Deflect"],"picked":"Bouncing Flask","floor":13.0},{"not_picked":["A Thousand Cuts","Phantasmal Killer","Night Terror"],"picked":"Malaise","floor":16.0},{"not_picked":["PiercingWail","Quick Slash","Sucker Punch"],"picked":"Riddle With Holes","floor":18.0},{"not_picked":["Deflect","Blade Dance","Concentrate"],"picked":"Cloak And Dagger+1","floor":19.0},{"not_picked":["Deadly Poison+1","Dagger Throw","Doppelganger"],"picked":"Bane","floor":21.0}],"player_experience":221566,"relics_obtained":[{"floor":6.0,"key":"Peace Pipe"},{"floor":8.0,"key":"Shovel"},{"floor":9.0,"key":"Incense Burner"}],"event_choices":[{"event_name":"World of Goop","player_choice":"Left","floor":4.0,"damage_taken":0.0},{"event_name":"Scrap Ooze","player_choice":"success","floor":5.0,"damage_taken":18.0},{"event_name":"Masked Bandits","player_choice":"Paid Fearfully","floor":20.0,"damage_taken":0.0}],"is_beta":false,"boss_relics":[{"not_picked":["Tiny House","Velvet Choker"],"picked":"Eternal Feather"}],"items_purged_floors":[],"is_endless":false,"potions_floor_spawned":[3,8,11,13,21],"killed_by":"Book of Stabbing","ascension_level":5}