{"gold_per_floor":[113,125,142,8,8,38,138,157,157,23,34,34,53,71,71,71],"floor_reached":16,"playtime":478,"items_purged":["Strike_R"],"score":208,"play_id":"89a6c1aa-3e26-48d4-9d8f-6b0a3a8f29a7","local_time":"20190310214607","is_ascension_mode":true,"campfire_choices":[{"data":"Seeing Red","floor":15,"key":"SMITH"}],"neow_cost":"TEN_PERCENT_HP_LOSS","seed_source_timestamp":16319379260982,"circlet_count":0,"master_deck":["AscendersBane","Strike_R","Strike_R","Strike_R","Strike_R","Defend_R","Defend_R","Defend_R","Defend_R","Bash","Offering","Anger","Spot Weakness","Pommel Strike","Shrug It Off","Burning Pact","Armaments","Seeing Red+1","Pommel Strike+1","Immolate+1","Rampage+1"],"relics":["Burning Blood","Molten Egg 2","Paper Frog"],"potions_floor_usage":[16,16],"damage_taken":[{"damage":16,"enemies":"Small Slimes","floor":1,"turns":4},{"damage":6,"enemies":"Cultist","floor":2,"turns":2},{"damage":6,"enemies":"Jaw Worm","floor":3,"turns":3},{"damage":36,"enemies":"Lagavulin","floor":6,"turns":5},{"damage":6,"enemies":"2 Fungi Beasts","floor":8,"turns":2},{"damage":14,"enemies":"Blue Slaver","floor":11,"turns":3},{"damage":14,"enemies":"Red Slaver","floor":13,"turns":2},{"damage":0,"enemies":"Gremlin Gang","floor":14,"turns":1},{"damage":28,"enemies":"Hexaghost","floor":16,"turns":7}],"seed_played":"726086720800052940","potions_obtained":[{"floor":2,"key":"Dexterity Potion"},{"floor":6,"key":"LiquidBronze"},{"floor":11,"key":"EssenceOfSteel"}],"is_trial":false,"path_per_floor":["M","M","M","$","?","E","?","M","T","$","M","?","M","M","R","B"],"character_chosen":"IRONCLAD","items_purchased":["Shrug It Off","Seeing Red","Pommel Strike+1"],"campfire_rested":0,"item_purchase_floors":[4,10,10],"current_hp_per_floor":[58,58,58,58,58,28,28,28,28,28,20,25,17,23,23,0],"gold":71,"neow_bonus":"THREE_RARE_CARDS","is_prod":false,"is_daily":false,"chose_seed":false,"campfire_upgraded":1,"win_rate":0,"timestamp":1552268767,"path_taken":["M","M","M","$","?","E","?","M","T","$","?","?","M","M","R","BOSS"],"build_version":"2019-01-23","purchased_purges":1,"victory":false,"max_hp_per_floor":[68,68,68,68,68,68,68,68,68,68,68,73,73,73,73,73],"card_choices":[{"not_picked":["Berserk","Impervious"],"picked":"Offering","floor":0},{"not_picked":["Armaments","Searing Blow"],"picked":"Anger","floor":1},{"not_picked":["Shockwave","Pommel Strike"],"picked":"Spot Weakness","floor":2},{"not_picked":["Wild Strike","Havoc"],"picked":"Pommel Strike","floor":3},{"not_picked":["Spot Weakness","Armaments"],"picked":"Burning Pact","floor":6},{"not_picked":["Combust","Bloodletting"],"picked":"Armaments","floor":8},{"not_picked":["Headbutt+1","Searing Blow+1"],"picked":"Immolate+1","floor":11},{"not_picked":["Rage","Anger+1","Dual Wield"],"picked":"SKIP","floor":13},{"not_picked":["Intimidate","Havoc"],"picked":"Rampage+1","floor":14}],"player_experience":840995,"relics_obtained":[{"floor":6,"key":"Molten Egg 2"},{"floor":9,"key":"Paper Frog"}],"event_choices":[{"damage_healed":0,"gold_gain":0,"player_choice":"Leave","damage_taken":0,"max_hp_gain":0,"max_hp_loss":0,"event_name":"The Cleric","floor":5,"gold_loss":0},{"damage_healed":0,"gold_gain":100,"player_choice":"Gold","damage_taken":0,"max_hp_gain":0,"max_hp_loss":0,"event_name":"Wheel of Change","floor":7,"gold_loss":0},{"damage_healed":0,"gold_gain":0,"player_choice":"Donut","damage_taken":0,"max_hp_gain":5,"max_hp_loss":0,"event_name":"Big Fish","floor":12,"gold_loss":0}],"is_beta":false,"boss_relics":[],"items_purged_floors":[4],"is_endless":false,"potions_floor_spawned":[2,6,11,13],"killed_by":"Hexaghost","ascension_level":20}