{"gold_per_floor":[216,7,27,27,45,45,61,96,96,61,72,90,90,122,122,200,200,217,217,4,20,20,20,46,46,46,46,46,72,83,102,102,174,174,190,202,247,263,263,263,141,169,206,218,230,280,306,331,343,355,367,379,391,18,47,47],"floor_reached":57,"playtime":5270,"items_purged":["Strike_B","Strike_B"],"score":2720,"play_id":"97e590de-7aaa-4494-b00e-93339055405c","local_time":"20190331103421","is_ascension_mode":true,"campfire_choices":[{"data":"Loop","floor":6.0,"key":"SMITH"},{"data":"Defragment","floor":15.0,"key":"SMITH"},{"data":"Electrodynamics","floor":23.0,"key":"SMITH"},{"floor":25.0,"key":"REST"},{"floor":28.0,"key":"REST"},{"data":"Zap","floor":32.0,"key":"SMITH"},{"floor":40.0,"key":"RECALL"},{"data":"Creative AI","floor":45.0,"key":"SMITH"},{"data":"Consume","floor":49.0,"key":"SMITH"},{"data":"Thunder Strike","floor":53.0,"key":"SMITH"}],"neow_cost":"NONE","seed_source_timestamp":137614869899610,"circlet_count":0,"master_deck":["AscendersBane","Strike_B+1","Defend_B+1","Defend_B","Defend_B","Defend_B","Zap+1","Dualcast+1","Cold Snap","Cold Snap","Loop+1","Ball Lightning+1","Self Repair","Consume+1","Defragment+1","Cold Snap","Electrodynamics+1","Turbo","Glacier","Undo+1","Reboot","Coolheaded+1","Conserve Battery","Creative AI+1","Thunder Strike+1","Leap+1","Coolheaded+1","Mayhem","Hologram"],"special_seed":0,"relics":["Cracked Core","TheAbacus","Shuriken","StoneCalendar","Mercury Hourglass","Mango","Black Star","Enchiridion","Membership Card","MutagenicStrength","Singing Bowl","Blue Candle","Art of War","Anchor","Emotion Chip","Velvet Choker","Bird Faced Urn","War Paint","MawBank","Pen Nib","Strawberry","Bottled Tornado","Lantern","ClockworkSouvenir","Whetstone","Dodecahedron"],"potions_floor_usage":[56,56],"damage_taken":[{"damage":0.0,"enemies":"2 Louse","floor":1.0,"turns":1.0},{"damage":4.0,"enemies":"Small Slimes","floor":3.0,"turns":3.0},{"damage":0.0,"enemies":"Jaw Worm","floor":5.0,"turns":4.0},{"damage":11.0,"enemies":"Blue Slaver","floor":7.0,"turns":4.0},{"damage":10.0,"enemies":"Gremlin Nob","floor":8.0,"turns":4.0},{"damage":5.0,"enemies":"Looter","floor":11.0,"turns":3.0},{"damage":0.0,"enemies":"Lots of Slimes","floor":12.0,"turns":1.0},{"damage":7.0,"enemies":"3 Sentries","floor":14.0,"turns":6.0},{"damage":5.0,"enemies":"The Guardian","floor":16.0,"turns":9.0},{"damage":4.0,"enemies":"2 Thieves","floor":18.0,"turns":4.0},{"damage":0.0,"enemies":"3 Byrds","floor":21.0,"turns":4.0},{"damage":39.0,"enemies":"Book of Stabbing","floor":24.0,"turns":4.0},{"damage":13.0,"enemies":"Gremlin Leader","floor":29.0,"turns":4.0},{"damage":0.0,"enemies":"Shelled Parasite and Fungi","floor":30.0,"turns":7.0},{"damage":8.0,"enemies":"Snake Plant","floor":31.0,"turns":4.0},{"damage":34.0,"enemies":"Collector","floor":33.0,"turns":12.0},{"damage":0.0,"enemies":"3 Shapes","floor":35.0,"turns":3.0},{"damage":6.0,"enemies":"Orb Walker","floor":36.0,"turns":4.0},{"damage":41.0,"enemies":"2 Orb Walkers","floor":37.0,"turns":3.0},{"damage":0.0,"enemies":"Sphere and 2 Shapes","floor":38.0,"turns":3.0},{"damage":9.0,"enemies":"Nemesis","floor":42.0,"turns":9.0},{"damage":24.0,"enemies":"Reptomancer","floor":46.0,"turns":6.0},{"damage":6.0,"enemies":"Maw","floor":47.0,"turns":9.0},{"damage":0.0,"enemies":"Jaw Worm Horde","floor":48.0,"turns":2.0},{"damage":73.0,"enemies":"Awakened One","floor":50.0,"turns":25.0},{"damage":10.0,"enemies":"Time Eater","floor":51.0,"turns":18.0},{"damage":26.0,"enemies":"Shield and Spear","floor":55.0,"turns":11.0},{"damage":108,"enemies":"The Heart","floor":56,"turns":14}],"seed_played":"2847363625989551173","potions_obtained":[{"floor":1.0,"key":"GamblersBrew"},{"floor":3.0,"key":"Weak Potion"},{"floor":11.0,"key":"Explosive Potion"},{"floor":16.0,"key":"SkillPotion"},{"floor":21.0,"key":"Block Potion"},{"floor":29.0,"key":"Weak Potion"},{"floor":30.0,"key":"LiquidBronze"},{"floor":42.0,"key":"Explosive Potion"}],"is_trial":false,"path_per_floor":["M","$","M","?","M","R","M","E","T","?","M","M","T","E","R","B",null,"M","?","$","M","?","R","E","R","T","?","R","E","M","M","R","B",null,"M","M","?","M","?","R","$","E","T","?","R","E","M","M","R","B","B",null,"R","$","E","B",null],"character_chosen":"DEFECT","items_purchased":["TheAbacus","Membership Card","War Paint","Lantern","Strength Potion","ClockworkSouvenir","Mayhem","Hologram"],"campfire_rested":2,"item_purchase_floors":[2,20,41,54,54,54,54,54],"current_hp_per_floor":[64,64,60,53,53,53,42,32,32,32,34,34,34,48,48,50,76,72,51,51,51,51,51,14,40,40,40,66,60,69,70,70,43,79,79,82,41,60,60,60,60,66,66,66,66,70,97,97,97,97,97,97,97,97,99,29],"gold":47,"neow_bonus":"HUNDRED_GOLD","is_prod":false,"is_daily":false,"chose_seed":false,"campfire_upgraded":7,"win_rate":0,"timestamp":1554046461,"path_taken":["M","$","M","?","M","R","M","E","T","?","M","M","?","E","R","BOSS","M","?","$","M","?","R","E","R","T","?","R","E","M","?","R","BOSS","M","M","?","M","?","R","$","E","T","?","R","E","?","M","R","BOSS","BOSS","R","$","E","BOSS"],"build_version":"2019-01-23","purchased_purges":2,"victory":true,"max_hp_per_floor":[71,71,71,71,71,71,71,71,71,71,71,71,71,85,85,85,85,85,85,85,85,85,85,87,87,87,87,87,87,89,91,91,91,91,91,93,93,95,90,90,90,90,90,90,90,97,97,97,97,97,97,97,97,97,99,99],"card_choices":[{"not_picked":["Compile Driver","Gash"],"picked":"Cold Snap","floor":1.0},{"not_picked":["Go for the Eyes","Melter"],"picked":"Cold Snap","floor":3.0},{"not_picked":["Coolheaded","Sweeping Beam"],"picked":"Loop","floor":5.0},{"not_picked":["Go for the Eyes","Rebound"],"picked":"Ball Lightning","floor":7.0},{"not_picked":["Rip and Tear","Conserve Battery"],"picked":"Self Repair","floor":8.0},{"not_picked":["Redo","Beam Cell"],"picked":"Consume","floor":11.0},{"not_picked":["Recycle","Leap"],"picked":"Defragment","floor":12.0},{"not_picked":["Doom and Gloom","Chill"],"picked":"Cold Snap","floor":14.0},{"not_picked":["Reboot","Machine Learning"],"picked":"Electrodynamics","floor":16.0},{"not_picked":["Coolheaded","Beam Cell"],"picked":"Turbo","floor":18.0},{"not_picked":["Stack","Redo"],"picked":"Glacier","floor":21.0},{"not_picked":["Ball Lightning","Compile Driver","Rainbow"],"picked":"Singing Bowl","floor":24.0},{"not_picked":["Heatsinks","Doom and Gloom+1"],"picked":"Undo+1","floor":29.0},{"not_picked":["Consume","Compile Driver","Lockon"],"picked":"Singing Bowl","floor":30.0},{"not_picked":["Cold Snap","Rip and Tear","Redo"],"picked":"Singing Bowl","floor":31.0},{"not_picked":["Electrodynamics","Amplify"],"picked":"Reboot","floor":33.0},{"not_picked":["Rebound","Cold Snap"],"picked":"Coolheaded+1","floor":35.0},{"not_picked":["Go for the Eyes","Turbo","Force Field"],"picked":"Singing Bowl","floor":36.0},{"not_picked":["Streamline","Rebound"],"picked":"Conserve Battery","floor":37.0},{"not_picked":["Skim","Turbo","Rebound"],"picked":"Singing Bowl","floor":38.0},{"not_picked":["Chaos+1","Go for the Eyes"],"picked":"Creative AI","floor":42.0},{"not_picked":["Go for the Eyes","Reinforced Body"],"picked":"Thunder Strike","floor":46.0},{"not_picked":["Cold Snap","Steam"],"picked":"Leap+1","floor":47.0},{"not_picked":["Turbo+1","Beam Cell"],"picked":"Coolheaded+1","floor":48.0},{"not_picked":["Steam","Doom and Gloom","Self Repair"],"picked":"Singing Bowl","floor":55.0}],"player_experience":965839,"relics_obtained":[{"floor":8.0,"key":"Shuriken"},{"floor":9.0,"key":"StoneCalendar"},{"floor":13.0,"key":"Mercury Hourglass"},{"floor":14.0,"key":"Mango"},{"floor":19.0,"key":"Enchiridion"},{"floor":24.0,"key":"Singing Bowl"},{"floor":24.0,"key":"Blue Candle"},{"floor":26.0,"key":"Art of War"},{"floor":29.0,"key":"Anchor"},{"floor":29.0,"key":"Emotion Chip"},{"floor":37.0,"key":"Bird Faced Urn"},{"floor":42.0,"key":"MawBank"},{"floor":42.0,"key":"Pen Nib"},{"floor":46.0,"key":"Strawberry"},{"floor":46.0,"key":"Bottled Tornado"},{"floor":55.0,"key":"Whetstone"},{"floor":55.0,"key":"Dodecahedron"}],"event_choices":[{"cards_removed":["Strike_B"],"damage_healed":0.0,"max_hp_gain":0.0,"max_hp_loss":0.0,"gold_gain":0.0,"event_name":"Golden Wing","player_choice":"Card Removal","floor":4.0,"gold_loss":0.0,"damage_taken":7.0},{"damage_healed":0.0,"max_hp_gain":0.0,"max_hp_loss":0.0,"gold_gain":0.0,"event_name":"World of Goop","player_choice":"Left Gold","floor":10.0,"gold_loss":35.0,"damage_taken":0.0},{"damage_healed":0.0,"max_hp_gain":0.0,"max_hp_loss":0.0,"gold_gain":0.0,"event_name":"Cursed Tome","player_choice":"Obtained Book","floor":19.0,"gold_loss":0.0,"damage_taken":21.0},{"damage_healed":0.0,"max_hp_gain":0.0,"max_hp_loss":0.0,"gold_gain":0.0,"event_name":"Drug Dealer","player_choice":"Inject Mutagens","floor":22.0,"gold_loss":0.0,"damage_taken":0.0,"relics_obtained":["MutagenicStrength"]},{"damage_healed":0.0,"max_hp_gain":0.0,"max_hp_loss":0.0,"gold_gain":0.0,"event_name":"WeMeetAgain","player_choice":"Ignored","floor":27.0,"gold_loss":0.0,"damage_taken":0.0},{"damage_healed":0.0,"max_hp_gain":0.0,"max_hp_loss":0.0,"gold_gain":0.0,"event_name":"Mysterious Sphere","player_choice":"Fight","floor":37.0,"gold_loss":0.0,"damage_taken":0.0},{"damage_healed":0.0,"max_hp_gain":0.0,"max_hp_loss":5.0,"gold_gain":0.0,"event_name":"Winding Halls","player_choice":"Max HP","floor":39.0,"gold_loss":0.0,"damage_taken":0.0},{"damage_healed":0.0,"max_hp_gain":0.0,"max_hp_loss":0.0,"gold_gain":0.0,"event_name":"SecretPortal","player_choice":"Ignored","floor":44.0,"gold_loss":0.0,"damage_taken":0.0}],"is_beta":false,"boss_relics":[{"not_picked":["Philosopher\u0027s Stone","Nuclear Battery"],"picked":"Black Star"},{"not_picked":["Empty Cage","Busted Crown"],"picked":"Velvet Choker"}],"items_purged_floors":[41,54],"is_endless":false,"potions_floor_spawned":[1,3,11,16,21,29,30,33,38,42,47,48,55],"ascension_level":20}