{"gold_per_floor":[115,115,126,140,160,160,235,82,82,99,114,144,156,176,176,176],"floor_reached":16,"playtime":706,"items_purged":["Decay"],"score":192,"play_id":"f7081a15-9ad9-446b-a248-4511f22565b2","local_time":"20190210181102","is_ascension_mode":true,"campfire_choices":[{"data":"Forethought","floor":6.0,"key":"SMITH"},{"data":"Power Through","floor":15.0,"key":"SMITH"}],"neow_cost":"NONE","seed_source_timestamp":830009970663,"circlet_count":0,"master_deck":["AscendersBane","Strike_R","Strike_R","Strike_R","Strike_R","Strike_R","Defend_R","Defend_R","Defend_R","Defend_R","Bash","Forethought+1","Thunderclap","Spot Weakness","Twin Strike","Power Through+1","Corruption","Reckless Charge","Shrug It Off","Spot Weakness","Warcry"],"special_seed":0,"relics":["Burning Blood","Centennial Puzzle","Gremlin Horn"],"potions_floor_usage":[16],"damage_taken":[{"damage":7.0,"enemies":"2 Louse","floor":1.0,"turns":4.0},{"damage":4.0,"enemies":"Cultist","floor":3.0,"turns":4.0},{"damage":16.0,"enemies":"Small Slimes","floor":4.0,"turns":3.0},{"damage":40.0,"enemies":"Exordium Wildlife","floor":5.0,"turns":5.0},{"damage":0.0,"enemies":"3 Louse","floor":10.0,"turns":2.0},{"damage":13.0,"enemies":"Large Slime","floor":11.0,"turns":7.0},{"damage":0.0,"enemies":"Looter","floor":13.0,"turns":4.0},{"damage":1.0,"enemies":"Lots of Slimes","floor":14.0,"turns":2.0},{"damage":37,"enemies":"Hexaghost","floor":16,"turns":9}],"seed_played":"-6583150755298216800","potions_obtained":[{"floor":5.0,"key":"Explosive Potion"},{"floor":11.0,"key":"FairyPotion"},{"floor":14.0,"key":"EssenceOfSteel"}],"is_trial":false,"path_per_floor":["M","?","M","M","M","R","?","$","T","M","M","?","M","M","R","B"],"character_chosen":"IRONCLAD","items_purchased":["Corruption"],"campfire_rested":0,"item_purchase_floors":[8],"current_hp_per_floor":[67,67,69,59,25,25,14,14,14,20,13,13,19,24,24,0],"gold":176,"neow_bonus":"RANDOM_COLORLESS","is_prod":false,"is_daily":false,"chose_seed":false,"campfire_upgraded":2,"win_rate":0,"timestamp":1549840262,"path_taken":["M","?","?","M","M","R","?","$","T","M","M","?","M","?","R","BOSS"],"build_version":"2019-01-23","purchased_purges":1,"victory":false,"max_hp_per_floor":[75,75,75,75,75,75,75,75,75,75,75,75,75,75,75,75],"card_choices":[{"not_picked":["Armaments","Rupture"],"picked":"Thunderclap","floor":1.0},{"not_picked":["Shrug It Off","Pommel Strike"],"picked":"Spot Weakness","floor":3.0},{"not_picked":["True Grit","Pommel Strike"],"picked":"Twin Strike","floor":4.0},{"not_picked":["Havoc","Iron Wave"],"picked":"Power Through","floor":5.0},{"not_picked":["Warcry","Combust"],"picked":"Reckless Charge","floor":10.0},{"not_picked":["Ghostly Armor","Anger"],"picked":"Shrug It Off","floor":11.0},{"not_picked":["Sword Boomerang","Rampage"],"picked":"Spot Weakness","floor":13.0},{"not_picked":["Clash","Metallicize"],"picked":"Warcry","floor":14.0}],"player_experience":654807,"relics_obtained":[{"floor":9.0,"key":"Centennial Puzzle"}],"event_choices":[{"damage_healed":0.0,"max_hp_gain":0.0,"max_hp_loss":0.0,"gold_gain":0.0,"event_name":"Wheel of Change","player_choice":"Cursed","floor":2.0,"gold_loss":0.0,"damage_taken":0.0,"cards_obtained":["Decay"]},{"damage_healed":0.0,"max_hp_gain":0.0,"max_hp_loss":0.0,"gold_gain":75.0,"event_name":"World of Goop","player_choice":"Gather Gold","floor":7.0,"gold_loss":0.0,"damage_taken":11.0},{"damage_healed":0.0,"max_hp_gain":0.0,"max_hp_loss":0.0,"gold_gain":30.0,"event_name":"Dead Adventurer","player_choice":"Searched \u00272\u0027 times","floor":12.0,"gold_loss":0.0,"damage_taken":0.0,"relics_obtained":["Gremlin Horn"]}],"is_beta":false,"boss_relics":[],"items_purged_floors":[8],"is_endless":false,"potions_floor_spawned":[5,11,14],"killed_by":"Hexaghost","ascension_level":20}