{"gold_per_floor":[109,59,59,59,69,69,96,96,96,128,146,164,199,229,229,334,334,348,348,361,381,391,391,391,391,418,26,26,51,51,51,51,156,156,166,166,181,231,336,336,386,386,386,453,453,41,91,102,102,102],"floor_reached":51,"playtime":2194,"items_purged":["Strike_B"],"score":1119,"play_id":"420ef93a-ad82-49a6-b844-25283dc13ffd","local_time":"20181021020934","is_ascension_mode":true,"campfire_choices":[{"data":"Zap","floor":6.0,"key":"SMITH"},{"data":"Defend_B","floor":8.0,"key":"SMITH"},{"floor":15.0,"key":"REST"},{"floor":23.0,"key":"REST"},{"floor":28.0,"key":"REST"},{"floor":30.0,"key":"REST"},{"floor":32.0,"key":"REST"},{"data":"Hologram","floor":40.0,"key":"SMITH"},{"data":"Buffer","floor":42.0,"key":"SMITH"},{"floor":45.0,"key":"REST"},{"floor":49.0,"key":"REST"}],"neow_cost":"NONE","seed_source_timestamp":8922297834816,"circlet_count":0,"master_deck":["Strike_B","Defend_B+1","Defend_B","Defend_B","Zap+1","Dualcast","AscendersBane","Gash","Capacitor","All For One","Gash","Coolheaded","Gash","Auto Shields","Hologram+1","Stack+1","Hologram","Leap","BootSequence","Gash","Defragment","Seek","Buffer+1","Sweeping Beam+1","Chill+1","Rebound"],"special_seed":0,"relics":["Cracked Core","NeowsBlessing","Blue Candle","Symbiotic Virus","Bag of Preparation","WingedGreaves","Tiny Chest","Lizard Tail","Bottled Lightning","Bronze Scales","Vajra","Meat on the Bone","Runic Dome","SsserpentHead","FossilizedHelix","Oddly Smooth Stone","Strawberry","Pear","DataDisk"],"potions_floor_usage":[50,50],"damage_taken":[{"damage":0.0,"enemies":"Jaw Worm","floor":1.0,"turns":1.0},{"damage":0.0,"enemies":"Small Slimes","floor":5.0,"turns":1.0},{"damage":0.0,"enemies":"Gremlin Nob","floor":7.0,"turns":1.0},{"damage":24.0,"enemies":"3 Sentries","floor":10.0,"turns":5.0},{"damage":0.0,"enemies":"Cultist","floor":11.0,"turns":2.0},{"damage":14.0,"enemies":"Gremlin Gang","floor":12.0,"turns":4.0},{"damage":0.0,"enemies":"Gremlin Nob","floor":13.0,"turns":2.0},{"damage":3.0,"enemies":"The Guardian","floor":16.0,"turns":9.0},{"damage":0.0,"enemies":"Spheric Guardian","floor":18.0,"turns":2.0},{"damage":17.0,"enemies":"2 Thieves","floor":20.0,"turns":2.0},{"damage":15.0,"enemies":"Centurion and Healer","floor":21.0,"turns":5.0},{"damage":18.0,"enemies":"Cultist and Chosen","floor":22.0,"turns":6.0},{"damage":12.0,"enemies":"Colosseum Slavers","floor":24.0,"turns":3.0},{"damage":49.0,"enemies":"Slavers","floor":29.0,"turns":7.0},{"damage":55.0,"enemies":"Automaton","floor":33.0,"turns":8.0},{"damage":36.0,"enemies":"3 Darklings","floor":35.0,"turns":7.0},{"damage":3.0,"enemies":"Orb Walker","floor":37.0,"turns":2.0},{"damage":27.0,"enemies":"Spire Growth","floor":44.0,"turns":5.0},{"damage":0.0,"enemies":"Transient","floor":48.0,"turns":5.0},{"damage":45,"enemies":"Awakened One","floor":50,"turns":11}],"seed_played":"-5046506516174510764","potions_obtained":[{"floor":7.0,"key":"FearPotion"},{"floor":11.0,"key":"Poison Potion"},{"floor":12.0,"key":"Explosive Potion"},{"floor":13.0,"key":"Swift Potion"},{"floor":16.0,"key":"Poison Potion"},{"floor":21.0,"key":"Ancient Potion"},{"floor":22.0,"key":"Ancient Potion"},{"floor":33.0,"key":"Regen Potion"},{"floor":35.0,"key":"GamblersBrew"},{"floor":37.0,"key":"Dexterity Potion"}],"is_trial":false,"path_per_floor":["M","?","$","?","M","R","E","R","T","E","M","M","E","?","R","B",null,"M","?","M","M","M","R","?","T","T","$","R","E","R","?","R","B",null,"M","?","M","T","T","R","?","R","T","M","R","$","?","M","R","B"],"character_chosen":"DEFECT","items_purchased":["Vajra","BootSequence","Gash","Defragment","Pear","DataDisk"],"campfire_rested":7,"item_purchase_floors":[27,27,27,27,46,46],"current_hp_per_floor":[68,68,68,68,68,68,68,68,68,44,44,30,30,23,45,42,67,67,53,36,21,3,27,15,15,15,15,39,36,60,60,80,37,69,45,45,42,42,42,42,42,42,49,34,60,70,70,70,97,67],"gold":102,"neow_bonus":"THREE_ENEMY_KILL","is_prod":false,"is_daily":false,"chose_seed":false,"campfire_upgraded":4,"win_rate":0,"timestamp":1540102174,"path_taken":["M","?","$","?","?","R","E","R","T","E","M","M","E","?","R","BOSS","M","?","M","M","M","R","?","?","T","$","R","E","R","?","R","BOSS","M","?","M","?","?","R","?","R","T","?","R","$","?","M","R","BOSS"],"build_version":"2018-10-18","purchased_purges":1,"victory":true,"max_hp_per_floor":[75,75,75,75,75,75,75,75,75,75,75,75,75,75,75,75,75,75,80,80,80,80,80,80,80,80,80,80,80,80,80,80,80,80,80,80,80,80,80,80,80,80,87,87,87,97,97,97,97,97],"card_choices":[{"not_picked":["Go for the Eyes","Beam Cell"],"picked":"Gash","floor":1.0},{"not_picked":["Compile Driver","Beam Cell","Turbo"],"picked":"SKIP","floor":5.0},{"not_picked":["Beam Cell","Reinforced Body"],"picked":"All For One","floor":7.0},{"not_picked":["Undo","Heatsinks"],"picked":"Gash","floor":10.0},{"not_picked":["Storm","Sweeping Beam"],"picked":"Coolheaded","floor":11.0},{"not_picked":["Rainbow","Turbo"],"picked":"Gash","floor":12.0},{"not_picked":["Skim","Redo"],"picked":"Auto Shields","floor":13.0},{"not_picked":["Rip and Tear","Compile Driver"],"picked":"Hologram","floor":18.0},{"not_picked":["Redo","Turbo"],"picked":"Stack+1","floor":20.0},{"not_picked":["Sunder","Go for the Eyes"],"picked":"Hologram","floor":21.0},{"not_picked":["Turbo+1","Hello World"],"picked":"Leap","floor":22.0},{"not_picked":["Rainbow","Hologram"],"picked":"Seek","floor":29.0},{"not_picked":["Amplify","Thunder Strike"],"picked":"Buffer","floor":33.0},{"not_picked":["Rebound+1","Heatsinks"],"picked":"Sweeping Beam+1","floor":35.0},{"not_picked":["Barrage","Defragment","Hologram"],"picked":"SKIP","floor":37.0},{"not_picked":["Rebound+1","Genetic Algorithm+1"],"picked":"Chill+1","floor":44.0},{"not_picked":["Compile Driver","Redo"],"picked":"Rebound","floor":48.0}],"player_experience":371811,"relics_obtained":[{"floor":7.0,"key":"Blue Candle"},{"floor":9.0,"key":"Symbiotic Virus"},{"floor":10.0,"key":"Bag of Preparation"},{"floor":13.0,"key":"WingedGreaves"},{"floor":25.0,"key":"Bottled Lightning"},{"floor":26.0,"key":"Bronze Scales"},{"floor":29.0,"key":"Meat on the Bone"},{"floor":38.0,"key":"FossilizedHelix"},{"floor":39.0,"key":"Oddly Smooth Stone"},{"floor":43.0,"key":"Strawberry"}],"event_choices":[{"cards_removed":["Strike_B"],"damage_healed":0.0,"max_hp_gain":0.0,"max_hp_loss":0.0,"gold_gain":0.0,"event_name":"The Cleric","player_choice":"Card Removal","floor":2.0,"gold_loss":50.0,"damage_taken":0.0},{"damage_healed":0.0,"max_hp_gain":0.0,"max_hp_loss":0.0,"gold_gain":0.0,"cards_transformed":["Defend_B"],"event_name":"Transmorgrifier","player_choice":"Transformed","floor":4.0,"gold_loss":0.0,"damage_taken":0.0,"cards_obtained":["Capacitor"]},{"damage_healed":0.0,"max_hp_gain":0.0,"max_hp_loss":0.0,"gold_gain":0.0,"event_name":"Scrap Ooze","player_choice":"Success","floor":14.0,"gold_loss":0.0,"damage_taken":7.0,"relics_obtained":["Tiny Chest"]},{"damage_healed":0.0,"max_hp_gain":5.0,"max_hp_loss":0.0,"gold_gain":0.0,"event_name":"Forgotten Altar","player_choice":"Shed Blood","floor":19.0,"gold_loss":0.0,"damage_taken":19.0},{"damage_healed":0.0,"max_hp_gain":0.0,"max_hp_loss":0.0,"gold_gain":0.0,"event_name":"Colosseum","player_choice":"Fight","floor":24.0,"gold_loss":0.0,"damage_taken":0.0},{"damage_healed":0.0,"max_hp_gain":0.0,"max_hp_loss":0.0,"gold_gain":0.0,"event_name":"Colosseum","player_choice":"Fled From Nobs","floor":24.0,"gold_loss":0.0,"damage_taken":0.0},{"damage_healed":0.0,"max_hp_gain":0.0,"max_hp_loss":0.0,"gold_gain":0.0,"event_name":"FaceTrader","player_choice":"Trade","floor":36.0,"gold_loss":0.0,"damage_taken":0.0,"relics_obtained":["SsserpentHead"]},{"damage_healed":0.0,"max_hp_gain":0.0,"max_hp_loss":0.0,"gold_gain":0.0,"event_name":"Tomb of Lord Red Mask","player_choice":"Ignored","floor":41.0,"gold_loss":0.0,"damage_taken":0.0},{"cards_removed":["Strike_B"],"damage_healed":0.0,"max_hp_gain":0.0,"max_hp_loss":0.0,"gold_gain":0.0,"event_name":"Falling","player_choice":"Removed Attack","floor":47.0,"gold_loss":0.0,"damage_taken":0.0}],"is_beta":false,"boss_relics":[{"not_picked":["Philosopher\u0027s Stone","Fusion Hammer"],"picked":"Lizard Tail"},{"not_picked":["Velvet Choker","Black Star"],"picked":"Runic Dome"}],"items_purged_floors":[27],"is_endless":false,"potions_floor_spawned":[7,11,12,13,16,21,22,24,33,35,37],"ascension_level":10}