{"gold_per_floor":[115,125,125,125,90,116,116,143,170,189,201,212,223,223,235,347,359,391,403,415,427],"floor_reached":21,"playtime":816,"items_purged":[],"score":321,"play_id":"1d998f4a-40c8-4e33-b1bd-30a5b6512c14","local_time":"20181020193835","is_ascension_mode":true,"campfire_choices":[{"data":"Hologram","floor":7.0,"key":"SMITH"},{"floor":15.0,"key":"REST"}],"neow_cost":"NONE","seed_source_timestamp":403501264282918,"circlet_count":0,"master_deck":["Strike_B","Strike_B","Strike_B","Strike_B","Defend_B+1","Defend_B+1","Defend_B","Defend_B","Zap+1","Dualcast+1","AscendersBane","Cold Snap","Hologram+1","Heatsinks","Reprogram","Sweeping Beam","Compile Driver","Doom and Gloom","Electrodynamics","Creative AI","Reinforced Body","Self Repair","Hologram+1"],"special_seed":0,"relics":["Cracked Core","NeowsBlessing","Centennial Puzzle","Pen Nib","War Paint","Oddly Smooth Stone","MawBank","Fusion Hammer"],"potions_floor_usage":[],"damage_taken":[{"damage":0.0,"enemies":"Small Slimes","floor":1.0,"turns":1.0},{"damage":0.0,"enemies":"Cultist","floor":2.0,"turns":1.0},{"damage":0.0,"enemies":"Gremlin Nob","floor":6.0,"turns":1.0},{"damage":29.0,"enemies":"3 Sentries","floor":8.0,"turns":7.0},{"damage":0.0,"enemies":"2 Louse","floor":10.0,"turns":2.0},{"damage":0.0,"enemies":"Blue Slaver","floor":11.0,"turns":4.0},{"damage":0.0,"enemies":"2 Fungi Beasts","floor":12.0,"turns":3.0},{"damage":11.0,"enemies":"3 Louse","floor":13.0,"turns":2.0},{"damage":7.0,"enemies":"Slime Boss","floor":16.0,"turns":7.0},{"damage":16.0,"enemies":"2 Thieves","floor":18.0,"turns":3.0},{"damage":55,"enemies":"Masked Bandits","floor":21,"turns":3}],"seed_played":"-7844627933338415921","potions_obtained":[{"floor":2.0,"key":"SteroidPotion"},{"floor":6.0,"key":"Swift Potion"},{"floor":13.0,"key":"FearPotion"}],"is_trial":false,"path_per_floor":["M","M","?","?","?","E","R","E","T","M","M","M","M","?","R","B",null,"M","?","?"],"character_chosen":"DEFECT","items_purchased":[],"campfire_rested":1,"item_purchase_floors":[],"current_hp_per_floor":[68,68,56,41,59,59,59,30,30,30,30,30,19,19,41,34,65,49,49,49,0],"gold":427,"neow_bonus":"THREE_ENEMY_KILL","is_prod":false,"is_daily":false,"chose_seed":false,"campfire_upgraded":1,"win_rate":0,"timestamp":1540078715,"path_taken":["M","M","?","?","?","E","R","E","T","M","?","M","M","?","R","BOSS","M","?","?","?"],"build_version":"2018-10-18","purchased_purges":0,"victory":false,"max_hp_per_floor":[75,75,75,75,75,75,75,75,75,75,75,75,75,75,75,75,75,75,75,75,75],"card_choices":[{"not_picked":["Static Discharge","Sweeping Beam"],"picked":"Cold Snap","floor":1.0},{"not_picked":["Sunder","Ball Lightning"],"picked":"Hologram","floor":2.0},{"not_picked":["Lockon","Aggregate"],"picked":"Heatsinks","floor":6.0},{"not_picked":["Go for the Eyes","Barrage"],"picked":"Reprogram","floor":8.0},{"not_picked":["Gash","Recycle"],"picked":"Sweeping Beam","floor":10.0},{"not_picked":["Ball Lightning","Aggregate"],"picked":"Compile Driver","floor":11.0},{"not_picked":["Sunder","FTL"],"picked":"Doom and Gloom","floor":12.0},{"not_picked":["Turbo","Hologram"],"picked":"Electrodynamics","floor":13.0},{"not_picked":["Reboot","Multi-Cast"],"picked":"Creative AI","floor":16.0},{"not_picked":["Streamline","Ball Lightning"],"picked":"Reinforced Body","floor":18.0}],"player_experience":369713,"relics_obtained":[{"floor":6.0,"key":"Pen Nib"},{"floor":8.0,"key":"War Paint"},{"floor":9.0,"key":"Oddly Smooth Stone"}],"event_choices":[{"damage_healed":0.0,"max_hp_gain":0.0,"max_hp_loss":0.0,"gold_gain":0.0,"event_name":"Scrap Ooze","player_choice":"Success","floor":3.0,"gold_loss":0.0,"damage_taken":12.0,"relics_obtained":["Centennial Puzzle"]},{"damage_healed":0.0,"max_hp_gain":0.0,"max_hp_loss":0.0,"gold_gain":0.0,"event_name":"Shining Light","player_choice":"Entered Light","floor":4.0,"gold_loss":0.0,"damage_taken":15.0,"cards_upgraded":["Zap","Defend_B"]},{"damage_healed":18.0,"max_hp_gain":0.0,"max_hp_loss":0.0,"gold_gain":0.0,"event_name":"The Cleric","player_choice":"Healed","floor":5.0,"gold_loss":35.0,"damage_taken":0.0},{"damage_healed":0.0,"max_hp_gain":0.0,"max_hp_loss":0.0,"gold_gain":30.0,"event_name":"Dead Adventurer","player_choice":"Searched \u00272\u0027 times","floor":14.0,"gold_loss":0.0,"damage_taken":0.0,"relics_obtained":["MawBank"]},{"damage_healed":0.0,"max_hp_gain":0.0,"max_hp_loss":0.0,"gold_gain":0.0,"event_name":"The Library","player_choice":"Read","floor":19.0,"gold_loss":0.0,"damage_taken":0.0,"cards_obtained":["Self Repair"]},{"damage_healed":0,"gold_gain":0,"player_choice":"Copied","damage_taken":0,"max_hp_gain":0,"max_hp_loss":0,"event_name":"Duplicator","floor":20,"gold_loss":0,"cards_obtained":["Hologram"]},{"damage_healed":0,"gold_gain":0,"player_choice":"Fought Bandits","damage_taken":0,"max_hp_gain":0,"max_hp_loss":0,"event_name":"Masked Bandits","floor":21,"gold_loss":0}],"is_beta":false,"boss_relics":[{"not_picked":["Orrery","Tiny House"],"picked":"Fusion Hammer"}],"items_purged_floors":[],"is_endless":false,"potions_floor_spawned":[2,6,13],"killed_by":"Masked Bandits","ascension_level":10}