{"gold_per_floor":[110,127,147,147,162,162,191,191,217,246,131,164,164,164,164,267,267,267,267,267,267,267,267,267,267,267,267,267,267,267,12,12,12],"floor_reached":33,"playtime":2371,"items_purged":["Strike_R"],"score":354,"play_id":"5faa83fd-6ff1-49c7-a4f4-11341f52f742","local_time":"20190331090448","is_ascension_mode":true,"campfire_choices":[{"data":"Bash","floor":6,"key":"SMITH"},{"data":"Body Slam","floor":8,"key":"SMITH"},{"floor":15,"key":"REST"},{"data":"Havoc","floor":23,"key":"SMITH"},{"floor":27,"key":"REST"},{"data":"Uppercut","floor":29,"key":"SMITH"},{"floor":32,"key":"REST"}],"neow_cost":"NONE","seed_source_timestamp":69481195856864,"circlet_count":0,"master_deck":["Strike_R","Strike_R","Strike_R+1","Defend_R","Defend_R","Defend_R","Defend_R","Bash+1","Ghostly Armor","Dropkick","Pommel Strike","Body Slam+1","Dropkick+1","Bludgeon","Uppercut+1","Havoc+1","Battle Trance","Brutality","Seeing Red","Shrug It Off+1","Seeing Red"],"relics":["Burning Blood","Oddly Smooth Stone","Omamori","Blood Vial","Orichalcum","Dream Catcher","Ectoplasm","Centennial Puzzle","HandDrill"],"potions_floor_usage":[7,10,10,24,25,25,33],"damage_taken":[{"damage":1,"enemies":"Cultist","floor":1,"turns":3},{"damage":0,"enemies":"Small Slimes","floor":2,"turns":4},{"damage":0,"enemies":"2 Louse","floor":3,"turns":4},{"damage":2,"enemies":"Looter","floor":5,"turns":3},{"damage":16,"enemies":"Gremlin Nob","floor":7,"turns":3},{"damage":37,"enemies":"3 Sentries","floor":10,"turns":10},{"damage":11,"enemies":"Lagavulin","floor":12,"turns":6},{"damage":30,"enemies":"The Guardian","floor":16,"turns":7},{"damage":10,"enemies":"Shell Parasite","floor":18,"turns":4},{"damage":26,"enemies":"3 Byrds","floor":19,"turns":5},{"damage":21,"enemies":"Sentry and Sphere","floor":20,"turns":5},{"damage":15,"enemies":"3 Cultists","floor":22,"turns":5},{"damage":18,"enemies":"Shelled Parasite and Fungi","floor":24,"turns":5},{"damage":23,"enemies":"Slavers","floor":25,"turns":4},{"damage":19,"enemies":"Colosseum Slavers","floor":28,"turns":4},{"damage":44,"enemies":"Collector","floor":33,"turns":8}],"seed_played":"-1095533359459776339","potions_obtained":[{"floor":1,"key":"GamblersBrew"},{"floor":2,"key":"AttackPotion"},{"floor":3,"key":"LiquidBronze"},{"floor":5,"key":"Regen Potion"},{"floor":18,"key":"GamblersBrew"},{"floor":19,"key":"LiquidBronze"},{"floor":20,"key":"Dexterity Potion"}],"is_trial":false,"path_per_floor":["M","M","M","?","M","R","E","R","T","E","$","E","?","?","R","B",null,"M","M","M","?","M","R","M","E","T","R","?","R","?","$","R","B"],"character_chosen":"IRONCLAD","items_purchased":["Uppercut","HandDrill","Dexterity Potion"],"campfire_rested":3,"item_purchase_floors":[11,31,31],"current_hp_per_floor":[88,88,88,81,85,85,75,75,75,59,59,56,38,31,57,35,75,73,55,42,42,35,35,25,10,10,36,25,25,8,8,35,0],"gold":12,"neow_bonus":"TEN_PERCENT_HP_BONUS","is_prod":false,"is_daily":false,"chose_seed":false,"campfire_upgraded":4,"win_rate":0,"timestamp":1554048288,"path_taken":["M","M","M","?","M","R","E","R","T","E","$","E","?","?","R","BOSS","M","M","M","?","M","R","M","E","T","R","?","R","?","?","R","BOSS"],"build_version":"2019-01-23","purchased_purges":1,"victory":false,"max_hp_per_floor":[88,88,88,88,88,88,88,88,88,88,88,88,88,88,88,88,88,88,88,88,88,88,88,88,88,88,88,88,88,93,93,93,93],"card_choices":[{"not_picked":["Pommel Strike","Warcry"],"picked":"Ghostly Armor","floor":1},{"not_picked":["Pommel Strike","Whirlwind"],"picked":"Dropkick","floor":2},{"not_picked":["Infernal Blade","Shrug It Off"],"picked":"Pommel Strike","floor":3},{"not_picked":["Headbutt","Flame Barrier"],"picked":"Body Slam","floor":5},{"not_picked":["Perfected Strike","Body Slam"],"picked":"Dropkick","floor":7},{"not_picked":["Anger","Flame Barrier"],"picked":"Bludgeon","floor":10},{"not_picked":["Wild Strike","Fire Breathing"],"picked":"Havoc","floor":12},{"not_picked":["Combust","Flex"],"picked":"Battle Trance","floor":15},{"not_picked":["Impervious","Dark Embrace"],"picked":"Brutality","floor":16},{"not_picked":["Sword Boomerang","Twin Strike","Thunderclap"],"picked":"SKIP","floor":18},{"not_picked":["Thunderclap","Spot Weakness","True Grit"],"picked":"SKIP","floor":19},{"not_picked":["Perfected Strike","Cleave","Whirlwind+1"],"picked":"SKIP","floor":20},{"not_picked":["Wild Strike","Entrench+1"],"picked":"Shrug It Off+1","floor":22},{"not_picked":["Fire Breathing","Exhume","Iron Wave+1"],"picked":"SKIP","floor":24},{"not_picked":["Burning Pact","Pommel Strike","Perfected Strike"],"picked":"SKIP","floor":25},{"not_picked":["Clash","Rupture"],"picked":"Seeing Red","floor":32}],"player_experience":237616,"relics_obtained":[{"floor":7,"key":"Oddly Smooth Stone"},{"floor":9,"key":"Omamori"},{"floor":10,"key":"Blood Vial"},{"floor":12,"key":"Orichalcum"},{"floor":25,"key":"Centennial Puzzle"}],"event_choices":[{"cards_removed":["Strike_R"],"damage_healed":0,"gold_gain":0,"player_choice":"Card Removal","damage_taken":7,"max_hp_gain":0,"max_hp_loss":0,"event_name":"Golden Wing","floor":4,"gold_loss":0},{"damage_healed":0,"gold_gain":0,"player_choice":"Entered Light","damage_taken":18,"max_hp_gain":0,"max_hp_loss":0,"event_name":"Shining Light","floor":13,"gold_loss":0,"cards_upgraded":["Dropkick","Strike_R"]},{"damage_healed":0,"gold_gain":0,"player_choice":"Success","damage_taken":7,"relics_obtained":["Dream Catcher"],"max_hp_gain":0,"max_hp_loss":0,"event_name":"Scrap Ooze","floor":14,"gold_loss":0},{"damage_healed":0,"gold_gain":0,"player_choice":"Read","damage_taken":0,"max_hp_gain":0,"max_hp_loss":0,"event_name":"The Library","floor":21,"gold_loss":0,"cards_obtained":["Seeing Red"]},{"damage_healed":0,"gold_gain":0,"player_choice":"Fight","damage_taken":0,"max_hp_gain":0,"max_hp_loss":0,"event_name":"Colosseum","floor":28,"gold_loss":0},{"damage_healed":0,"gold_gain":0,"player_choice":"Fled From Nobs","damage_taken":0,"max_hp_gain":0,"max_hp_loss":0,"event_name":"Colosseum","floor":28,"gold_loss":0},{"damage_healed":0,"gold_gain":0,"player_choice":"Shed Blood","damage_taken":22,"max_hp_gain":5,"max_hp_loss":0,"event_name":"Forgotten Altar","floor":30,"gold_loss":0}],"is_beta":false,"boss_relics":[{"not_picked":["Runic Dome","Black Blood"],"picked":"Ectoplasm"}],"items_purged_floors":[11],"is_endless":false,"potions_floor_spawned":[1,2,3,5,18,19,20],"killed_by":"Collector","ascension_level":5}