{"gold_per_floor":[109,109,128,139,149,149,214,35,60,60,91,91,91,121,121,225,225,236,236,73,89,89,89,117,34,34,46,46,59,59,19,19,122,122,134,149,149,149,149,149,109,3,54,67,77,91,118,137,137,137],"floor_reached":51,"playtime":2459,"items_purged":[],"score":803,"play_id":"ae19b5c2-9ae4-4922-8d03-8fd4d0b73abb","local_time":"20181122213518","is_ascension_mode":false,"campfire_choices":[{"data":"Uppercut","floor":6,"key":"SMITH"},{"floor":10,"key":"REST"},{"floor":13,"key":"REST"},{"data":"Armaments","floor":15,"key":"SMITH"},{"floor":23,"key":"REST"},{"floor":28,"key":"REST"},{"data":"Feed","floor":30,"key":"SMITH"},{"data":"Power Through","floor":32,"key":"SMITH"},{"data":"Apotheosis","floor":40,"key":"SMITH"},{"floor":49,"key":"REST"}],"neow_cost":"PERCENT_DAMAGE","seed_source_timestamp":15769104113603,"circlet_count":0,"master_deck":["Strike_R","Strike_R","Strike_R","Strike_R","Strike_R","Defend_R","Defend_R","Defend_R","Defend_R","Feed","Blood for Blood","Cleave+1","Feed+1","Uppercut+1","Shrug It Off","Spot Weakness","Evolve","Headbutt","Warcry+1","Armaments+1","Impervious","Pommel Strike+1","Twin Strike+1","Dropkick+1","Shockwave","Rage","Carnage+1","Whirlwind+1","Flex","Armaments+1","Rampage+1","Power Through+1","Brutality","Perfected Strike+1","Wild Strike+1","Flash of Steel+1","Panache","Apotheosis+1","Madness","Madness+1","Feel No Pain","Flame Barrier","Searing Blow+1","Disarm+1","Perfected Strike+1","Iron Wave+1","Uppercut+1","Flame Barrier+1"],"relics":["Burning Blood","CultistMask","Centennial Puzzle","Ancient Tea Set","Lantern","Molten Egg 2","Mark of Pain","Pen Nib","Gremlin Horn","Bottled Lightning","Sozu","Dream Catcher","Regal Pillow"],"potions_floor_usage":[7,16,27,29,50],"damage_taken":[{"damage":8,"enemies":"Cultist","floor":1,"turns":5},{"damage":3,"enemies":"Small Slimes","floor":3,"turns":3},{"damage":0,"enemies":"2 Louse","floor":4,"turns":3},{"damage":10,"enemies":"Looter","floor":5,"turns":3},{"damage":21,"enemies":"Gremlin Nob","floor":7,"turns":4},{"damage":34,"enemies":"3 Sentries","floor":11,"turns":7},{"damage":24,"enemies":"Gremlin Nob","floor":14,"turns":4},{"damage":46,"enemies":"Slime Boss","floor":16,"turns":9},{"damage":17,"enemies":"2 Thieves","floor":18,"turns":3},{"damage":7,"enemies":"Spheric Guardian","floor":21,"turns":5},{"damage":32,"enemies":"Slavers","floor":24,"turns":5},{"damage":0,"enemies":"Chosen and Byrds","floor":27,"turns":4},{"damage":6,"enemies":"Snecko","floor":29,"turns":3},{"damage":64,"enemies":"Champ","floor":33,"turns":12},{"damage":2,"enemies":"3 Shapes","floor":35,"turns":3},{"damage":6,"enemies":"3 Darklings","floor":36,"turns":4},{"damage":13,"enemies":"Maw","floor":44,"turns":7},{"damage":3,"enemies":"Transient","floor":45,"turns":5},{"damage":14,"enemies":"Spire Growth","floor":46,"turns":4},{"damage":27,"enemies":"Nemesis","floor":47,"turns":5},{"damage":30,"enemies":"3 Darklings","floor":48,"turns":4},{"damage":71,"enemies":"Awakened One","floor":50,"turns":12}],"seed_played":"-3661238803872550257","potions_obtained":[{"floor":3,"key":"Swift Potion"},{"floor":4,"key":"Poison Potion"},{"floor":5,"key":"LiquidBronze"},{"floor":16,"key":"PowerPotion"},{"floor":24,"key":"SkillPotion"},{"floor":33,"key":"FearPotion"}],"is_trial":false,"path_per_floor":["M","?","M","M","M","R","?","$","T","R","E","?","R","E","R","B",null,"M","?","$","M","?","R","E","$","T","M","R","M","R","$","R","B",null,"M","M","?","?","?","R","?","$","T","M","M","M","E","M","R","B",null],"character_chosen":"IRONCLAD","items_purchased":["Spot Weakness","Evolve","Headbutt","Twin Strike+1","Dropkick+1","Shockwave","Whirlwind+1","Flex","Power Through","Feel No Pain","Flame Barrier"],"campfire_rested":5,"item_purchase_floors":[8,8,8,20,20,20,25,25,31,42,42],"current_hp_per_floor":[54,54,60,69,65,65,50,50,50,75,53,53,80,65,65,29,99,91,91,91,90,69,101,81,81,81,94,120,120,120,120,120,65,123,131,131,131,121,105,105,105,105,105,98,101,93,72,48,102,37],"gold":137,"neow_bonus":"THREE_RARE_CARDS","is_prod":false,"is_daily":false,"chose_seed":false,"campfire_upgraded":5,"win_rate":0,"timestamp":1542918918,"path_taken":["M","?","M","M","?","R","?","$","T","R","E","?","R","E","R","BOSS","M","?","$","?","?","R","E","?","T","?","R","M","R","$","R","BOSS","M","M","?","?","?","R","?","$","T","?","M","M","E","M","R","BOSS"],"build_version":"2018-11-15","purchased_purges":0,"victory":true,"max_hp_per_floor":[80,80,83,86,86,86,86,86,86,86,92,92,92,95,95,99,99,102,102,102,102,107,107,113,113,113,120,120,120,120,120,120,123,123,131,131,131,131,131,131,131,131,131,131,131,131,131,131,131,131],"card_choices":[{"not_picked":["Offering","Juggernaut"],"picked":"Feed","floor":0},{"not_picked":["Body Slam","Dual Wield"],"picked":"Blood for Blood","floor":1},{"not_picked":["Metallicize","Clothesline"],"picked":"Cleave","floor":3},{"not_picked":["Clash","Flex"],"picked":"Feed","floor":4},{"not_picked":["Warcry","Clash"],"picked":"Uppercut","floor":5},{"not_picked":["Cleave","Feel No Pain"],"picked":"Shrug It Off","floor":7},{"not_picked":["Headbutt","Flex"],"picked":"Warcry","floor":11},{"not_picked":["Sword Boomerang","True Grit"],"picked":"Armaments","floor":14},{"not_picked":["Double Tap","Limit Break"],"picked":"Impervious","floor":16},{"not_picked":["Bloodletting+1","Spot Weakness"],"picked":"Pommel Strike+1","floor":18},{"not_picked":["Headbutt+1","Wild Strike+1"],"picked":"Rage","floor":21},{"not_picked":["Clothesline+1","Battle Trance+1"],"picked":"Carnage+1","floor":24},{"not_picked":["Searing Blow+1","Rampage+1"],"picked":"Armaments+1","floor":27},{"not_picked":["Thunderclap+1","True Grit"],"picked":"Rampage+1","floor":29},{"not_picked":["Offering","Impervious"],"picked":"Brutality","floor":33},{"not_picked":["Dual Wield","Power Through"],"picked":"Perfected Strike+1","floor":35},{"not_picked":["Corruption+1","Uppercut+1"],"picked":"Wild Strike+1","floor":36},{"not_picked":["Finesse","Deep Breath"],"picked":"Flash of Steel+1","floor":38},{"not_picked":["Madness","Violence"],"picked":"Panache","floor":38},{"not_picked":["Finesse","Metamorphosis"],"picked":"Apotheosis","floor":38},{"not_picked":["Heavy Blade+1","Headbutt+1"],"picked":"Searing Blow+1","floor":44},{"not_picked":["Dropkick+1","True Grit+1"],"picked":"Disarm+1","floor":45},{"not_picked":["Dual Wield+1","Entrench"],"picked":"Perfected Strike+1","floor":46},{"not_picked":["Power Through","Sword Boomerang+1"],"picked":"Iron Wave+1","floor":47},{"not_picked":["Intimidate","Dropkick+1"],"picked":"Uppercut+1","floor":48},{"not_picked":["Wild Strike+1","Havoc+1"],"picked":"Flame Barrier+1","floor":49}],"player_experience":292912,"relics_obtained":[{"floor":9,"key":"Ancient Tea Set"},{"floor":11,"key":"Lantern"},{"floor":14,"key":"Molten Egg 2"},{"floor":24,"key":"Gremlin Horn"},{"floor":26,"key":"Bottled Lightning"},{"floor":43,"key":"Dream Catcher"},{"floor":47,"key":"Regal Pillow"}],"event_choices":[{"damage_healed":0,"gold_gain":0,"player_choice":"Trade","damage_taken":0,"relics_obtained":["CultistMask"],"max_hp_gain":0,"max_hp_loss":0,"event_name":"FaceTrader","floor":2,"gold_loss":0},{"damage_healed":0,"gold_gain":30,"player_choice":"Searched \u00273\u0027 times","damage_taken":0,"relics_obtained":["Centennial Puzzle"],"max_hp_gain":0,"max_hp_loss":0,"event_name":"Dead Adventurer","floor":7,"gold_loss":0},{"damage_healed":0,"gold_gain":0,"player_choice":"Grow","damage_taken":0,"max_hp_gain":0,"max_hp_loss":0,"event_name":"Living Wall","floor":12,"gold_loss":0,"cards_upgraded":["Cleave"]},{"damage_healed":0,"gold_gain":0,"player_choice":"Gave Potion","damage_taken":0,"relics_obtained":["Pen Nib"],"max_hp_gain":0,"max_hp_loss":0,"event_name":"WeMeetAgain","floor":19,"gold_loss":0},{"damage_healed":0,"gold_gain":0,"player_choice":"Shed Blood","damage_taken":26,"max_hp_gain":5,"max_hp_loss":0,"event_name":"Forgotten Altar","floor":22,"gold_loss":0},{"cards_removed":["Bash"],"damage_healed":0,"gold_gain":0,"player_choice":"Removed Attack","damage_taken":0,"max_hp_gain":0,"max_hp_loss":0,"event_name":"Falling","floor":37,"gold_loss":0},{"damage_healed":0,"gold_gain":0,"player_choice":"Memory 3","damage_taken":10,"max_hp_gain":0,"max_hp_loss":0,"event_name":"SensoryStone","floor":38,"gold_loss":0},{"damage_healed":0,"gold_gain":0,"player_choice":"Embrace Madness","damage_taken":16,"max_hp_gain":0,"max_hp_loss":0,"event_name":"Winding Halls","floor":39,"gold_loss":0,"cards_obtained":["Madness","Madness"]},{"damage_healed":0,"gold_gain":0,"player_choice":"Upgraded Two","damage_taken":0,"max_hp_gain":0,"max_hp_loss":0,"event_name":"Designer","floor":41,"gold_loss":40,"cards_upgraded":["Madness","Warcry"]}],"is_beta":false,"boss_relics":[{"not_picked":["Empty Cage","Eternal Feather"],"picked":"Mark of Pain"},{"not_picked":["Orrery","Runic Pyramid"],"picked":"Sozu"}],"items_purged_floors":[],"is_endless":false,"potions_floor_spawned":[3,4,5,16,24,33,36,47,48],"ascension_level":0}