{"gold_per_floor":[111,122,85,85,85,85,53,88,88,88,105,120,140,474,474,553,553,567,30,41,55,73,73,105,41,87,107,107,107,107,117,117,117],"floor_reached":33,"playtime":1910,"items_purged":["Strike_G"],"score":574,"play_id":"dff8d524-2aee-472b-a2d6-66e688f947e4","local_time":"20190201124957","is_ascension_mode":true,"campfire_choices":[{"data":"All Out Attack","floor":6.0,"key":"SMITH"},{"data":"Skewer","floor":10.0,"key":"SMITH"},{"data":"Leg Sweep","floor":15.0,"key":"SMITH"},{"floor":23.0,"key":"REST"},{"floor":29.0,"key":"REST"},{"floor":32,"key":"REST"}],"neow_cost":"NONE","seed_source_timestamp":817077964156042,"circlet_count":0,"master_deck":["AscendersBane","Defend_G","Defend_G","Defend_G","Defend_G","Defend_G","Strike_G","Strike_G","Strike_G","Survivor","Neutralize","Quick Slash","All Out Attack+1","Leg Sweep+1","Crippling Poison","Footwork","Skewer+1","Backstab","Well Laid Plans","Doppelganger","Corpse Explosion","Catalyst","Distraction","Cloak And Dagger+1","Dodge and Roll","Crippling Poison+1","Backflip","Writhe"],"special_seed":0,"relics":["Ring of the Snake","NeowsBlessing","The Courier","Orichalcum","Gremlin Horn","Old Coin","Lizard Tail","Frozen Egg 2","Toy Ornithopter","Smiling Mask","PreservedInsect","Ornamental Fan"],"potions_floor_usage":[33],"damage_taken":[{"damage":0.0,"enemies":"Jaw Worm","floor":1.0,"turns":1.0},{"damage":0.0,"enemies":"Cultist","floor":2.0,"turns":1.0},{"damage":0.0,"enemies":"Lagavulin","floor":8.0,"turns":1.0},{"damage":0.0,"enemies":"Small Slimes","floor":11.0,"turns":3.0},{"damage":0.0,"enemies":"3 Louse","floor":12.0,"turns":1.0},{"damage":1.0,"enemies":"Looter","floor":13.0,"turns":3.0},{"damage":22.0,"enemies":"Gremlin Nob","floor":14.0,"turns":5.0},{"damage":30.0,"enemies":"Hexaghost","floor":16.0,"turns":12.0},{"damage":17.0,"enemies":"Shell Parasite","floor":18.0,"turns":7.0},{"damage":8.0,"enemies":"Chosen","floor":20.0,"turns":6.0},{"damage":0.0,"enemies":"Centurion and Healer","floor":21.0,"turns":5.0},{"damage":0.0,"enemies":"3 Cultists","floor":22.0,"turns":3.0},{"damage":59.0,"enemies":"Book of Stabbing","floor":24.0,"turns":7.0},{"damage":21.0,"enemies":"Snake Plant","floor":27.0,"turns":5.0},{"damage":7,"enemies":"Centurion and Healer","floor":31,"turns":11},{"damage":115,"enemies":"Champ","floor":33,"turns":21}],"seed_played":"-4245215301455501406","potions_obtained":[{"floor":1.0,"key":"SkillPotion"},{"floor":2.0,"key":"Strength Potion"},{"floor":20.0,"key":"Explosive Potion"},{"floor":24.0,"key":"SkillPotion"},{"floor":31,"key":"Ancient Potion"}],"is_trial":false,"path_per_floor":["M","M","$","?","T","R","$","E","T","R","M","M","M","E","R","B",null,"M","$","M","M","M","R","E","$","T","M","?","R","?","M","R","B"],"character_chosen":"THE_SILENT","items_purchased":["Leg Sweep","Footwork","Frozen Egg 2","Toy Ornithopter","LiquidBronze","Regen Potion"],"campfire_rested":3,"item_purchase_floors":[3,7,19,19,19,25],"current_hp_per_floor":[59,59,59,59,59,59,59,59,59,59,59,59,58,36,36,6,51,34,34,31,36,36,55,1,1,1,4,4,23,23,16,35,0],"gold":117,"neow_bonus":"THREE_ENEMY_KILL","is_prod":false,"is_daily":false,"chose_seed":false,"campfire_upgraded":3,"win_rate":0,"timestamp":1549043397,"path_taken":["M","M","$","?","?","R","?","E","T","R","M","M","M","E","R","BOSS","M","$","?","M","M","R","E","$","T","M","?","R","?","M","R","BOSS"],"build_version":"2019-01-23","purchased_purges":1,"victory":false,"max_hp_per_floor":[66,66,66,66,66,66,66,66,66,66,66,66,66,66,66,66,66,66,66,66,66,66,66,66,66,66,66,66,66,66,66,66,66],"card_choices":[{"not_picked":["Slice","Backstab"],"picked":"Quick Slash","floor":1.0},{"not_picked":["Leg Sweep","Deadly Poison"],"picked":"All Out Attack","floor":2.0},{"not_picked":["Reflex","Choke"],"picked":"Skewer","floor":8.0},{"not_picked":["Blade Dance","Poisoned Stab","Dagger Throw"],"picked":"SKIP","floor":11.0},{"not_picked":["Acrobatics","Setup"],"picked":"Backstab","floor":12.0},{"not_picked":["Blade Dance","Sucker Punch"],"picked":"Well Laid Plans","floor":13.0},{"not_picked":["Deflect","Well Laid Plans"],"picked":"Doppelganger","floor":14.0},{"not_picked":["Wraith Form v2","Phantasmal Killer"],"picked":"Corpse Explosion","floor":16.0},{"not_picked":["Accuracy","Footwork"],"picked":"Catalyst","floor":18.0},{"not_picked":["Sucker Punch","Concentrate"],"picked":"Distraction","floor":20.0},{"not_picked":["Backflip","Backstab"],"picked":"Cloak And Dagger+1","floor":21.0},{"not_picked":["Dagger Spray","Expertise"],"picked":"Dodge and Roll","floor":22.0},{"not_picked":["Skewer","Prepared"],"picked":"Crippling Poison+1","floor":24.0},{"not_picked":["Flying Knee","Outmaneuver"],"picked":"Backflip","floor":27.0},{"not_picked":["Acrobatics","Setup+1","Masterful Stab"],"picked":"SKIP","floor":31}],"player_experience":613343,"relics_obtained":[{"floor":5.0,"key":"The Courier"},{"floor":8.0,"key":"Orichalcum"},{"floor":9.0,"key":"Gremlin Horn"},{"floor":14.0,"key":"Old Coin"},{"floor":24.0,"key":"Smiling Mask"},{"floor":26.0,"key":"PreservedInsect"}],"event_choices":[{"damage_healed":0.0,"max_hp_gain":0.0,"max_hp_loss":0.0,"gold_gain":0.0,"cards_transformed":["Strike_G"],"event_name":"Living Wall","player_choice":"Change","floor":4.0,"gold_loss":0.0,"damage_taken":0.0,"cards_obtained":["Crippling Poison"]},{"damage_healed":0.0,"max_hp_gain":0.0,"max_hp_loss":0.0,"gold_gain":0.0,"event_name":"Cursed Tome","player_choice":"Ignored","floor":28.0,"gold_loss":0.0,"damage_taken":0.0},{"damage_healed":0.0,"max_hp_gain":0.0,"max_hp_loss":0.0,"gold_gain":0.0,"event_name":"The Mausoleum","player_choice":"Opened","floor":30.0,"gold_loss":0.0,"damage_taken":0.0,"relics_obtained":["Ornamental Fan"],"cards_obtained":["Writhe"]}],"is_beta":false,"boss_relics":[{"not_picked":["Calling Bell","Black Star"],"picked":"Lizard Tail"}],"items_purged_floors":[19],"is_endless":false,"potions_floor_spawned":[1,2,11,13,20,24,31],"killed_by":"Champ","ascension_level":18}