{"gold_per_floor":[117,136,136,151,163,198,198,198,198,212,212,222,222,73,73,177,177,192,208,208,208,58,58,84,84,111,111],"floor_reached":27,"playtime":1089,"items_purged":[],"score":337,"play_id":"d1e0647e-ca3c-4010-88c6-287a6eb7b2f9","local_time":"20190502172037","is_ascension_mode":true,"campfire_choices":[{"floor":8,"key":"REST"},{"data":"All Out Attack","floor":11,"key":"SMITH"},{"data":"Caltrops","floor":13,"key":"SMITH"},{"floor":15,"key":"REST"},{"floor":23,"key":"REST"},{"floor":25,"key":"REST"}],"neow_cost":"NONE","seed_source_timestamp":734196150843945,"circlet_count":0,"master_deck":["Defend_G","Defend_G","Defend_G","Defend_G","Defend_G+1","Strike_G","Strike_G","Strike_G","Strike_G+1","Strike_G","Survivor","Neutralize+1","All Out Attack+1","Backflip+1","Poisoned Stab","Flying Knee","Heel Hook+1","Caltrops+1","Corpse Explosion","Parasite","Writhe","Normality","Acrobatics","Decay"],"relics":["Ring of the Snake","Paper Crane","Gremlin Horn","Whetstone","Calling Bell","Potion Belt","Pear","Tough Bandages","MutagenicStrength","Bronze Scales","Question Card","Orichalcum"],"potions_floor_usage":[2,16,24],"damage_taken":[{"damage":0,"enemies":"2 Louse","floor":1,"turns":3},{"damage":5,"enemies":"Cultist","floor":2,"turns":4},{"damage":2,"enemies":"Small Slimes","floor":4,"turns":3},{"damage":0,"enemies":"2 Fungi Beasts","floor":5,"turns":4},{"damage":25,"enemies":"Lagavulin","floor":6,"turns":8},{"damage":15,"enemies":"Gremlin Gang","floor":10,"turns":4},{"damage":0,"enemies":"Exordium Wildlife","floor":12,"turns":1},{"damage":10,"enemies":"Slime Boss","floor":16,"turns":9},{"damage":25,"enemies":"2 Thieves","floor":18,"turns":3},{"damage":19,"enemies":"Shell Parasite","floor":19,"turns":7},{"damage":35,"enemies":"Gremlin Leader","floor":24,"turns":5},{"damage":65,"enemies":"Slavers","floor":27,"turns":2}],"seed_played":"4080136722048295747","potions_obtained":[{"floor":1,"key":"Fruit Juice"},{"floor":12,"key":"FearPotion"},{"floor":19,"key":"AttackPotion"}],"is_trial":false,"path_per_floor":["M","M","?","M","M","E","?","R","T","M","R","M","R","$","R","B",null,"M","M","?","?","$","R","E","R","T","E"],"character_chosen":"THE_SILENT","items_purchased":["Whetstone","Bronze Scales"],"campfire_rested":4,"item_purchase_floors":[14,22],"current_hp_per_floor":[70,70,70,68,68,43,27,51,51,36,36,36,36,36,60,50,84,59,40,40,40,40,67,32,59,59,0],"gold":111,"neow_bonus":"TEN_PERCENT_HP_BONUS","is_prod":false,"is_daily":false,"chose_seed":false,"campfire_upgraded":2,"win_rate":0,"timestamp":1556814037,"path_taken":["M","M","?","M","?","E","?","R","T","M","R","M","R","$","R","BOSS","M","M","?","?","$","R","E","R","T","E"],"build_version":"2019-01-23","purchased_purges":0,"victory":false,"max_hp_per_floor":[77,82,82,82,82,82,82,82,82,82,82,82,82,82,82,82,92,92,92,92,92,92,92,92,92,92,92],"card_choices":[{"not_picked":["Poisoned Stab","Terror"],"picked":"All Out Attack","floor":1},{"not_picked":["PiercingWail","Acrobatics"],"picked":"Backflip","floor":2},{"not_picked":["Outmaneuver","Expertise"],"picked":"Poisoned Stab","floor":4},{"not_picked":["Dagger Throw","Quick Slash"],"picked":"Flying Knee","floor":5},{"not_picked":["Bouncing Flask","Reflex","Infinite Blades"],"picked":"SKIP","floor":6},{"not_picked":["Finisher","Dodge and Roll"],"picked":"Heel Hook","floor":10},{"not_picked":["Backstab","Deadly Poison"],"picked":"Caltrops","floor":12},{"not_picked":["Malaise","Doppelganger"],"picked":"Corpse Explosion","floor":16},{"not_picked":["Heel Hook+1","Quick Slash+1"],"picked":"Acrobatics","floor":18},{"not_picked":["Outmaneuver","Predator","Concentrate"],"picked":"SKIP","floor":19},{"not_picked":["Underhanded Strike","Slice+1","Tactician+1"],"picked":"SKIP","floor":24}],"player_experience":586140,"relics_obtained":[{"floor":6,"key":"Paper Crane"},{"floor":9,"key":"Gremlin Horn"},{"floor":17,"key":"Potion Belt"},{"floor":17,"key":"Pear"},{"floor":17,"key":"Tough Bandages"},{"floor":24,"key":"Question Card"},{"floor":26,"key":"Orichalcum"}],"event_choices":[{"damage_healed":0,"gold_gain":0,"player_choice":"Upgraded","damage_taken":0,"max_hp_gain":0,"max_hp_loss":0,"event_name":"Upgrade Shrine","floor":3,"gold_loss":0,"cards_upgraded":["Neutralize"]},{"damage_healed":0,"gold_gain":0,"player_choice":"Entered Light","damage_taken":16,"max_hp_gain":0,"max_hp_loss":0,"event_name":"Shining Light","floor":7,"gold_loss":0,"cards_upgraded":["Backflip","Defend_G"]},{"damage_healed":0,"gold_gain":0,"player_choice":"Inject Mutagens","damage_taken":0,"relics_obtained":["MutagenicStrength"],"max_hp_gain":0,"max_hp_loss":0,"event_name":"Drug Dealer","floor":20,"gold_loss":0},{"damage_healed":0,"gold_gain":0,"player_choice":"Cursed","damage_taken":0,"max_hp_gain":0,"max_hp_loss":0,"event_name":"Wheel of Change","floor":21,"gold_loss":0,"cards_obtained":["Decay"]}],"is_beta":false,"boss_relics":[{"not_picked":["Coffee Dripper","Sozu"],"picked":"Calling Bell"}],"items_purged_floors":[],"is_endless":false,"potions_floor_spawned":[1,12,19],"killed_by":"Slavers","ascension_level":7}