{"gold_per_floor":[116,96,110,127,138,138,138,173,173,17,17,17,27,27,27,104,104,115,115,127,127,127,127,127],"floor_reached":24,"playtime":943,"items_purged":["Strike_B"],"score":369,"play_id":"45404b9e-1010-4939-913a-06a4d4dc7089","local_time":"20190228022322","is_ascension_mode":true,"campfire_choices":[{"data":"Zap","floor":7,"key":"SMITH"},{"data":"Dualcast","floor":11,"key":"SMITH"},{"floor":15,"key":"REST"},{"floor":23,"key":"REST"}],"neow_cost":"NONE","seed_source_timestamp":918720636635991,"circlet_count":0,"master_deck":["AscendersBane","Strike_B","Strike_B","Strike_B","Defend_B","Defend_B","Defend_B","Defend_B","Zap+1","Dualcast+1","Cold Snap","Doom and Gloom","Gash","Cold Snap","Defragment+1","Ball Lightning+1","Glacier"],"relics":["Cracked Core","NeowsBlessing","Sundial","Molten Egg 2","Incense Burner","Inserter"],"potions_floor_usage":[8,13,16,22],"damage_taken":[{"damage":0,"enemies":"2 Louse","floor":1,"turns":1},{"damage":0,"enemies":"Cultist","floor":3,"turns":1},{"damage":0,"enemies":"Small Slimes","floor":4,"turns":1},{"damage":17,"enemies":"3 Louse","floor":5,"turns":4},{"damage":18,"enemies":"Lagavulin","floor":8,"turns":6},{"damage":2,"enemies":"2 Fungi Beasts","floor":13,"turns":3},{"damage":12,"enemies":"Slime Boss","floor":16,"turns":9},{"damage":0,"enemies":"Chosen","floor":18,"turns":4},{"damage":21,"enemies":"Shell Parasite","floor":20,"turns":6},{"damage":24,"enemies":"Colosseum Slavers","floor":22,"turns":4},{"damage":58,"enemies":"Gremlin Leader","floor":24,"turns":6}],"seed_played":"2050311613126061122","potions_obtained":[{"floor":2,"key":"Weak Potion"},{"floor":3,"key":"Block Potion"},{"floor":13,"key":"Dexterity Potion"},{"floor":18,"key":"Regen Potion"}],"is_trial":false,"path_per_floor":["M","?","M","M","M","$","R","E","T","$","R","$","M","T","R","B",null,"M","?","M","$","?","R","E"],"character_chosen":"DEFECT","items_purchased":["Defragment"],"campfire_rested":2,"item_purchase_floors":[10],"current_hp_per_floor":[64,64,64,64,47,47,47,29,29,29,29,29,27,27,48,36,62,62,62,41,41,29,50,0],"gold":127,"neow_bonus":"THREE_ENEMY_KILL","is_prod":false,"is_daily":false,"chose_seed":false,"campfire_upgraded":2,"win_rate":0,"timestamp":1551342202,"path_taken":["M","?","M","?","?","$","R","E","T","$","R","?","M","?","R","BOSS","M","?","M","?","?","R","E"],"build_version":"2019-01-23","purchased_purges":1,"victory":false,"max_hp_per_floor":[71,71,71,71,71,71,71,71,71,71,71,71,71,71,71,71,71,71,71,71,71,71,71,71],"card_choices":[{"not_picked":["Barrage","Fusion","Force Field"],"picked":"SKIP","floor":1},{"not_picked":["Leap","FTL"],"picked":"Cold Snap","floor":3},{"not_picked":["Tempest","Rebound"],"picked":"Doom and Gloom","floor":4},{"not_picked":["Compile Driver","Double Energy"],"picked":"Gash","floor":5},{"not_picked":["Chaos","FTL"],"picked":"Cold Snap","floor":8},{"not_picked":["Cold Snap+1","Steam"],"picked":"Ball Lightning+1","floor":13},{"not_picked":["Coolheaded","Redo"],"picked":"Glacier","floor":18},{"not_picked":["Conserve Battery","Stack","Sweeping Beam+1"],"picked":"SKIP","floor":20}],"player_experience":616404,"relics_obtained":[{"floor":8,"key":"Sundial"},{"floor":9,"key":"Molten Egg 2"},{"floor":14,"key":"Incense Burner"}],"event_choices":[{"damage_healed":0,"gold_gain":0,"player_choice":"Bought 1 Potion","damage_taken":0,"max_hp_gain":0,"max_hp_loss":0,"event_name":"The Woman in Blue","floor":2,"gold_loss":0},{"damage_healed":0,"gold_gain":0,"player_choice":"Forge","damage_taken":0,"max_hp_gain":0,"max_hp_loss":0,"event_name":"Accursed Blacksmith","floor":19,"gold_loss":0,"cards_upgraded":["Defragment"]},{"damage_healed":0,"gold_gain":0,"player_choice":"Fight","damage_taken":0,"max_hp_gain":0,"max_hp_loss":0,"event_name":"Colosseum","floor":22,"gold_loss":0},{"damage_healed":0,"gold_gain":0,"player_choice":"Fled From Nobs","damage_taken":0,"max_hp_gain":0,"max_hp_loss":0,"event_name":"Colosseum","floor":22,"gold_loss":0}],"is_beta":false,"boss_relics":[{"not_picked":["Lizard Tail","White Beast Statue"],"picked":"Inserter"}],"items_purged_floors":[10],"is_endless":false,"potions_floor_spawned":[3,5,13,18],"killed_by":"Gremlin Leader","ascension_level":18}