{"gold_per_floor":[117,117,130,9,9,37,37,47,47,222,222,222,222,249,249,345,345,363,54,79,79,97,97,127,145,145,145,145,157,168,188,188,287,287,307,529,35,35,52,52,71,71,71,71,83,129,129,143,143,143],"floor_reached":51,"playtime":986,"items_purged":["Regret","Strike_R"],"score":748,"play_id":"e8345e1b-628f-43c8-8685-79ee96bd8e21","local_time":"20190410210008","is_ascension_mode":false,"campfire_choices":[{"data":"Uppercut","floor":7.0,"key":"SMITH"},{"data":"Whirlwind","floor":12.0,"key":"SMITH"},{"data":"Disarm","floor":15.0,"key":"SMITH"},{"data":"Perfected Strike","floor":23,"key":"SMITH"},{"data":"Offering","floor":27,"key":"SMITH"},{"data":"Spot Weakness","floor":32,"key":"SMITH"},{"data":"Pommel Strike","floor":40,"key":"SMITH"},{"data":"Bash","floor":42,"key":"SMITH"},{"floor":49,"key":"REST"}],"neow_cost":"NONE","seed_source_timestamp":1381368751523500,"circlet_count":0,"master_deck":["Strike_R","Strike_R","Strike_R","Strike_R","Defend_R","Defend_R","Defend_R","Defend_R","Bash+1","Perfected Strike+1","Uppercut+1","Cleave","Whirlwind+1","Pommel Strike+1","Disarm+1","Offering+1","Headbutt","Spot Weakness+1","Perfected Strike+1","Whirlwind+1","Battle Trance+1","Armaments+1","Offering+1","Madness+1","Madness+1","Uppercut+1","Shrug It Off+1"],"special_seed":0,"relics":["Black Blood","NeowsBlessing","Ornamental Fan","Pantograph","Gremlin Horn","Mummified Hand","Dodecahedron","Runic Dome","Chemical X","Red Mask","Toxic Egg 2","Bottled Lightning","Letter Opener","HandDrill","Incense Burner","Kunai","Mango"],"potions_floor_usage":[33,50,50,50],"damage_taken":[{"damage":0.0,"enemies":"Cultist","floor":1.0,"turns":1.0},{"damage":0.0,"enemies":"2 Louse","floor":3.0,"turns":1.0},{"damage":0.0,"enemies":"Lagavulin","floor":6.0,"turns":1.0},{"damage":0.0,"enemies":"Small Slimes","floor":8.0,"turns":2.0},{"damage":0.0,"enemies":"Gremlin Nob","floor":14.0,"turns":2.0},{"damage":40.0,"enemies":"Hexaghost","floor":16.0,"turns":12.0},{"damage":6,"enemies":"Shell Parasite","floor":18,"turns":2},{"damage":0,"enemies":"Masked Bandits","floor":20,"turns":1},{"damage":0,"enemies":"Spheric Guardian","floor":22,"turns":3},{"damage":23,"enemies":"Book of Stabbing","floor":24,"turns":4},{"damage":11,"enemies":"Shelled Parasite and Fungi","floor":25,"turns":2},{"damage":6,"enemies":"Sentry and Sphere","floor":29,"turns":1},{"damage":12,"enemies":"Cultist and Chosen","floor":30,"turns":2},{"damage":6,"enemies":"3 Cultists","floor":31,"turns":1},{"damage":12,"enemies":"Automaton","floor":33,"turns":5},{"damage":6,"enemies":"3 Darklings","floor":35,"turns":1},{"damage":11,"enemies":"3 Shapes","floor":39,"turns":1},{"damage":12,"enemies":"Jaw Worm Horde","floor":41,"turns":1},{"damage":31,"enemies":"4 Shapes","floor":45,"turns":2},{"damage":12,"enemies":"2 Orb Walkers","floor":46,"turns":1},{"damage":16,"enemies":"Writhing Mass","floor":48,"turns":3},{"damage":55,"enemies":"Time Eater","floor":50,"turns":7}],"seed_played":"-2405799441469726719","potions_obtained":[{"floor":1.0,"key":"PowerPotion"},{"floor":3.0,"key":"Weak Potion"},{"floor":18,"key":"BloodPotion"},{"floor":24,"key":"FearPotion"},{"floor":29,"key":"EssenceOfSteel"},{"floor":39,"key":"Swift Potion"}],"is_trial":false,"path_per_floor":["M","?","M","$","?","E","R","M","T","?","?","R","T","E","R","B",null,"M","$","?","?","M","R","E","M","T","R","T","M","M","M","R","B",null,"M","?","$","?","M","R","M","R","T","?","M","?","?","M","R","B",null],"character_chosen":"IRONCLAD","items_purchased":["Cleave","Chemical X","HandDrill","Incense Burner"],"campfire_rested":1,"item_purchase_floors":[4,19,37,37],"current_hp_per_floor":[80,80,80,80,80,80,80,80,80,80,73,73,73,79,79,46,80,80,80,80,80,80,80,63,58,58,58,58,58,52,52,52,71,80,80,80,80,70,69,69,67,67,67,72,51,63,63,57,85,58],"gold":143,"neow_bonus":"THREE_ENEMY_KILL","is_prod":false,"is_daily":false,"chose_seed":false,"campfire_upgraded":8,"win_rate":0,"timestamp":1554922808,"path_taken":["M","?","M","$","?","E","R","M","T","?","?","R","?","E","R","BOSS","M","$","?","?","M","R","E","M","T","R","?","M","?","M","R","BOSS","M","?","$","?","M","R","M","R","T","?","?","?","?","M","R","BOSS"],"build_version":"2019-01-23","purchased_purges":2,"victory":true,"max_hp_per_floor":[80,80,80,80,80,80,80,80,80,80,80,80,80,80,80,80,80,80,80,80,80,80,80,80,80,80,80,80,80,80,80,80,80,80,80,80,80,80,80,80,80,80,80,80,80,94,94,94,94,94],"card_choices":[{"not_picked":["Second Wind","Blood for Blood"],"picked":"Perfected Strike","floor":1.0},{"not_picked":["Seeing Red","Pommel Strike"],"picked":"Uppercut","floor":3.0},{"not_picked":["Iron Wave","Havoc"],"picked":"Whirlwind","floor":6.0},{"not_picked":["Iron Wave","Fire Breathing"],"picked":"Pommel Strike","floor":8.0},{"not_picked":["Wild Strike","Carnage"],"picked":"Disarm","floor":14.0},{"not_picked":["Reaper","Feed"],"picked":"Offering","floor":16.0},{"not_picked":["Shrug It Off","Wild Strike"],"picked":"Heavy Blade","floor":18},{"not_picked":["Anger","Havoc"],"picked":"Headbutt","floor":20},{"not_picked":["Clothesline","True Grit"],"picked":"Perfected Strike+1","floor":22},{"not_picked":["Searing Blow","Rampage"],"picked":"Whirlwind+1","floor":24},{"not_picked":["Thunderclap","Havoc+1","Heavy Blade+1"],"picked":"SKIP","floor":25},{"not_picked":["Ghostly Armor+1","Brutality"],"picked":"Battle Trance+1","floor":29},{"not_picked":["Flex+1","Anger"],"picked":"Armaments+1","floor":30},{"not_picked":["Twin Strike","Pommel Strike","Headbutt"],"picked":"SKIP","floor":31},{"not_picked":["Bludgeon","Immolate"],"picked":"Offering+1","floor":33},{"not_picked":["Entrench+1","Body Slam","Warcry+1"],"picked":"SKIP","floor":35},{"not_picked":["Combust","Headbutt"],"picked":"Uppercut+1","floor":39},{"not_picked":["Pommel Strike","Infernal Blade+1","Clothesline"],"picked":"SKIP","floor":41},{"not_picked":["Hemokinesis+1","Iron Wave"],"picked":"Shrug It Off+1","floor":45},{"not_picked":["Cleave+1","Headbutt","Shrug It Off+1"],"picked":"SKIP","floor":48}],"player_experience":363796,"relics_obtained":[{"floor":6.0,"key":"Pantograph"},{"floor":9.0,"key":"Gremlin Horn"},{"floor":13.0,"key":"Mummified Hand"},{"floor":14.0,"key":"Dodecahedron"},{"floor":20,"key":"Red Mask"},{"floor":24,"key":"Toxic Egg 2"},{"floor":26,"key":"Bottled Lightning"},{"floor":28,"key":"Letter Opener"},{"floor":43,"key":"Kunai"},{"floor":46,"key":"Mango"}],"event_choices":[{"damage_healed":0.0,"max_hp_gain":0.0,"max_hp_loss":0.0,"gold_gain":0.0,"event_name":"Big Fish","player_choice":"Box","floor":2.0,"gold_loss":0.0,"damage_taken":0.0,"relics_obtained":["Ornamental Fan"],"cards_obtained":["Regret"]},{"damage_healed":0.0,"max_hp_gain":0.0,"max_hp_loss":0.0,"gold_gain":0.0,"event_name":"The Cleric","player_choice":"Leave","floor":5.0,"gold_loss":0.0,"damage_taken":0.0},{"damage_healed":0.0,"max_hp_gain":0.0,"max_hp_loss":0.0,"gold_gain":175.0,"event_name":"Liars Game","player_choice":"AGREE","floor":10.0,"gold_loss":0.0,"damage_taken":0.0,"cards_obtained":["Doubt"]},{"cards_removed":["Doubt"],"damage_healed":0.0,"max_hp_gain":0.0,"max_hp_loss":0.0,"gold_gain":0.0,"event_name":"Golden Wing","player_choice":"Card Removal","floor":11.0,"gold_loss":0.0,"damage_taken":7.0},{"damage_healed":0,"gold_gain":0,"player_choice":"Fought Bandits","damage_taken":0,"max_hp_gain":0,"max_hp_loss":0,"event_name":"Masked Bandits","floor":20,"gold_loss":0},{"damage_healed":0,"gold_gain":0,"player_choice":"Read","damage_taken":0,"max_hp_gain":0,"max_hp_loss":0,"event_name":"The Library","floor":21,"gold_loss":0,"cards_obtained":["Spot Weakness"]},{"damage_healed":0,"gold_gain":222,"player_choice":"Wore Mask","damage_taken":0,"max_hp_gain":0,"max_hp_loss":0,"event_name":"Tomb of Lord Red Mask","floor":36,"gold_loss":0},{"damage_healed":0,"gold_gain":0,"player_choice":"Embrace Madness","damage_taken":10,"max_hp_gain":0,"max_hp_loss":0,"event_name":"Winding Halls","floor":38,"gold_loss":0,"cards_obtained":["Madness","Madness"]},{"cards_removed":["Heavy Blade"],"damage_healed":5,"gold_gain":0,"player_choice":"Offered Common","damage_taken":0,"max_hp_gain":0,"max_hp_loss":0,"event_name":"Bonfire Elementals","floor":44,"gold_loss":0},{"cards_removed":["Heavy Blade"],"damage_healed":5,"gold_gain":0,"player_choice":"Offered Special","damage_taken":0,"max_hp_gain":0,"max_hp_loss":0,"event_name":"Bonfire Elementals","floor":44,"gold_loss":0},{"damage_healed":0,"gold_gain":0,"player_choice":"Fight","damage_taken":0,"max_hp_gain":0,"max_hp_loss":0,"event_name":"Mysterious Sphere","floor":46,"gold_loss":0},{"damage_healed":0,"gold_gain":0,"player_choice":"Memory 1","damage_taken":0,"max_hp_gain":0,"max_hp_loss":0,"event_name":"SensoryStone","floor":47,"gold_loss":0}],"is_beta":false,"boss_relics":[{"not_picked":["Lizard Tail","Pandora\u0027s Box"],"picked":"Runic Dome"},{"not_picked":["Runic Cube","Black Star"],"picked":"Black Blood"}],"items_purged_floors":[4,19],"is_endless":false,"potions_floor_spawned":[1,3,18,24,29,31,39,45],"ascension_level":0}