{"gold_per_floor":[119,119,119,129,149,149,175,175,175,189,222,297,297,297,297,375,375,393,404,416,430,355,382,382,416,440,440,51,51,51,82,82,153,153,167,1166,1183,1183,432,460,460,490,490,522,522,472,472,490,490,490,490,490,490,25,59,59],"floor_reached":57,"playtime":4365,"items_purged":["Strike_B","Strike_B","Normality","Writhe"],"score":2879,"play_id":"9b99b0e5-2389-4304-ad19-814306cf8c53","local_time":"20190306201737","is_ascension_mode":true,"campfire_choices":[{"floor":6.0,"key":"REST"},{"data":"Zap","floor":8.0,"key":"SMITH"},{"data":"Defend_B","floor":13.0,"key":"SMITH"},{"data":"Defend_B","floor":15.0,"key":"SMITH"},{"floor":24.0,"key":"REST"},{"floor":27.0,"key":"RECALL"},{"floor":32.0,"key":"REST"},{"data":"Dualcast","floor":41.0,"key":"PURGE"},{"data":"Normality","floor":45.0,"key":"PURGE"},{"data":"Steam Power","floor":47.0,"key":"PURGE"},{"data":"Rip and Tear","floor":49.0,"key":"PURGE"},{"floor":53,"key":"REST"}],"neow_cost":"NONE","seed_source_timestamp":0,"circlet_count":0,"master_deck":["AscendersBane","Defend_B","Defend_B","Defend_B+1","Defend_B+1","Zap+1","Genetic Algorithm","Loop","Ball Lightning","Self Repair","Ball Lightning","Biased Cognition","Reinforced Body","Sweeping Beam","Coolheaded+1","Chill+1","Core Surge","Undo","Lockon+1","Biased Cognition","Glacier","Defragment+1","Creative AI","Core Surge","Conserve Battery+1","Mayhem+1","Echo Form+1"],"special_seed":0,"relics":["Cracked Core","Thread and Needle","Vajra","Gremlin Horn","Meat on the Bone","Fusion Hammer","DataDisk","Question Card","Smiling Mask","Torii","Happy Flower","Cursed Key","Runic Capacitor","Peace Pipe","Orichalcum","Frozen Egg 2","Mummified Hand","Kunai","Oddly Smooth Stone","Bronze Scales"],"potions_floor_usage":[51,56,56],"damage_taken":[{"damage":1.0,"enemies":"Cultist","floor":1.0,"turns":3.0},{"damage":0.0,"enemies":"Jaw Worm","floor":4.0,"turns":3.0},{"damage":0.0,"enemies":"2 Louse","floor":5.0,"turns":2.0},{"damage":19.0,"enemies":"3 Sentries","floor":7.0,"turns":8.0},{"damage":0.0,"enemies":"Looter","floor":10.0,"turns":3.0},{"damage":7.0,"enemies":"Gremlin Nob","floor":11.0,"turns":3.0},{"damage":4.0,"enemies":"Hexaghost","floor":16.0,"turns":9.0},{"damage":9.0,"enemies":"2 Thieves","floor":18.0,"turns":4.0},{"damage":3.0,"enemies":"3 Byrds","floor":19.0,"turns":4.0},{"damage":23.0,"enemies":"Shelled Parasite and Fungi","floor":20.0,"turns":6.0},{"damage":12.0,"enemies":"Snake Plant","floor":21.0,"turns":5.0},{"damage":42.0,"enemies":"Book of Stabbing","floor":23.0,"turns":6.0},{"damage":6.0,"enemies":"Gremlin Leader","floor":25.0,"turns":5.0},{"damage":25.0,"enemies":"Slavers","floor":31.0,"turns":6.0},{"damage":13.0,"enemies":"Collector","floor":33.0,"turns":9.0},{"damage":0.0,"enemies":"Orb Walker","floor":35.0,"turns":3.0},{"damage":0.0,"enemies":"3 Shapes","floor":37.0,"turns":5.0},{"damage":0.0,"enemies":"Nemesis","floor":40.0,"turns":7.0},{"damage":0.0,"enemies":"Giant Head","floor":42.0,"turns":10.0},{"damage":0.0,"enemies":"Nemesis","floor":44.0,"turns":7.0},{"damage":12.0,"enemies":"Jaw Worm Horde","floor":48.0,"turns":4.0},{"damage":12,"enemies":"Donu and Deca","floor":50,"turns":7},{"damage":21,"enemies":"Time Eater","floor":51,"turns":9},{"damage":44,"enemies":"Shield and Spear","floor":55,"turns":9},{"damage":17,"enemies":"The Heart","floor":56,"turns":9}],"seed_played":"1602013653685673055","potions_obtained":[{"floor":1.0,"key":"EssenceOfSteel"},{"floor":7.0,"key":"GamblersBrew"},{"floor":16.0,"key":"Fire Potion"},{"floor":19.0,"key":"PowerPotion"},{"floor":23.0,"key":"GamblersBrew"},{"floor":42.0,"key":"GamblersBrew"},{"floor":55,"key":"Poison Potion"}],"is_trial":false,"path_per_floor":["M","?","?","M","M","R","E","R","T","M","E","?","R","T","R","B",null,"M","M","M","M","$","E","R","E","T","R","$","?","?","E","R","B",null,"M","?","M","?","$","E","R","E","T","E","R","$","R","M","R","B","B",null,"R","$","E","B",null],"character_chosen":"DEFECT","items_purchased":["Torii","Runic Capacitor","Creative AI","Peace Pipe","Oddly Smooth Stone","EssenceOfSteel","Mayhem+1"],"campfire_rested":4,"item_purchase_floors":[28,39,39,39,54,54,54],"current_hp_per_floor":[63,56,21,21,21,42,23,23,23,23,23,12,12,12,12,27,60,58,62,46,53,53,30,51,52,52,52,52,52,52,46,67,61,69,71,71,71,67,67,67,67,67,67,67,67,67,67,62,62,57,36,59,67,67,42,44],"gold":59,"neow_bonus":"TRANSFORM_CARD","is_prod":false,"is_daily":false,"chose_seed":false,"campfire_upgraded":3,"win_rate":0,"timestamp":1551925057,"path_taken":["M","?","?","M","M","R","E","R","T","M","E","?","R","?","R","BOSS","M","M","M","M","$","E","R","E","T","R","$","?","?","E","R","BOSS","M","?","M","?","$","E","R","E","T","E","R","$","R","M","R","BOSS","BOSS","R","$","E","BOSS"],"build_version":"2019-01-23","purchased_purges":4,"victory":true,"max_hp_per_floor":[71,71,71,71,71,71,71,71,71,71,71,71,71,71,71,71,71,71,71,71,71,71,71,71,71,71,71,71,71,71,71,71,71,71,71,71,71,67,67,67,67,67,67,67,67,67,67,67,67,67,67,67,67,67,67,67],"card_choices":[{"not_picked":["Turbo","Steam Power"],"picked":"Rip and Tear","floor":1.0},{"not_picked":["Stack","Gash"],"picked":"Steam Power","floor":4.0},{"not_picked":["White Noise","Storm"],"picked":"Loop","floor":5.0},{"not_picked":["Steam","Sweeping Beam"],"picked":"Ball Lightning","floor":7.0},{"not_picked":["Double Energy","Turbo"],"picked":"Self Repair","floor":10.0},{"not_picked":["Leap","Go for the Eyes"],"picked":"Ball Lightning","floor":11.0},{"not_picked":["Seek","Hyperbeam"],"picked":"Biased Cognition","floor":16.0},{"not_picked":["Coolheaded","Steam"],"picked":"Reinforced Body","floor":18.0},{"not_picked":["Conserve Battery","Leap"],"picked":"Sweeping Beam","floor":19.0},{"not_picked":["Compile Driver","Reinforced Body"],"picked":"Coolheaded+1","floor":20.0},{"not_picked":["Coolheaded","Cold Snap"],"picked":"Chill+1","floor":21.0},{"not_picked":["Coolheaded","Leap"],"picked":"Core Surge","floor":23.0},{"not_picked":["Coolheaded","Sweeping Beam"],"picked":"Undo","floor":25.0},{"not_picked":["Rebound+1","Melter","Leap"],"picked":"Lockon+1","floor":31.0},{"not_picked":["Hyperbeam","Meteor Strike","All For One"],"picked":"Biased Cognition","floor":33.0},{"not_picked":["Gash","Sunder+1","Redo"],"picked":"Glacier","floor":35.0},{"not_picked":["FTL","Steam","Streamline"],"picked":"Defragment+1","floor":37.0},{"not_picked":["Cold Snap","Meteor Strike","Steam","Go for the Eyes"],"picked":"SKIP","floor":40.0},{"not_picked":["Reinforced Body","Stack+1","Self Repair","Rainbow"],"picked":"SKIP","floor":42.0},{"not_picked":["Go for the Eyes","Darkness","Gash"],"picked":"Core Surge","floor":44.0},{"not_picked":["Streamline","Hello World+1","Tempest+1"],"picked":"Conserve Battery+1","floor":48.0},{"not_picked":["Go for the Eyes","Hologram+1","Compile Driver"],"picked":"Echo Form+1","floor":55}],"player_experience":692303,"relics_obtained":[{"floor":7.0,"key":"Vajra"},{"floor":9.0,"key":"Gremlin Horn"},{"floor":11.0,"key":"Meat on the Bone"},{"floor":23.0,"key":"DataDisk"},{"floor":25.0,"key":"Question Card"},{"floor":26.0,"key":"Smiling Mask"},{"floor":31.0,"key":"Happy Flower"},{"floor":40.0,"key":"Orichalcum"},{"floor":42.0,"key":"Frozen Egg 2"},{"floor":43.0,"key":"Mummified Hand"},{"floor":44.0,"key":"Kunai"},{"floor":55,"key":"Bronze Scales"}],"event_choices":[{"cards_removed":["Strike_B"],"damage_healed":0.0,"max_hp_gain":0.0,"max_hp_loss":0.0,"gold_gain":0.0,"event_name":"Golden Wing","player_choice":"Card Removal","floor":2.0,"gold_loss":0.0,"damage_taken":7.0},{"damage_healed":0.0,"max_hp_gain":0.0,"max_hp_loss":0.0,"gold_gain":0.0,"event_name":"Scrap Ooze","player_choice":"Success","floor":3.0,"gold_loss":0.0,"damage_taken":35.0,"relics_obtained":["Thread and Needle"]},{"damage_healed":0.0,"max_hp_gain":0.0,"max_hp_loss":0.0,"gold_gain":75.0,"event_name":"World of Goop","player_choice":"Gather Gold","floor":12.0,"gold_loss":0.0,"damage_taken":11.0},{"damage_healed":0.0,"max_hp_gain":0.0,"max_hp_loss":0.0,"gold_gain":0.0,"event_name":"Vampires","player_choice":"Ignored","floor":29.0,"gold_loss":0.0,"damage_taken":0.0},{"damage_healed":0.0,"max_hp_gain":0.0,"max_hp_loss":0.0,"gold_gain":0.0,"event_name":"Beggar","player_choice":"Ignored","floor":30.0,"gold_loss":0.0,"damage_taken":0.0},{"damage_healed":0.0,"max_hp_gain":0.0,"max_hp_loss":0.0,"gold_gain":999.0,"event_name":"MindBloom","player_choice":"Gold","floor":36.0,"gold_loss":0.0,"damage_taken":0.0,"cards_obtained":["Normality","Normality"]},{"damage_healed":0.0,"max_hp_gain":0.0,"max_hp_loss":4.0,"gold_gain":0.0,"event_name":"Winding Halls","player_choice":"Max HP","floor":38.0,"gold_loss":0.0,"damage_taken":0.0}],"is_beta":false,"boss_relics":[{"not_picked":["Tiny House","Empty Cage"],"picked":"Fusion Hammer"},{"not_picked":["Philosopher\u0027s Stone","Orrery"],"picked":"Cursed Key"}],"items_purged_floors":[22,28,39,46],"is_endless":false,"potions_floor_spawned":[1,7,16,19,20,23,42,44,48,55],"ascension_level":20}