{"gold_per_floor":[117,117,117,117,129,456,473,492,539,539,539,549,581,6,6,109,109,127,127,127,127,42,72,72,99,99,99,52,52,67,93,93,190,190,202,202,219,231,231,231,264,264,264,277,297,297,297,297,297,297],"floor_reached":51,"playtime":3389,"items_purged":["Shame"],"score":995,"play_id":"f31a8f3a-3959-4747-8157-e3d0b499d7a3","local_time":"20180918164854","is_ascension_mode":true,"campfire_choices":[{"floor":10.0,"key":"REST"},{"floor":15.0,"key":"REST"},{"floor":24.0,"key":"REST"},{"floor":27,"key":"REST"},{"floor":32,"key":"REST"},{"floor":40,"key":"REST"},{"floor":46,"key":"REST"},{"floor":49,"key":"REST"}],"neow_cost":"NONE","seed_source_timestamp":39102676396480,"circlet_count":0,"master_deck":["Defend_G+1","Defend_G+1","Defend_G+1","Defend_G+1","Defend_G+1","Strike_G+1","Strike_G+1","Strike_G+1","Strike_G+1","Survivor","Neutralize","Glass Knife","Noxious Fumes","Catalyst","Bouncing Flask","Deadly Poison","Escape Plan","Cloak And Dagger","Corpse Explosion","Bandage Up","Dash","Bane","Noxious Fumes","Burst","Dodge and Roll+1","Bane","Outmaneuver+1","Bane","Tactician+1","Escape Plan+1","Crippling Poison","Malaise","Backflip+1","Metamorphosis+1","Enlightenment","Finesse","Sucker Punch+1","Escape Plan","Deadly Poison+1","Leg Sweep+1"],"special_seed":0,"relics":["Ring of the Serpent","Pear","Old Coin","Dream Catcher","Paper Crane","Vajra","Lantern","ClockworkSouvenir","Gremlin Horn","Spirit Poop","Orichalcum","Strawberry","Boot","Ninja Scroll","Frozen Egg 2","Sozu","Bottled Lightning","Dodecahedron","Meat on the Bone"],"potions_floor_usage":[33,33],"damage_taken":[{"damage":1.0,"enemies":"Cultist","floor":1.0,"turns":3.0},{"damage":0.0,"enemies":"Small Slimes","floor":5.0,"turns":3.0},{"damage":24.0,"enemies":"Lagavulin","floor":6.0,"turns":9.0},{"damage":6.0,"enemies":"Jaw Worm","floor":7.0,"turns":3.0},{"damage":10.0,"enemies":"Red Slaver","floor":8.0,"turns":5.0},{"damage":20.0,"enemies":"Gremlin Gang","floor":12.0,"turns":5.0},{"damage":10.0,"enemies":"Gremlin Nob","floor":13.0,"turns":3.0},{"damage":24.0,"enemies":"Hexaghost","floor":16.0,"turns":7.0},{"damage":7.0,"enemies":"Chosen","floor":18.0,"turns":4.0},{"damage":59.0,"enemies":"Book of Stabbing","floor":23.0,"turns":7.0},{"damage":35,"enemies":"Gremlin Leader","floor":25,"turns":6},{"damage":5,"enemies":"2 Thieves","floor":30,"turns":3},{"damage":28,"enemies":"Book of Stabbing","floor":31,"turns":6},{"damage":52,"enemies":"Automaton","floor":33,"turns":8},{"damage":0,"enemies":"3 Shapes","floor":35,"turns":4},{"damage":0,"enemies":"Orb Walker","floor":37,"turns":4},{"damage":49,"enemies":"Transient","floor":38,"turns":5},{"damage":29,"enemies":"Giant Head","floor":41,"turns":8},{"damage":0,"enemies":"Reptomancer","floor":44,"turns":5},{"damage":21,"enemies":"3 Darklings","floor":45,"turns":3},{"damage":43,"enemies":"Time Eater","floor":50,"turns":12}],"seed_played":"-3627434221064679958","potions_obtained":[{"floor":3.0,"key":"Block Potion"},{"floor":3.0,"key":"FairyPotion"},{"floor":3.0,"key":"PowerPotion"},{"floor":5.0,"key":"EssenceOfSteel"},{"floor":6.0,"key":"Dexterity Potion"},{"floor":8.0,"key":"Regen Potion"},{"floor":25,"key":"SteroidPotion"},{"floor":31,"key":"LiquidBronze"}],"is_trial":false,"path_per_floor":["M","?","?","T","M","E","M","M","T","R","?","M","E","$","R","B",null,"M","?","?","$","?","E","R","E","T","R","$","?","M","E","R","B",null,"M","?","M","M","?","R","E","T","T","M","M","R","?","?","R","B"],"character_chosen":"THE_SILENT","items_purchased":["Vajra","Lantern","ClockworkSouvenir","Bane"],"campfire_rested":8,"item_purchase_floors":[14,14,14,28],"current_hp_per_floor":[62,67,67,77,77,53,47,37,37,62,62,61,51,51,76,56,78,75,75,75,75,75,27,54,23,23,50,50,50,49,25,52,4,70,74,74,74,29,19,46,21,21,21,37,32,59,59,59,86,47],"gold":297,"neow_bonus":"ONE_RANDOM_RARE_CARD","is_prod":false,"is_daily":false,"chose_seed":false,"campfire_upgraded":0,"win_rate":0,"timestamp":1537303734,"path_taken":["M","?","?","?","M","E","?","M","T","R","?","M","E","$","R","BOSS","M","?","?","?","?","E","R","E","T","R","$","?","M","E","R","BOSS","M","?","?","M","?","R","E","?","T","M","?","R","?","?","R","BOSS"],"build_version":"2018-09-06","purchased_purges":1,"victory":true,"max_hp_per_floor":[70,75,75,85,85,85,85,85,85,85,85,85,85,85,85,85,85,85,85,85,85,85,92,92,92,92,92,92,92,92,92,92,92,92,92,92,92,92,92,92,92,92,92,92,92,92,92,92,92,92],"card_choices":[{"not_picked":["Prepared","Deflect"],"picked":"Noxious Fumes","floor":1.0},{"not_picked":["Crippling Poison","Sucker Punch"],"picked":"Catalyst","floor":5.0},{"not_picked":["Bane","Cloak And Dagger"],"picked":"Bouncing Flask","floor":6.0},{"not_picked":["Quick Slash","Cloak And Dagger"],"picked":"Deadly Poison","floor":7.0},{"not_picked":["Flying Knee","Deadly Poison"],"picked":"Escape Plan","floor":8.0},{"not_picked":["Dodge and Roll","Blade Dance"],"picked":"Cloak And Dagger","floor":10.0},{"not_picked":["Choke","Underhanded Strike"],"picked":"Dash","floor":12.0},{"not_picked":["Flechettes","Distraction"],"picked":"Bane","floor":13.0},{"not_picked":["Expertise","Finisher"],"picked":"Noxious Fumes","floor":15.0},{"not_picked":["A Thousand Cuts","Adrenaline"],"picked":"Burst","floor":16.0},{"not_picked":["Blade Dance","Finisher"],"picked":"Dodge and Roll+1","floor":18.0},{"not_picked":["Dodge and Roll","Dagger Spray+1"],"picked":"Bane","floor":23.0},{"not_picked":["Underhanded Strike","All Out Attack"],"picked":"Outmaneuver+1","floor":25},{"not_picked":["Distraction","Blade Dance"],"picked":"Tactician+1","floor":30},{"not_picked":["Cloak And Dagger","Deadly Poison"],"picked":"Escape Plan+1","floor":31},{"not_picked":["Deflect","Skewer"],"picked":"Crippling Poison","floor":32},{"not_picked":["Bullet Time","A Thousand Cuts+1"],"picked":"Malaise","floor":33},{"not_picked":["Outmaneuver","Deflect","Poisoned Stab+1"],"picked":"SKIP","floor":35},{"not_picked":["Quick Slash","Poisoned Stab+1","Underhanded Strike"],"picked":"SKIP","floor":37},{"not_picked":["Masterful Stab+1","Poisoned Stab+1"],"picked":"Backflip+1","floor":38},{"not_picked":["Purity","Panache+1"],"picked":"Metamorphosis","floor":39},{"not_picked":["Panache+1","PanicButton"],"picked":"Enlightenment","floor":39},{"not_picked":["Apotheosis","Sadistic Nature+1"],"picked":"Finesse","floor":39},{"not_picked":["Dagger Throw","Quick Slash+1"],"picked":"Sucker Punch+1","floor":40},{"not_picked":["Prepared+1","Dagger Throw+1","Acrobatics"],"picked":"SKIP","floor":41},{"not_picked":["Leg Sweep","Quick Slash+1"],"picked":"Escape Plan","floor":44},{"not_picked":["Accuracy+1","Flying Knee+1"],"picked":"Deadly Poison+1","floor":45},{"not_picked":["Flying Knee","A Thousand Cuts+1"],"picked":"Leg Sweep+1","floor":46}],"player_experience":254485,"relics_obtained":[{"floor":4.0,"key":"Pear"},{"floor":6.0,"key":"Old Coin"},{"floor":9.0,"key":"Dream Catcher"},{"floor":13.0,"key":"Paper Crane"},{"floor":23.0,"key":"Strawberry"},{"floor":25,"key":"Boot"},{"floor":26,"key":"Ninja Scroll"},{"floor":31,"key":"Frozen Egg 2"},{"floor":41,"key":"Bottled Lightning"},{"floor":42,"key":"Dodecahedron"},{"floor":43,"key":"Meat on the Bone"}],"event_choices":[{"event_name":"Big Fish","player_choice":"Donut","floor":2.0,"damage_taken":0.0},{"event_name":"The Lab","player_choice":"Got Potions","floor":3.0,"damage_taken":0.0},{"event_name":"Match and Keep!","player_choice":"3 cards matched","floor":11.0,"damage_taken":0.0},{"event_name":"The Mausoleum","player_choice":"Yes","floor":19.0,"damage_taken":0.0},{"event_name":"Bonfire Elementals","player_choice":"CURSE","floor":20.0,"damage_taken":0.0},{"event_name":"Addict","player_choice":"Obtained Relic","floor":22.0,"damage_taken":0.0},{"event_name":"Back to Basics","player_choice":"Simplicity","floor":29,"damage_taken":0},{"event_name":"The Woman in Blue","player_choice":"Bought 0 Potions","floor":36,"damage_taken":0},{"event_name":"SensoryStone","player_choice":"Memory 3","floor":39,"damage_taken":0},{"event_name":"Accursed Blacksmith","player_choice":"Forge","floor":47,"damage_taken":0},{"event_name":"Falling","player_choice":"Removed Attack","floor":48,"damage_taken":0}],"is_beta":false,"boss_relics":[{"not_picked":["Lizard Tail","Fusion Hammer"],"picked":"Ring of the Serpent"},{"not_picked":["Coffee Dripper","Runic Pyramid"],"picked":"Sozu"}],"items_purged_floors":[14],"is_endless":false,"potions_floor_spawned":[5,6,8,25,31,41,44],"ascension_level":6}