{"gold_per_floor":[118,128,128,128,152,152,185,204,204,229,253,286,286,324,324,443,443,456,456,475,502,516,516,542,61,141,141,151,161,194,209,209,304,304,319,329,6,26,38,64,64,286,337,337,363,60,60,92,92,92,92,92,44,75,75],"floor_reached":55,"playtime":3242,"items_purged":["Bash"],"score":1254,"play_id":"facd8a8b-f0db-4632-b022-ff27973d994a","local_time":"20190415082840","is_ascension_mode":true,"campfire_choices":[{"data":"Uppercut","floor":6,"key":"SMITH"},{"data":"Havoc","floor":13,"key":"SMITH"},{"data":"Perfected Strike","floor":15,"key":"SMITH"},{"data":"Shockwave","floor":23,"key":"SMITH"},{"data":"Pommel Strike","floor":27,"key":"SMITH"},{"data":"Double Tap","floor":32,"key":"SMITH"},{"data":"Warcry","floor":44,"key":"SMITH"},{"data":"Perfected Strike","floor":47,"key":"SMITH"},{"floor":49,"key":"RECALL"},{"data":"Pommel Strike","floor":52,"key":"SMITH"}],"neow_cost":"NONE","seed_source_timestamp":0,"circlet_count":0,"master_deck":["Strike_R","Strike_R","Strike_R+1","Defend_R","Defend_R","Defend_R","Defend_R","Perfected Strike+1","Shockwave+1","Uppercut+1","Pommel Strike+1","Perfected Strike+1","Shrug It Off","Perfected Strike+1","Havoc+1","Juggernaut+1","Twin Strike","Wild Strike","Demon Form+1","Feel No Pain+1","Panache+1","Pommel Strike+1","Disarm","Battle Trance","Double Tap+1","Havoc+1","Warcry+1","Parasite","Disarm","Havoc+1","Sadistic Nature+1","Mayhem+1","Pommel Strike+1","Shrug It Off","Ghostly Armor+1"],"special_seed":0,"relics":["Burning Blood","Bloody Idol","Oddly Smooth Stone","Gremlin Horn","Frozen Egg 2","Lantern","Coffee Dripper","Red Mask","StoneCalendar","Pen Nib","Bag of Preparation","Kunai","Juzu Bracelet","Philosopher\u0027s Stone","Singing Bowl","Whetstone","Bottled Flame","Incense Burner","Red Skull","Vajra"],"potions_floor_usage":[12,14,21,21,24,30,30,45,45,54],"damage_taken":[{"damage":0.0,"enemies":"2 Louse","floor":1.0,"turns":4.0},{"damage":0,"enemies":"Small Slimes","floor":2,"turns":3},{"damage":3,"enemies":"Jaw Worm","floor":5,"turns":5},{"damage":24,"enemies":"Gremlin Nob","floor":7,"turns":5},{"damage":1,"enemies":"3 Louse","floor":8,"turns":5},{"damage":0,"enemies":"2 Fungi Beasts","floor":10,"turns":2},{"damage":4,"enemies":"Large Slime","floor":11,"turns":6},{"damage":21,"enemies":"3 Sentries","floor":12,"turns":6},{"damage":6,"enemies":"Gremlin Nob","floor":14,"turns":3},{"damage":0,"enemies":"Slime Boss","floor":16,"turns":7},{"damage":12,"enemies":"Shell Parasite","floor":18,"turns":4},{"damage":14,"enemies":"2 Thieves","floor":20,"turns":3},{"damage":6,"enemies":"Masked Bandits","floor":21,"turns":3},{"damage":0,"enemies":"Snake Plant","floor":22,"turns":2},{"damage":0,"enemies":"Slavers","floor":24,"turns":2},{"damage":8,"enemies":"Shelled Parasite and Fungi","floor":28,"turns":5},{"damage":13,"enemies":"3 Cultists","floor":29,"turns":5},{"damage":1,"enemies":"Book of Stabbing","floor":30,"turns":4},{"damage":0,"enemies":"Snake Plant","floor":31,"turns":2},{"damage":40,"enemies":"Collector","floor":33,"turns":6},{"damage":0,"enemies":"3 Shapes","floor":35,"turns":2},{"damage":2,"enemies":"3 Darklings","floor":36,"turns":3},{"damage":6,"enemies":"Jaw Worm Horde","floor":38,"turns":4},{"damage":10,"enemies":"Writhing Mass","floor":39,"turns":4},{"damage":0,"enemies":"Giant Head","floor":40,"turns":5},{"damage":4,"enemies":"Reptomancer","floor":45,"turns":3},{"damage":8,"enemies":"Nemesis","floor":48,"turns":5},{"damage":32,"enemies":"Donu and Deca","floor":50,"turns":5},{"damage":26,"enemies":"Shield and Spear","floor":54,"turns":4},{"damage":67,"enemies":"The Heart","floor":55,"turns":5}],"seed_played":"-7308452940864116812","potions_obtained":[{"floor":1,"key":"FearPotion"},{"floor":7,"key":"LiquidBronze"},{"floor":10,"key":"Strength Potion"},{"floor":11,"key":"Ancient Potion"},{"floor":12,"key":"AttackPotion"},{"floor":16,"key":"SteroidPotion"},{"floor":20,"key":"SpeedPotion"},{"floor":21,"key":"AttackPotion"},{"floor":24,"key":"EssenceOfSteel"},{"floor":28,"key":"Strength Potion"},{"floor":29,"key":"GamblersBrew"},{"floor":38,"key":"AttackPotion"},{"floor":39,"key":"Block Potion"}],"is_trial":false,"path_per_floor":["M","M","?","?","M","R","E","M","T","M","M","E","R","E","R","B",null,"M","?","M","?","M","R","E","$","T","R","M","M","E","M","R","B",null,"M","M","$","M","M","E","?","?","T","R","E","$","R","E","R","B",null,"R","$","E","B"],"character_chosen":"IRONCLAD","items_purchased":["Panache+1","Pen Nib","Bag of Preparation","Singing Bowl","Incense Burner","Swift Potion"],"campfire_rested":0,"item_purchase_floors":[25,25,25,37,46,53],"current_hp_per_floor":[78,80,73,53,56,56,38,43,43,49,51,36,36,36,36,42,71,65,65,67,72,80,80,80,80,80,80,80,78,80,80,80,51,73,80,80,80,82,82,82,77,82,82,82,82,82,82,82,82,56,76,76,76,61,0],"gold":75,"neow_bonus":"REMOVE_CARD","is_prod":false,"is_daily":false,"chose_seed":false,"campfire_upgraded":9,"win_rate":0,"timestamp":1555342120,"path_taken":["M","M","?","?","M","R","E","M","T","M","M","E","R","E","R","BOSS","M","?","M","?","M","R","E","$","T","R","M","M","E","M","R","BOSS","M","M","$","M","M","E","?","?","T","R","E","?","R","E","R","BOSS","R","$","E","BOSS"],"build_version":"2019-01-23","purchased_purges":1,"victory":false,"max_hp_per_floor":[80,80,80,80,80,80,80,80,80,80,80,80,80,80,80,80,80,80,80,80,80,80,80,80,80,80,80,80,80,80,80,80,80,80,80,80,80,82,82,82,82,82,82,82,82,82,82,82,82,82,82,82,82,82,82],"card_choices":[{"not_picked":["Burning Pact","Twin Strike"],"picked":"Perfected Strike","floor":1},{"not_picked":["Flex","True Grit"],"picked":"Shockwave","floor":2},{"not_picked":["Bloodletting","Rage"],"picked":"Uppercut","floor":5},{"not_picked":["Havoc","Evolve"],"picked":"Pommel Strike","floor":7},{"not_picked":["Rupture","Feed"],"picked":"Perfected Strike","floor":8},{"not_picked":["Clash","Seeing Red"],"picked":"Shrug It Off","floor":10},{"not_picked":["Twin Strike","Entrench"],"picked":"Perfected Strike","floor":11},{"not_picked":["Fiend Fire","Flex"],"picked":"Havoc","floor":12},{"not_picked":["Clash","Body Slam","Anger"],"picked":"SKIP","floor":14},{"not_picked":["Dark Embrace+1","Double Tap"],"picked":"Juggernaut+1","floor":16},{"not_picked":["Havoc","Headbutt"],"picked":"Twin Strike","floor":18},{"not_picked":["Warcry","Armaments"],"picked":"Wild Strike","floor":20},{"not_picked":["Fire Breathing+1","Burning Pact+1"],"picked":"Demon Form+1","floor":21},{"not_picked":["Clothesline+1","Rage","Iron Wave"],"picked":"SKIP","floor":22},{"not_picked":["Rage","Cleave"],"picked":"Feel No Pain+1","floor":24},{"not_picked":["Disarm+1","Clothesline+1"],"picked":"Pommel Strike","floor":28},{"not_picked":["Thunderclap","Cleave"],"picked":"Disarm","floor":29},{"not_picked":["Warcry+1","Wild Strike"],"picked":"Battle Trance","floor":30},{"not_picked":["Warcry","True Grit"],"picked":"Double Tap","floor":31},{"not_picked":["Entrench","Warcry"],"picked":"Havoc+1","floor":35},{"not_picked":["Anger+1","Cleave"],"picked":"Warcry","floor":36},{"not_picked":["Headbutt","Seeing Red","Corruption+1"],"picked":"Singing Bowl","floor":38},{"not_picked":["Sever Soul+1","Headbutt"],"picked":"Disarm","floor":39},{"not_picked":["Headbutt+1","Shockwave"],"picked":"Havoc+1","floor":40},{"not_picked":["Forethought","PanicButton"],"picked":"Sadistic Nature+1","floor":41},{"not_picked":["Jack Of All Trades","Dramatic Entrance"],"picked":"Mayhem+1","floor":41},{"not_picked":["Dual Wield+1","Pommel Strike+1","Clothesline"],"picked":"SKIP","floor":45},{"not_picked":["Dual Wield+1","Clothesline"],"picked":"Pommel Strike+1","floor":45},{"not_picked":["Intimidate","Sword Boomerang+1"],"picked":"Shrug It Off","floor":48},{"not_picked":["Searing Blow","Clothesline+1"],"picked":"Ghostly Armor+1","floor":54}],"player_experience":311869,"relics_obtained":[{"floor":7,"key":"Oddly Smooth Stone"},{"floor":9,"key":"Gremlin Horn"},{"floor":12,"key":"Frozen Egg 2"},{"floor":14,"key":"Lantern"},{"floor":21,"key":"Red Mask"},{"floor":24,"key":"StoneCalendar"},{"floor":26,"key":"Kunai"},{"floor":30,"key":"Juzu Bracelet"},{"floor":40,"key":"Whetstone"},{"floor":45,"key":"Bottled Flame"},{"floor":48,"key":"Red Skull"},{"floor":54,"key":"Vajra"}],"event_choices":[{"cards_removed":["Strike_R"],"damage_healed":0,"gold_gain":0,"player_choice":"Card Removal","damage_taken":7,"max_hp_gain":0,"max_hp_loss":0,"event_name":"Golden Wing","floor":3,"gold_loss":0},{"damage_healed":0,"gold_gain":0,"player_choice":"Take Damage","damage_taken":20,"relics_obtained":["Golden Idol"],"max_hp_gain":0,"max_hp_loss":0,"event_name":"Golden Idol","floor":4,"gold_loss":0},{"damage_healed":0,"gold_gain":0,"player_choice":"Gave Idol","damage_taken":0,"relics_obtained":["Bloody Idol"],"max_hp_gain":0,"max_hp_loss":0,"event_name":"Forgotten Altar","floor":19,"relics_lost":["Golden Idol"],"gold_loss":0},{"damage_healed":0,"gold_gain":0,"player_choice":"Fought Bandits","damage_taken":0,"max_hp_gain":0,"max_hp_loss":0,"event_name":"Masked Bandits","floor":21,"gold_loss":0},{"damage_healed":0,"gold_gain":0,"player_choice":"Memory 2","damage_taken":5,"max_hp_gain":0,"max_hp_loss":0,"event_name":"SensoryStone","floor":41,"gold_loss":0},{"damage_healed":0,"gold_gain":222,"player_choice":"Wore Mask","damage_taken":0,"max_hp_gain":0,"max_hp_loss":0,"event_name":"Tomb of Lord Red Mask","floor":42,"gold_loss":0}],"is_beta":false,"boss_relics":[{"not_picked":["Astrolabe","Cursed Key"],"picked":"Coffee Dripper"},{"not_picked":["Runic Pyramid","Tiny House"],"picked":"Philosopher\u0027s Stone"}],"items_purged_floors":[37],"is_endless":false,"potions_floor_spawned":[1,7,10,11,12,16,20,21,24,28,29,38,39],"killed_by":"The Heart","ascension_level":7}