{"gold_per_floor":[113,128,128,140,152,164,214,226,264,276,321,283,315,327,339,470,482,508,520,447,473,485,497,525,537,549,580,592,604,616],"floor_reached":30,"playtime":1409,"items_purged":[],"score":414,"play_id":"f2baa88a-6c0f-4c4d-88de-903dfdf77247","local_time":"20181229121704","is_ascension_mode":true,"campfire_choices":[{"data":"Consume","floor":6.0,"key":"SMITH"},{"data":"Zap","floor":8.0,"key":"SMITH"},{"floor":15,"key":"REST"},{"data":"RitualDagger","floor":23,"key":"SMITH"},{"floor":25,"key":"REST"}],"neow_cost":"NONE","seed_source_timestamp":361400168711398,"circlet_count":0,"master_deck":["AscendersBane","Strike_B+1","Strike_B+1","Defend_B","Defend_B","Defend_B","Zap+1","Dualcast","Consume+1","Cold Snap","Beam Cell","Coolheaded","Reinforced Body","Machine Learning","Electrodynamics","Melter","Doom and Gloom","FTL","Conserve Battery","Cold Snap","RitualDagger+1","Rebound","Capacitor"],"special_seed":0,"relics":["Cracked Core","NeowsBlessing","MawBank","Golden Idol","Whetstone","Juzu Bracelet","Dodecahedron","Orrery","Oddly Smooth Stone","Thread and Needle"],"potions_floor_usage":[16,21,29],"damage_taken":[{"damage":0.0,"enemies":"2 Louse","floor":1.0,"turns":1.0},{"damage":0.0,"enemies":"Small Slimes","floor":2.0,"turns":1.0},{"damage":0.0,"enemies":"Lagavulin","floor":7.0,"turns":1.0},{"damage":16,"enemies":"3 Sentries","floor":11,"turns":8},{"damage":0,"enemies":"Cultist","floor":13,"turns":4},{"damage":9,"enemies":"Slime Boss","floor":16,"turns":12},{"damage":8,"enemies":"Shell Parasite","floor":18,"turns":5},{"damage":0,"enemies":"3 Byrds","floor":21,"turns":4},{"damage":43,"enemies":"Shelled Parasite and Fungi","floor":24,"turns":8},{"damage":10,"enemies":"Snecko","floor":27,"turns":5},{"damage":9,"enemies":"Colosseum Slavers","floor":29,"turns":4},{"damage":12,"enemies":"Cultist and Chosen","floor":30,"turns":2}],"seed_played":"-4363399245362374108","potions_obtained":[{"floor":2.0,"key":"SteroidPotion"},{"floor":10.0,"key":"AttackPotion"},{"floor":10.0,"key":"Fire Potion"},{"floor":13,"key":"LiquidBronze"},{"floor":16,"key":"Ancient Potion"},{"floor":24,"key":"EssenceOfSteel"}],"is_trial":false,"path_per_floor":["M","M","?","?","$","R","E","R","T","?","E","?","M","?","R","B",null,"M","?","?","M","?","R","M","R","T","M","?","?","M"],"character_chosen":"DEFECT","items_purchased":[],"campfire_rested":2,"item_purchase_floors":[],"current_hp_per_floor":[68,68,65,65,65,65,65,65,65,65,49,49,49,49,69,60,67,59,59,59,59,53,53,10,30,30,20,20,11,0],"gold":616,"neow_bonus":"THREE_ENEMY_KILL","is_prod":false,"is_daily":false,"chose_seed":false,"campfire_upgraded":3,"win_rate":0,"timestamp":1546103824,"path_taken":["M","M","?","?","$","R","E","R","T","?","E","?","M","?","R","BOSS","M","?","?","M","?","R","M","R","T","M","?","?","M"],"build_version":"2018-12-20","purchased_purges":0,"victory":false,"max_hp_per_floor":[75,75,75,69,69,69,69,69,69,69,69,69,69,69,69,69,69,69,69,69,69,69,69,69,69,69,69,69,69,69],"card_choices":[{"not_picked":["Ball Lightning","Chaos"],"picked":"Consume","floor":1.0},{"not_picked":["Streamline","Reprogram"],"picked":"Cold Snap","floor":2.0},{"not_picked":["Storm","Gash"],"picked":"Beam Cell","floor":7.0},{"not_picked":["Ball Lightning","Leap"],"picked":"Coolheaded","floor":11},{"not_picked":["Rebound","Hologram"],"picked":"Reinforced Body","floor":13},{"not_picked":["Amplify","Hyperbeam"],"picked":"Electrodynamics","floor":16},{"not_picked":["Steam","Beam Cell"],"picked":"Melter","floor":17},{"not_picked":["Lockon","Conserve Battery"],"picked":"Doom and Gloom","floor":17},{"not_picked":["Gash","Streamline"],"picked":"FTL","floor":17},{"not_picked":["Streamline","Heatsinks"],"picked":"Conserve Battery","floor":17},{"not_picked":["Rip and Tear","Self Repair"],"picked":"Cold Snap","floor":17},{"not_picked":["Reinforced Body","Sweeping Beam","Hologram"],"picked":"SKIP","floor":18},{"not_picked":["Go for the Eyes","Consume","Blizzard"],"picked":"SKIP","floor":21},{"not_picked":["Hello World","Static Discharge"],"picked":"Rebound","floor":24},{"not_picked":["Turbo","Sweeping Beam+1"],"picked":"Capacitor","floor":27}],"player_experience":450088,"relics_obtained":[{"floor":7.0,"key":"Whetstone"},{"floor":9.0,"key":"Juzu Bracelet"},{"floor":11,"key":"Dodecahedron"},{"floor":26,"key":"Thread and Needle"}],"event_choices":[{"damage_healed":0.0,"max_hp_gain":0.0,"max_hp_loss":0.0,"gold_gain":0.0,"event_name":"Scrap Ooze","player_choice":"Success","floor":3.0,"gold_loss":0.0,"damage_taken":3.0,"relics_obtained":["MawBank"]},{"damage_healed":0.0,"max_hp_gain":0.0,"max_hp_loss":6.0,"gold_gain":0.0,"event_name":"Golden Idol","player_choice":"Lose Max HP","floor":4.0,"gold_loss":0.0,"damage_taken":0.0,"relics_obtained":["Golden Idol"]},{"damage_healed":0.0,"max_hp_gain":0.0,"max_hp_loss":0.0,"gold_gain":0.0,"event_name":"Lab","player_choice":"Got Potions","floor":10.0,"gold_loss":0.0,"damage_taken":0.0},{"cards_removed":["Strike_B"],"damage_healed":0,"gold_gain":0,"player_choice":"Card Removal","damage_taken":0,"max_hp_gain":0,"max_hp_loss":0,"event_name":"The Cleric","floor":12,"gold_loss":50},{"damage_healed":0,"gold_gain":0,"cards_transformed":["Strike_B"],"player_choice":"Change","damage_taken":0,"max_hp_gain":0,"max_hp_loss":0,"event_name":"Living Wall","floor":14,"gold_loss":0,"cards_obtained":["Machine Learning"]},{"cards_removed":["Defend_B"],"damage_healed":0,"gold_gain":0,"player_choice":"Offered Basic","damage_taken":0,"max_hp_gain":0,"max_hp_loss":0,"event_name":"Bonfire Elementals","floor":19,"gold_loss":0},{"damage_healed":0,"gold_gain":0,"player_choice":"Obtained Relic","damage_taken":0,"relics_obtained":["Oddly Smooth Stone"],"max_hp_gain":0,"max_hp_loss":0,"event_name":"Addict","floor":20,"gold_loss":85},{"damage_healed":0,"gold_gain":0,"player_choice":"Joined the Cult","damage_taken":6,"max_hp_gain":0,"max_hp_loss":0,"event_name":"Nest","floor":22,"gold_loss":0,"cards_obtained":["RitualDagger"]},{"damage_healed":0,"gold_gain":0,"player_choice":"Ignored","damage_taken":0,"max_hp_gain":0,"max_hp_loss":0,"event_name":"Cursed Tome","floor":28,"gold_loss":0},{"damage_healed":0,"gold_gain":0,"player_choice":"Fight","damage_taken":0,"max_hp_gain":0,"max_hp_loss":0,"event_name":"Colosseum","floor":29,"gold_loss":0},{"damage_healed":0,"gold_gain":0,"player_choice":"Fled From Nobs","damage_taken":0,"max_hp_gain":0,"max_hp_loss":0,"event_name":"Colosseum","floor":29,"gold_loss":0}],"is_beta":false,"boss_relics":[{"not_picked":["Cursed Key","Nuclear Battery"],"picked":"Orrery"}],"items_purged_floors":[],"is_endless":false,"potions_floor_spawned":[2,13,16,24,29],"killed_by":"Cultist and Chosen","ascension_level":12}