{"gold_per_floor":[111,125,142,155,155,155,180,180,205,205,239,164,164,183,183,259,259,278,278,9,9,9,38,50,50],"floor_reached":25,"playtime":1017,"items_purged":["Strike_B"],"score":447,"play_id":"05036183-57bd-4860-b2f7-62da8e3b8c71","local_time":"20190209021818","is_ascension_mode":true,"campfire_choices":[{"floor":6.0,"key":"REST"},{"data":"Genetic Algorithm","floor":8.0,"key":"SMITH"},{"data":"Lockon","floor":10.0,"key":"SMITH"},{"floor":15.0,"key":"REST"}],"neow_cost":"NONE","seed_source_timestamp":1471235386267553,"circlet_count":0,"master_deck":["AscendersBane","Strike_B","Defend_B","Defend_B","Defend_B","Defend_B","Zap","Dualcast","Lockon+1","Doom and Gloom","Rainbow+1","Defragment+1","Genetic Algorithm+1","Buffer","Undo","Coolheaded","Coolheaded","Turbo"],"special_seed":0,"relics":["Eternal Feather","Smiling Mask","Regal Pillow","DataDisk","Cursed Key","PreservedInsect","Dream Catcher"],"potions_floor_usage":[25],"damage_taken":[{"damage":9.0,"enemies":"Jaw Worm","floor":1.0,"turns":5.0},{"damage":5.0,"enemies":"Small Slimes","floor":2.0,"turns":3.0},{"damage":1.0,"enemies":"Cultist","floor":3.0,"turns":3.0},{"damage":6.0,"enemies":"2 Fungi Beasts","floor":4.0,"turns":2.0},{"damage":15.0,"enemies":"Lagavulin","floor":7.0,"turns":7.0},{"damage":35.0,"enemies":"Gremlin Nob","floor":11.0,"turns":4.0},{"damage":7.0,"enemies":"Looter","floor":14.0,"turns":5.0},{"damage":28.0,"enemies":"Hexaghost","floor":16.0,"turns":8.0},{"damage":6.0,"enemies":"Spheric Guardian","floor":18.0,"turns":5.0},{"damage":10.0,"enemies":"Book of Stabbing","floor":23.0,"turns":5.0},{"damage":16.0,"enemies":"Shell Parasite","floor":24.0,"turns":5.0},{"damage":31,"enemies":"Slavers","floor":25,"turns":2}],"seed_played":"-7262097058575000497","potions_obtained":[{"floor":1.0,"key":"Weak Potion"},{"floor":3.0,"key":"Energy Potion"},{"floor":24.0,"key":"SpeedPotion"}],"is_trial":false,"path_per_floor":["M","M","M","M","?","R","E","R","T","R","E","?","?","M","R","B",null,"M","?","$","?","?","E","M","E"],"character_chosen":"DEFECT","items_purchased":["PreservedInsect","Coolheaded"],"campfire_rested":2,"item_purchase_floors":[20,20],"current_hp_per_floor":[55,50,49,43,22,52,37,46,46,55,20,20,20,13,58,30,61,55,55,55,55,55,45,29,0],"gold":50,"neow_bonus":"BOSS_RELIC","is_prod":false,"is_daily":false,"chose_seed":false,"campfire_upgraded":2,"win_rate":0,"timestamp":1549696698,"path_taken":["M","M","M","M","?","R","E","R","T","R","E","?","?","M","R","BOSS","M","?","?","?","?","E","M","E"],"build_version":"2019-01-23","purchased_purges":1,"victory":false,"max_hp_per_floor":[71,71,71,71,71,71,71,71,71,71,71,71,71,71,71,71,71,71,71,71,71,71,71,71,71],"card_choices":[{"not_picked":["Redo","Steam"],"picked":"Lockon","floor":1.0},{"not_picked":["Barrage","Melter"],"picked":"Doom and Gloom","floor":2.0},{"not_picked":["Steam","Streamline"],"picked":"Rainbow","floor":3.0},{"not_picked":["Go for the Eyes","Barrage"],"picked":"Defragment","floor":4.0},{"not_picked":["Steam","Gash"],"picked":"Genetic Algorithm","floor":7.0},{"not_picked":["Rainbow","Stack","Streamline"],"picked":"SKIP","floor":11.0},{"not_picked":["Barrage","Blizzard","Hello World"],"picked":"SKIP","floor":14.0},{"not_picked":["Thunder Strike","Biased Cognition"],"picked":"Buffer","floor":16.0},{"not_picked":["Sweeping Beam","Redo"],"picked":"Undo","floor":18.0},{"not_picked":["Double Energy+1","Cold Snap"],"picked":"Coolheaded","floor":23.0},{"not_picked":["Ball Lightning","Skim"],"picked":"Turbo","floor":24.0}],"player_experience":638162,"relics_obtained":[{"floor":7.0,"key":"Smiling Mask"},{"floor":9.0,"key":"Regal Pillow"},{"floor":11.0,"key":"DataDisk"},{"floor":23.0,"key":"Dream Catcher"}],"event_choices":[{"damage_healed":0.0,"max_hp_gain":0.0,"max_hp_loss":0.0,"gold_gain":0.0,"event_name":"Shining Light","player_choice":"Entered Light","floor":5.0,"gold_loss":0.0,"damage_taken":21.0,"cards_upgraded":["Rainbow","Defragment"]},{"cards_removed":["Strike_B"],"damage_healed":0.0,"max_hp_gain":0.0,"max_hp_loss":0.0,"gold_gain":0.0,"event_name":"The Cleric","player_choice":"Card Removal","floor":12.0,"gold_loss":75.0,"damage_taken":0.0},{"damage_healed":0.0,"max_hp_gain":0.0,"max_hp_loss":0.0,"gold_gain":0.0,"event_name":"Liars Game","player_choice":"Ignored","floor":13.0,"gold_loss":0.0,"damage_taken":0.0},{"cards_removed":["Strike_B"],"damage_healed":0.0,"max_hp_gain":0.0,"max_hp_loss":0.0,"gold_gain":0.0,"event_name":"Purifier","player_choice":"Purged","floor":19.0,"gold_loss":0.0,"damage_taken":0.0},{"damage_healed":0.0,"max_hp_gain":0.0,"max_hp_loss":0.0,"gold_gain":0.0,"event_name":"Beggar","player_choice":"Ignored","floor":21.0,"gold_loss":0.0,"damage_taken":0.0},{"damage_healed":0.0,"max_hp_gain":0.0,"max_hp_loss":0.0,"gold_gain":0.0,"event_name":"The Mausoleum","player_choice":"Ignored","floor":22.0,"gold_loss":0.0,"damage_taken":0.0}],"is_beta":false,"boss_relics":[{"not_picked":["Philosopher\u0027s Stone","Orrery"],"picked":"Cursed Key"}],"items_purged_floors":[20],"is_endless":false,"potions_floor_spawned":[1,3,4,7,24],"killed_by":"Slavers","ascension_level":19}