{"gold_per_floor":[114,126,144,161,86,86,113,113,183,183,183,199,42,57,57,57],"floor_reached":16,"playtime":968,"items_purged":["Defend_G","Parasite"],"score":189,"play_id":"fef33876-2029-4a6e-a9c3-75387801bf51","local_time":"20190126222520","is_ascension_mode":true,"campfire_choices":[{"data":"Endless Agony","floor":6.0,"key":"SMITH"},{"data":"All Out Attack","floor":11,"key":"SMITH"},{"data":"Deadly Poison","floor":15,"key":"SMITH"}],"neow_cost":"TEN_PERCENT_HP_LOSS","seed_source_timestamp":334279915676856,"circlet_count":0,"master_deck":["AscendersBane","Defend_G","Defend_G","Defend_G","Defend_G","Strike_G","Strike_G","Strike_G+1","Survivor","Neutralize","Reflex","Endless Agony+1","Catalyst","Flying Knee","Cloak And Dagger+1","Bane","All Out Attack+1","Deadly Poison+1","Backflip","All Out Attack"],"special_seed":0,"relics":["Ring of the Snake","Prayer Wheel","Sundial"],"potions_floor_usage":[],"damage_taken":[{"damage":0.0,"enemies":"2 Louse","floor":1.0,"turns":5.0},{"damage":0.0,"enemies":"Jaw Worm","floor":2.0,"turns":4.0},{"damage":0.0,"enemies":"Small Slimes","floor":3.0,"turns":3.0},{"damage":19.0,"enemies":"Exordium Thugs","floor":4.0,"turns":7.0},{"damage":8.0,"enemies":"3 Sentries","floor":7.0,"turns":7.0},{"damage":0,"enemies":"Exordium Wildlife","floor":12,"turns":3},{"damage":4,"enemies":"Red Slaver","floor":14,"turns":3},{"damage":27,"enemies":"The Guardian","floor":16,"turns":9}],"seed_played":"3373602763097268319","potions_obtained":[{"floor":1.0,"key":"Strength Potion"},{"floor":2.0,"key":"PowerPotion"},{"floor":3.0,"key":"PowerPotion"},{"floor":4.0,"key":"AttackPotion"}],"is_trial":false,"path_per_floor":["M","M","M","M","$","R","E","?","T","?","R","M","$","M","R","B"],"character_chosen":"THE_SILENT","items_purchased":["Backflip"],"campfire_rested":0,"item_purchase_floors":[13],"current_hp_per_floor":[59,59,59,40,40,40,32,47,47,29,29,29,29,25,25,0],"gold":57,"neow_bonus":"TRANSFORM_TWO_CARDS","is_prod":false,"is_daily":false,"chose_seed":false,"campfire_upgraded":3,"win_rate":0,"timestamp":1548559520,"path_taken":["M","M","M","M","$","R","E","?","T","?","R","M","?","M","R","BOSS"],"build_version":"2019-01-23","purchased_purges":2,"victory":false,"max_hp_per_floor":[60,60,60,60,60,60,60,60,60,60,60,60,57,57,57,57],"card_choices":[{"not_picked":["Outmaneuver","Prepared"],"picked":"Catalyst","floor":1.0},{"not_picked":["Eviscerate","Underhanded Strike"],"picked":"Flying Knee","floor":2.0},{"not_picked":["Calculated Gamble","Flying Knee"],"picked":"Cloak And Dagger","floor":3.0},{"not_picked":["Dagger Throw","Acrobatics"],"picked":"Bane","floor":4.0},{"not_picked":["Underhanded Strike","Heel Hook"],"picked":"All Out Attack","floor":7.0},{"not_picked":["Dodge and Roll","Dagger Spray"],"picked":"Deadly Poison","floor":12},{"not_picked":["Masterful Stab","Phantasmal Killer","Acrobatics"],"picked":"SKIP","floor":12},{"not_picked":["Prepared","Accuracy"],"picked":"All Out Attack","floor":14},{"not_picked":["Prepared","Underhanded Strike","Quick Slash"],"picked":"SKIP","floor":14}],"player_experience":576292,"relics_obtained":[{"floor":7.0,"key":"Prayer Wheel"},{"floor":9,"key":"Sundial"}],"event_choices":[{"damage_healed":15,"gold_gain":0,"player_choice":"Healed and dodged fight","damage_taken":0,"max_hp_gain":0,"max_hp_loss":0,"event_name":"Mushrooms","floor":8,"gold_loss":0,"cards_obtained":["Parasite"]},{"damage_healed":0,"gold_gain":0,"player_choice":"Entered Light","damage_taken":18,"max_hp_gain":0,"max_hp_loss":0,"event_name":"Shining Light","floor":10,"gold_loss":0,"cards_upgraded":["Cloak And Dagger","Strike_G"]}],"is_beta":false,"boss_relics":[],"items_purged_floors":[5,13],"is_endless":false,"potions_floor_spawned":[1,2,3,4],"killed_by":"The Guardian","ascension_level":17}