{"gold_per_floor":[111,128,139,89,89,89,124,124,151,177,177,190,219,230,230,333,333,344,344,357,371,382,382,415,415,415,450,470,485,485,512,512,611,611,626,726,726,738,749,749,779,795,850,883,883,909,925,959,959,959],"floor_reached":51,"playtime":2411,"items_purged":[],"score":1276,"play_id":"ed3229b3-d11d-4ba3-98da-d5bc82ef45a2","local_time":"20180928194053","is_ascension_mode":true,"campfire_choices":[{"data":"Bash","floor":6.0,"key":"SMITH"},{"floor":8.0,"key":"REST"},{"floor":15.0,"key":"REST"},{"floor":23.0,"key":"REST"},{"data":"Heavy Blade","floor":30.0,"key":"SMITH"},{"data":"Heavy Blade","floor":32.0,"key":"SMITH"},{"floor":40,"key":"REST"},{"floor":45,"key":"REST"},{"floor":49,"key":"REST"}],"neow_cost":"PERCENT_DAMAGE","seed_source_timestamp":53795317136659,"circlet_count":0,"master_deck":["Strike_R","Strike_R","Strike_R","Strike_R","Strike_R","Defend_R","Defend_R","Defend_R","Defend_R","Bash+1","Offering","Blood for Blood","Shrug It Off+1","Brutality","Cleave+1","Spot Weakness","Heavy Blade+1","Shrug It Off","Reaper","Heavy Blade","Necronomicurse","Hemokinesis+1","Heavy Blade+1","Inflame+1","Armaments+1","J.A.X.","Offering","Flex+1","Clothesline","Heavy Blade+1","Limit Break","Battle Trance+1","Mind Blast","Impatience","Discovery","Disarm+1","Sword Boomerang+1","Pommel Strike+1","Heavy Blade+1","Clothesline+1","Headbutt","Flex+1","Rage"],"special_seed":0,"relics":["Black Blood","Regal Pillow","PreservedInsect","Dodecahedron","Meat on the Bone","Necronomicon","Strawberry","Kunai","Blood Vial","Gremlin Horn","Fusion Hammer","Self Forming Clay","Tiny Chest","Shuriken","Gambling Chip","Pocketwatch"],"potions_floor_usage":[33,33,38,46,50,50],"damage_taken":[{"damage":7.0,"enemies":"Jaw Worm","floor":1.0,"turns":4.0},{"damage":0.0,"enemies":"Small Slimes","floor":2.0,"turns":3.0},{"damage":2.0,"enemies":"2 Louse","floor":3.0,"turns":3.0},{"damage":46.0,"enemies":"Lagavulin","floor":7.0,"turns":6.0},{"damage":17.0,"enemies":"Gremlin Nob","floor":10.0,"turns":3.0},{"damage":11.0,"enemies":"Exordium Thugs","floor":12.0,"turns":4.0},{"damage":13.0,"enemies":"3 Sentries","floor":13.0,"turns":3.0},{"damage":16.0,"enemies":"Lots of Slimes","floor":14.0,"turns":2.0},{"damage":15.0,"enemies":"Slime Boss","floor":16.0,"turns":6.0},{"damage":39.0,"enemies":"2 Thieves","floor":18.0,"turns":3.0},{"damage":40.0,"enemies":"Shell Parasite","floor":20.0,"turns":5.0},{"damage":48.0,"enemies":"Snake Plant","floor":21.0,"turns":3.0},{"damage":34.0,"enemies":"Cultist and Chosen","floor":22.0,"turns":8.0},{"damage":35.0,"enemies":"Book of Stabbing","floor":24.0,"turns":3.0},{"damage":66.0,"enemies":"Gremlin Leader","floor":27.0,"turns":4.0},{"damage":22.0,"enemies":"Centurion and Healer","floor":28.0,"turns":4.0},{"damage":6.0,"enemies":"Sentry and Sphere","floor":29.0,"turns":3.0},{"damage":26.0,"enemies":"Slavers","floor":31.0,"turns":4.0},{"damage":31,"enemies":"Champ","floor":33,"turns":4},{"damage":41,"enemies":"3 Darklings","floor":35,"turns":4},{"damage":18,"enemies":"3 Shapes","floor":38,"turns":2},{"damage":55,"enemies":"Reptomancer","floor":39,"turns":3},{"damage":5,"enemies":"Nemesis","floor":41,"turns":3},{"damage":5,"enemies":"3 Darklings","floor":42,"turns":2},{"damage":20,"enemies":"2 Orb Walkers","floor":44,"turns":2},{"damage":52,"enemies":"Nemesis","floor":46,"turns":5},{"damage":6,"enemies":"Sphere and 2 Shapes","floor":47,"turns":2},{"damage":16,"enemies":"2 Orb Walkers","floor":48,"turns":2},{"damage":31,"enemies":"Time Eater","floor":50,"turns":4}],"seed_played":"-15861176830081822","potions_obtained":[{"floor":2.0,"key":"FearPotion"},{"floor":3.0,"key":"Weak Potion"},{"floor":10.0,"key":"Explosive Potion"},{"floor":22.0,"key":"FearPotion"},{"floor":24.0,"key":"FairyPotion"},{"floor":27.0,"key":"SpeedPotion"},{"floor":28.0,"key":"Strength Potion"},{"floor":33,"key":"Block Potion"},{"floor":35,"key":"Strength Potion"},{"floor":41,"key":"Swift Potion"},{"floor":46,"key":"AttackPotion"},{"floor":47,"key":"Weak Potion"}],"is_trial":false,"path_per_floor":["M","M","M","?","?","R","E","R","T","E","?","M","E","M","R","B",null,"M","?","M","M","M","R","E","?","T","E","M","M","R","E","R","B",null,"M","?","?","M","M","R","E","M","T","E","R","E","M","E","R","B"],"character_chosen":"IRONCLAD","items_purchased":[],"campfire_rested":6,"item_purchase_floors":[],"current_hp_per_floor":[50,56,60,60,65,65,25,65,65,54,37,32,25,27,67,58,78,66,50,52,43,39,79,61,61,61,41,67,73,73,92,92,71,87,92,92,82,79,63,95,95,95,95,85,95,61,67,63,95,74],"gold":959,"neow_bonus":"THREE_RARE_CARDS","is_prod":false,"is_daily":false,"chose_seed":false,"campfire_upgraded":3,"win_rate":0,"timestamp":1538178053,"path_taken":["M","M","M","?","?","R","E","R","T","E","?","?","E","M","R","BOSS","M","?","M","M","M","R","E","?","T","E","M","M","R","E","R","BOSS","M","?","?","M","M","R","E","M","T","E","R","E","M","E","R","BOSS"],"build_version":"2018-09-27","purchased_purges":0,"victory":true,"max_hp_per_floor":[80,80,80,80,85,85,85,85,85,85,85,85,85,85,85,85,85,85,85,85,85,85,85,92,92,92,92,92,92,92,92,92,92,92,92,92,92,95,95,95,95,95,95,95,95,95,95,95,95,95],"card_choices":[{"not_picked":["Barricade","Reaper"],"picked":"Offering","floor":0.0},{"not_picked":["True Grit","Fire Breathing"],"picked":"Blood for Blood","floor":1.0},{"not_picked":["Burning Pact","Havoc","Pommel Strike"],"picked":"SKIP","floor":2.0},{"not_picked":["Burning Pact","Flex"],"picked":"Shrug It Off","floor":3.0},{"not_picked":["Disarm","Clash"],"picked":"Brutality","floor":7.0},{"not_picked":["Perfected Strike","Anger"],"picked":"Cleave","floor":10.0},{"not_picked":["Sword Boomerang","Second Wind"],"picked":"Spot Weakness","floor":12.0},{"not_picked":["Fiend Fire","Twin Strike"],"picked":"Heavy Blade","floor":13.0},{"not_picked":["Thunderclap","Cleave"],"picked":"Shrug It Off","floor":14.0},{"not_picked":["Juggernaut","Dark Embrace"],"picked":"Reaper","floor":16.0},{"not_picked":["Anger","Clothesline"],"picked":"Heavy Blade","floor":18.0},{"not_picked":["Body Slam","Evolve"],"picked":"Hemokinesis+1","floor":20.0},{"not_picked":["Body Slam","Ghostly Armor+1"],"picked":"Heavy Blade+1","floor":21.0},{"not_picked":["Perfected Strike","Cleave"],"picked":"Inflame+1","floor":22.0},{"not_picked":["Anger","Cleave"],"picked":"Armaments+1","floor":24.0},{"not_picked":["Burning Pact","Anger"],"picked":"Offering","floor":27.0},{"not_picked":["Wild Strike+1","Corruption+1"],"picked":"Flex+1","floor":28.0},{"not_picked":["Anger","Sentinel"],"picked":"Clothesline","floor":29.0},{"not_picked":["Clash","Twin Strike+1"],"picked":"Heavy Blade","floor":31.0},{"not_picked":["Fiend Fire","Immolate"],"picked":"Limit Break","floor":33},{"not_picked":["Thunderclap","Clash+1"],"picked":"Battle Trance+1","floor":35},{"not_picked":["Madness","HandOfGreed"],"picked":"Mind Blast","floor":37},{"not_picked":["Transmutation","PanicButton"],"picked":"Impatience","floor":37},{"not_picked":["Impatience","Purity"],"picked":"Discovery","floor":37},{"not_picked":["Flex","Metallicize+1"],"picked":"Disarm+1","floor":38},{"not_picked":["Disarm+1","Flex"],"picked":"Sword Boomerang+1","floor":39},{"not_picked":["Flame Barrier","Havoc"],"picked":"Pommel Strike+1","floor":41},{"not_picked":["Pummel","Bloodletting"],"picked":"Heavy Blade+1","floor":42},{"not_picked":["Flame Barrier+1","Barricade"],"picked":"Clothesline+1","floor":44},{"not_picked":["Body Slam","Searing Blow+1"],"picked":"Headbutt","floor":46},{"not_picked":["True Grit+1","Headbutt"],"picked":"Flex+1","floor":47},{"not_picked":["Evolve","Clash"],"picked":"Rage","floor":48}],"player_experience":296548,"relics_obtained":[{"floor":7.0,"key":"Regal Pillow"},{"floor":9.0,"key":"PreservedInsect"},{"floor":10.0,"key":"Dodecahedron"},{"floor":13.0,"key":"Meat on the Bone"},{"floor":19.0,"key":"Necronomicon"},{"floor":24.0,"key":"Strawberry"},{"floor":26.0,"key":"Kunai"},{"floor":27.0,"key":"Blood Vial"},{"floor":31.0,"key":"Gremlin Horn"},{"floor":41,"key":"Self Forming Clay"},{"floor":43,"key":"Tiny Chest"},{"floor":44,"key":"Shuriken"},{"floor":46,"key":"Gambling Chip"},{"floor":48,"key":"Pocketwatch"}],"event_choices":[{"event_name":"World of Goop","player_choice":"Left","floor":4.0,"damage_taken":0.0},{"event_name":"Big Fish","player_choice":"Donut","floor":5.0,"damage_taken":0.0},{"event_name":"Shining Light","player_choice":"Entered Light","floor":11.0,"damage_taken":0.0},{"event_name":"Cursed Tome","player_choice":"Obtained Book","floor":19.0,"damage_taken":0.0},{"event_name":"Drug Dealer","player_choice":"Got JAX","floor":25.0,"damage_taken":0.0},{"event_name":"Golden Shrine","player_choice":"Pray","floor":36,"damage_taken":0},{"event_name":"SensoryStone","player_choice":"Memory 3","floor":37,"damage_taken":0}],"is_beta":false,"boss_relics":[{"not_picked":["Lizard Tail","Busted Crown"],"picked":"Black Blood"},{"not_picked":["Runic Pyramid","Mark of Pain"],"picked":"Fusion Hammer"}],"items_purged_floors":[],"is_endless":false,"potions_floor_spawned":[2,3,10,22,24,27,28,33,35,41,46,47,48],"ascension_level":8}