{"gold_per_floor":[366,384,354,61,61,74,87,87,110,110,138,152,167,24,24,124,124,138,53,0,0,0,0,27,27,107,107,122,138,138],"floor_reached":30,"playtime":1038,"items_purged":[],"score":248,"play_id":"387028e7-e49e-433a-a150-5773fd8ce5b3","local_time":"20180807184938","is_ascension_mode":false,"campfire_choices":[{"floor":8,"key":"REST"},{"floor":10,"key":"REST"},{"floor":15,"key":"REST"},{"floor":23,"key":"REST"},{"floor":25,"key":"REST"}],"neow_cost":"FIFTY_PERCENT_DAMAGE","seed_source_timestamp":735851830118476,"circlet_count":0,"master_deck":["Strike_R","Strike_R","Strike_R","Strike_R","Strike_R","Defend_R","Defend_R","Defend_R","Defend_R","Bash","Cleave","Battle Trance","Perfected Strike","Pummel","Flex","Finesse","Havoc","Body Slam","Sword Boomerang","Iron Wave","Immolate","Seeing Red","Spot Weakness","Armaments","Headbutt","Demon Form","Rage","Seeing Red+1","Whirlwind","Spot Weakness"],"relics":["Burning Blood","Ancient Tea Set","Omamori","Red Skull","Black Star","Lantern","Boot","Pantograph","Shuriken","Darkstone Periapt"],"potions_floor_usage":[11,13,24,29],"damage_taken":[{"damage":9,"enemies":"Jaw Worm","floor":1,"turns":4},{"damage":3,"enemies":"Small Slimes","floor":2,"turns":3},{"damage":0,"enemies":"Cultist","floor":6,"turns":3},{"damage":21,"enemies":"Exordium Thugs","floor":7,"turns":5},{"damage":24,"enemies":"Lagavulin","floor":11,"turns":4},{"damage":7,"enemies":"Blue Slaver","floor":12,"turns":3},{"damage":11,"enemies":"Lots of Slimes","floor":13,"turns":3},{"damage":73,"enemies":"The Guardian","floor":16,"turns":12},{"damage":44,"enemies":"2 Thieves","floor":18,"turns":4},{"damage":58,"enemies":"Slavers","floor":24,"turns":4},{"damage":15,"enemies":"3 Byrds","floor":28,"turns":5},{"damage":26,"enemies":"Sentry and Sphere","floor":29,"turns":5},{"damage":12,"enemies":"Centurion and Healer","floor":30,"turns":3}],"seed_played":"8966967566633277969","potions_obtained":[{"floor":7,"key":"SteroidPotion"},{"floor":11,"key":"BloodPotion"},{"floor":13,"key":"Swift Potion"},{"floor":28,"key":"PowerPotion"}],"is_trial":false,"path_per_floor":["M","M","?","$","?","M","M","R","T","R","E","M","M","$","R","B",null,"M","?","?","?","?","R","E","R","T","?","M","M"],"character_chosen":"IRONCLAD","items_purchased":["Perfected Strike","Pummel","Flex","Finesse","Havoc","Spot Weakness","Armaments","Headbutt"],"campfire_rested":5,"item_purchase_floors":[4,4,4,4,4,14,14,14],"current_hp_per_floor":[37,40,40,40,28,34,19,43,43,67,49,48,51,51,75,8,80,42,42,42,42,42,66,14,38,38,38,29,9,0],"gold":138,"neow_bonus":"TWO_FIFTY_GOLD","is_prod":false,"is_daily":false,"chose_seed":false,"campfire_upgraded":0,"win_rate":0,"timestamp":1533660578,"path_taken":["M","M","?","$","?","M","M","R","T","R","E","M","?","?","R","BOSS","M","?","?","?","?","R","E","R","T","?","M","M","M"],"build_version":"2018-08-02","purchased_purges":0,"victory":false,"max_hp_per_floor":[80,80,80,80,80,80,80,80,80,80,80,80,80,80,80,80,80,80,80,80,80,80,80,80,80,80,80,80,80,80],"card_choices":[{"not_picked":["Body Slam","Rage"],"picked":"Cleave","floor":1},{"not_picked":["Wild Strike","Headbutt"],"picked":"Battle Trance","floor":2},{"not_picked":["Entrench","Sever Soul"],"picked":"Body Slam","floor":6},{"not_picked":["Dropkick","Hemokinesis"],"picked":"Sword Boomerang","floor":7},{"not_picked":["Feel No Pain","Havoc"],"picked":"Iron Wave","floor":11},{"not_picked":["Uppercut","Wild Strike"],"picked":"Immolate","floor":12},{"not_picked":["Clash","Sentinel"],"picked":"Seeing Red","floor":13},{"not_picked":["Impervious","Bludgeon"],"picked":"Demon Form","floor":16},{"not_picked":["Anger","Bloodletting+1"],"picked":"Rage","floor":18},{"not_picked":["Perfected Strike","Blood for Blood+1"],"picked":"Seeing Red+1","floor":24},{"not_picked":["Wild Strike","Sword Boomerang"],"picked":"Whirlwind","floor":28},{"not_picked":["Body Slam","Wild Strike"],"picked":"Spot Weakness","floor":29}],"player_experience":158121,"relics_obtained":[{"floor":9,"key":"Omamori"},{"floor":11,"key":"Red Skull"},{"floor":24,"key":"Pantograph"},{"floor":24,"key":"Shuriken"},{"floor":26,"key":"Darkstone Periapt"}],"event_choices":[{"event_name":"World of Goop","player_choice":"Left","floor":3,"damage_taken":0},{"event_name":"Scrap Ooze","player_choice":"success","floor":5,"damage_taken":12},{"event_name":"Addict","player_choice":"Obtained Relic","floor":19,"damage_taken":0},{"event_name":"WeMeetAgain","player_choice":"Gold","floor":20,"damage_taken":0},{"event_name":"The Mausoleum","player_choice":"No","floor":22,"damage_taken":0},{"event_name":"Vampires","player_choice":"Ignored","floor":27,"damage_taken":0}],"is_beta":false,"boss_relics":[{"not_picked":["Philosopher\u0027s Stone","Runic Pyramid"],"picked":"Black Star"}],"items_purged_floors":[],"is_endless":false,"potions_floor_spawned":[7,11,13,28],"killed_by":"Centurion and Healer","ascension_level":0}