{"gold_per_floor":[114,114,129,144,159,189,204,204],"floor_reached":8,"playtime":598,"items_purged":[],"score":85,"play_id":"d25d48b9-f696-4c6a-8755-1c25ee2345ec","local_time":"20180728221536","daily_mods":["Specialized","Cursed Run","Binary"],"is_ascension_mode":false,"campfire_choices":[],"neow_cost":"","seed_source_timestamp":0,"circlet_count":0,"master_deck":["Defend_G","Defend_G","Defend_G","Defend_G","Defend_G","Strike_G","Strike_G","Strike_G","Strike_G","Strike_G","Survivor","Neutralize","Night Terror","Night Terror","Night Terror","Night Terror","Night Terror","Concentrate","Deflect","Calculated Gamble","Flying Knee","Dagger Spray","Riddle With Holes"],"special_seed":17741,"relics":["Cursed Key","Darkstone Periapt","Du-Vu Doll","Ancient Tea Set"],"potions_floor_usage":[6,7],"damage_taken":[{"damage":2.0,"enemies":"Cultist","floor":1.0,"turns":4.0},{"damage":8.0,"enemies":"Jaw Worm","floor":3.0,"turns":5.0},{"damage":3.0,"enemies":"Small Slimes","floor":4.0,"turns":5.0},{"damage":14.0,"enemies":"3 Louse","floor":5.0,"turns":9.0},{"damage":33,"enemies":"Gremlin Nob","floor":6,"turns":6},{"damage":5,"enemies":"Blue Slaver","floor":7,"turns":6},{"damage":12,"enemies":"Red Slaver","floor":8,"turns":4}],"seed_played":"3633398992768724987","potions_obtained":[{"floor":1.0,"key":"Strength Potion"},{"floor":3.0,"key":"PowerPotion"},{"floor":6,"key":"PowerPotion"},{"floor":7,"key":"Ancient Potion"}],"is_trial":false,"path_per_floor":["M","$","M","M","M","E","M"],"character_chosen":"THE_SILENT","items_purchased":[],"campfire_rested":0,"item_purchase_floors":[],"current_hp_per_floor":[68,68,60,57,43,10,5,0],"gold":204,"neow_bonus":"","is_prod":false,"is_daily":true,"chose_seed":false,"campfire_upgraded":0,"win_rate":0,"timestamp":1532830536,"path_taken":["M","?","?","M","M","E","M","M"],"build_version":"2018-07-26","purchased_purges":0,"victory":false,"max_hp_per_floor":[70,70,70,70,70,70,70,70],"card_choices":[{"not_picked":["Well Laid Plans"],"picked":"Concentrate","floor":1.0},{"not_picked":["Acrobatics"],"picked":"Deflect","floor":3.0},{"not_picked":["Masterful Stab"],"picked":"Calculated Gamble","floor":4.0},{"not_picked":["Cloak And Dagger"],"picked":"Flying Knee","floor":5.0},{"not_picked":["Predator"],"picked":"Dagger Spray","floor":6},{"not_picked":["Flying Knee"],"picked":"Riddle With Holes","floor":7}],"player_experience":145525,"relics_obtained":[{"floor":6,"key":"Ancient Tea Set"}],"event_choices":[],"is_beta":false,"boss_relics":[],"items_purged_floors":[],"is_endless":false,"potions_floor_spawned":[1,3,6,7],"killed_by":"Red Slaver","ascension_level":0}