{"gold_per_floor":[112,132,132,150,150,150],"floor_reached":6,"playtime":329,"items_purged":[],"score":72,"play_id":"14c20691-258e-4a39-803b-3cadb46c2353","local_time":"20190322084146","is_ascension_mode":true,"campfire_choices":[],"neow_cost":"NONE","seed_source_timestamp":747286020218445,"circlet_count":0,"master_deck":["AscendersBane","Defend_G","Defend_G","Defend_G","Defend_G","Defend_G","Strike_G","Strike_G","Strike_G","Strike_G","Strike_G+1","Survivor+1","Neutralize","Footwork","Slice","Cloak And Dagger","Escape Plan","Finisher","Dagger Throw","Deadly Poison","Terror"],"special_seed":0,"relics":["Orrery"],"potions_floor_usage":[],"damage_taken":[{"damage":5.0,"enemies":"Small Slimes","floor":1.0,"turns":4.0},{"damage":12.0,"enemies":"Jaw Worm","floor":2.0,"turns":4.0},{"damage":0.0,"enemies":"Cultist","floor":4.0,"turns":4.0},{"damage":35,"enemies":"3 Sentries","floor":6,"turns":6}],"seed_played":"4253165033841996997","potions_obtained":[{"floor":2.0,"key":"Weak Potion"}],"is_trial":false,"path_per_floor":["M","M","?","M","?","E"],"character_chosen":"THE_SILENT","items_purchased":[],"campfire_rested":0,"item_purchase_floors":[],"current_hp_per_floor":[54,42,47,47,26,0],"gold":150,"neow_bonus":"BOSS_RELIC","is_prod":false,"is_daily":false,"chose_seed":false,"campfire_upgraded":0,"win_rate":0,"timestamp":1553262106,"path_taken":["M","M","?","M","?","E"],"build_version":"2019-01-23","purchased_purges":0,"victory":false,"max_hp_per_floor":[66,66,71,71,71,71],"card_choices":[{"not_picked":["Dash","All Out Attack"],"picked":"Footwork","floor":0.0},{"not_picked":["Blade Dance","Sucker Punch"],"picked":"Slice","floor":0.0},{"not_picked":["Sucker Punch","Backflip"],"picked":"Cloak And Dagger","floor":0.0},{"not_picked":["Flying Knee","Blade Dance"],"picked":"Escape Plan","floor":0.0},{"not_picked":["Outmaneuver","Setup"],"picked":"Finisher","floor":0.0},{"not_picked":["Blade Dance","Accuracy"],"picked":"Dagger Throw","floor":1.0},{"not_picked":["Sucker Punch","Quick Slash"],"picked":"Deadly Poison","floor":2.0},{"not_picked":["Dodge and Roll","Sucker Punch"],"picked":"Terror","floor":4.0}],"player_experience":896999,"relics_obtained":[],"event_choices":[{"damage_healed":0.0,"max_hp_gain":5.0,"max_hp_loss":0.0,"gold_gain":0.0,"event_name":"Big Fish","player_choice":"Donut","floor":3.0,"gold_loss":0.0,"damage_taken":0.0},{"damage_healed":0.0,"max_hp_gain":0.0,"max_hp_loss":0.0,"gold_gain":0.0,"event_name":"Shining Light","player_choice":"Entered Light","floor":5.0,"gold_loss":0.0,"damage_taken":21.0,"cards_upgraded":["Survivor","Strike_G"]}],"is_beta":false,"boss_relics":[],"items_purged_floors":[],"is_endless":false,"potions_floor_spawned":[2],"killed_by":"3 Sentries","ascension_level":20}