{"gold_per_floor":[109,123,123,139,139,174,108,19,42,52,52,52,77,87,87,161,161,173,173,98,78,97,97,132,132,156,170,170,195,195,220,220,293,593,603,621,640,650,265,294,294,324,324,355,365,365,365,418,418,418,418,418,418,37,67,67],"floor_reached":57,"playtime":5354,"items_purged":["Regret"],"score":2812,"play_id":"a482884f-85dd-464f-8333-f65a17ab87a9","local_time":"20190423160257","is_ascension_mode":true,"campfire_choices":[{"floor":11.0,"key":"REST"},{"data":"Zap","floor":15.0,"key":"SMITH"},{"data":"Hyperbeam","floor":23.0,"key":"SMITH"},{"data":"Defragment","floor":25.0,"key":"SMITH"},{"floor":28.0,"key":"REST"},{"floor":30.0,"key":"REST"},{"data":"Loop","floor":32.0,"key":"SMITH"},{"data":"Capacitor","floor":41.0,"key":"SMITH"},{"floor":47.0,"key":"RECALL"},{"floor":49.0,"key":"REST"},{"data":"Consume","floor":53.0,"key":"SMITH"}],"neow_cost":"NONE","seed_source_timestamp":0,"circlet_count":0,"master_deck":["AscendersBane","Strike_B","Strike_B","Strike_B+1","Defend_B+1","Defend_B","Defend_B","Defend_B","Zap+1","Dualcast","Darkness","BootSequence","Cold Snap+1","Rip and Tear+1","Glacier","Echo Form","Hyperbeam+1","Defragment+1","Genetic Algorithm","Reinforced Body","Loop+1","Electrodynamics","Injury","Clumsy","Capacitor+1","Glacier+1","Hologram","Doom and Gloom","Redo","Biased Cognition","Consume+1","Barrage","Leap+1"],"special_seed":0,"relics":["Cracked Core","Vajra","Pantograph","Snecko Eye","Lantern","Bag of Preparation","Art of War","Ancient Tea Set","Calling Bell","Regal Pillow","Singing Bowl","Old Coin","Lee\u0027s Waffle","Pear","PreservedInsect","Pen Nib","Whetstone","Bird Faced Urn","Dead Branch","Happy Flower"],"potions_floor_usage":[56,56],"damage_taken":[{"damage":4.0,"enemies":"Jaw Worm","floor":1.0,"turns":4.0},{"damage":7.0,"enemies":"Small Slimes","floor":2.0,"turns":3.0},{"damage":3.0,"enemies":"2 Louse","floor":4.0,"turns":3.0},{"damage":61.0,"enemies":"Gremlin Nob","floor":6.0,"turns":5.0},{"damage":0.0,"enemies":"Large Slime","floor":10.0,"turns":5.0},{"damage":9.0,"enemies":"Lagavulin","floor":13.0,"turns":6.0},{"damage":22.0,"enemies":"Lots of Slimes","floor":14.0,"turns":4.0},{"damage":23.0,"enemies":"Slime Boss","floor":16.0,"turns":8.0},{"damage":15.0,"enemies":"3 Byrds","floor":18.0,"turns":4.0},{"damage":2.0,"enemies":"Chosen","floor":22.0,"turns":3.0},{"damage":19.0,"enemies":"Gremlin Leader","floor":24.0,"turns":5.0},{"damage":0.0,"enemies":"Snecko","floor":27.0,"turns":10.0},{"damage":57.0,"enemies":"Slavers","floor":29.0,"turns":5.0},{"damage":22.0,"enemies":"Book of Stabbing","floor":31.0,"turns":3.0},{"damage":3.0,"enemies":"Champ","floor":33.0,"turns":9.0},{"damage":11.0,"enemies":"Orb Walker","floor":35.0,"turns":3.0},{"damage":8.0,"enemies":"3 Shapes","floor":36.0,"turns":4.0},{"damage":22.0,"enemies":"Jaw Worm Horde","floor":37.0,"turns":2.0},{"damage":22.0,"enemies":"Sphere and 2 Shapes","floor":38.0,"turns":6.0},{"damage":23.0,"enemies":"Giant Head","floor":40.0,"turns":18.0},{"damage":39.0,"enemies":"Nemesis","floor":42.0,"turns":13.0},{"damage":2.0,"enemies":"Reptomancer","floor":44.0,"turns":8.0},{"damage":0.0,"enemies":"3 Darklings","floor":45.0,"turns":1.0},{"damage":29.0,"enemies":"2 Orb Walkers","floor":48.0,"turns":5.0},{"damage":58.0,"enemies":"Awakened One","floor":50.0,"turns":36.0},{"damage":57.0,"enemies":"Donu and Deca","floor":51.0,"turns":11.0},{"damage":87.0,"enemies":"Shield and Spear","floor":55.0,"turns":20.0},{"damage":47,"enemies":"The Heart","floor":56,"turns":13}],"seed_played":"-990553012573812066","potions_obtained":[{"floor":1.0,"key":"FairyPotion"},{"floor":10.0,"key":"SpeedPotion"},{"floor":21.0,"key":"Regen Potion"},{"floor":22.0,"key":"Weak Potion"},{"floor":27.0,"key":"SpeedPotion"},{"floor":33.0,"key":"FearPotion"},{"floor":35.0,"key":"Ancient Potion"},{"floor":37.0,"key":"EssenceOfSteel"},{"floor":38.0,"key":"LiquidBronze"}],"is_trial":false,"path_per_floor":["M","M","?","M","?","E","?","$","T","M","R","$","E","M","R","B",null,"M","?","?","?","M","R","E","R","T","M","R","E","R","E","R","B",null,"M","M","M","M","$","E","R","E","T","E","M","?","R","?","R","B","B",null,"R","$","E","B",null],"character_chosen":"DEFECT","items_purchased":["Glacier","Lee\u0027s Waffle","Doom and Gloom","Barrage","Dead Branch"],"campfire_rested":4,"item_purchase_floors":[8,39,39,54,54],"current_hp_per_floor":[67,60,65,62,37,8,8,8,8,8,32,32,23,1,1,3,63,48,48,48,48,55,55,36,36,36,36,60,3,27,5,5,27,69,58,50,30,8,92,81,81,44,44,42,42,42,42,13,59,40,26,86,86,86,97,71],"gold":67,"neow_bonus":"TEN_PERCENT_HP_BONUS","is_prod":false,"is_daily":false,"chose_seed":false,"campfire_upgraded":6,"win_rate":0,"timestamp":1556053377,"path_taken":["M","M","?","M","?","E","?","$","T","M","R","$","E","M","R","BOSS","M","?","?","?","M","R","E","R","T","M","R","E","R","E","R","BOSS","BOSS","M","?","M","M","$","E","R","E","T","E","M","?","R","?","R","BOSS","BOSS","R","$","E","BOSS"],"build_version":"2019-01-23","purchased_purges":1,"victory":true,"max_hp_per_floor":[78,78,83,83,83,83,83,83,83,83,83,83,83,83,83,83,83,83,83,83,83,83,83,83,83,83,83,83,83,83,83,83,83,83,83,83,85,85,92,104,104,106,106,106,106,106,106,106,106,106,106,106,106,106,106,106],"card_choices":[{"not_picked":["Steam Power","Rebound"],"picked":"Darkness","floor":1.0},{"not_picked":["Force Field","Scrape"],"picked":"BootSequence","floor":2.0},{"not_picked":["Compile Driver","Reinforced Body"],"picked":"Cold Snap","floor":4.0},{"not_picked":["Blizzard","BootSequence"],"picked":"Rip and Tear","floor":6.0},{"not_picked":["Compile Driver","Melter"],"picked":"Cold Snap","floor":10.0},{"not_picked":["Aggregate","Streamline"],"picked":"Echo Form","floor":13.0},{"not_picked":["Recycle","Beam Cell","BootSequence"],"picked":"SKIP","floor":14.0},{"not_picked":["Thunder Strike","Meteor Strike"],"picked":"Hyperbeam","floor":16.0},{"not_picked":["Redo+1","Compile Driver"],"picked":"Defragment","floor":18.0},{"not_picked":["Cold Snap","Steam","Conserve Battery"],"picked":"SKIP","floor":22.0},{"not_picked":["Streamline","Steam Power"],"picked":"Genetic Algorithm","floor":24.0},{"not_picked":["Steam","Rebound","Go for the Eyes"],"picked":"SKIP","floor":27.0},{"not_picked":["Defragment","Chaos+1"],"picked":"Reinforced Body","floor":29.0},{"not_picked":["Undo","Doom and Gloom"],"picked":"Loop","floor":31.0},{"not_picked":["Machine Learning","Core Surge"],"picked":"Electrodynamics","floor":33.0},{"not_picked":["Reinforced Body","Turbo+1"],"picked":"Capacitor","floor":35.0},{"not_picked":["Gash","Steam"],"picked":"Glacier+1","floor":36.0},{"not_picked":["Ball Lightning","Compile Driver","Streamline"],"picked":"Singing Bowl","floor":37.0},{"not_picked":["Rebound","Cold Snap"],"picked":"Hologram","floor":38.0},{"not_picked":["Chaos+1","Hyperbeam","Steam Power+1"],"picked":"Singing Bowl","floor":40.0},{"not_picked":["Cold Snap","Compile Driver","Streamline+1"],"picked":"Singing Bowl","floor":42.0},{"not_picked":["Storm","BootSequence"],"picked":"Redo","floor":44.0},{"not_picked":["Ball Lightning","Steam Power"],"picked":"Biased Cognition","floor":45.0},{"not_picked":["Go for the Eyes","Undo"],"picked":"Consume","floor":48.0},{"not_picked":["Compile Driver","Aggregate"],"picked":"Leap+1","floor":55.0}],"player_experience":1075124,"relics_obtained":[{"floor":6.0,"key":"Vajra"},{"floor":13.0,"key":"Pantograph"},{"floor":24.0,"key":"Lantern"},{"floor":26.0,"key":"Bag of Preparation"},{"floor":29.0,"key":"Art of War"},{"floor":31.0,"key":"Ancient Tea Set"},{"floor":34.0,"key":"Regal Pillow"},{"floor":34.0,"key":"Singing Bowl"},{"floor":34.0,"key":"Old Coin"},{"floor":40.0,"key":"Pear"},{"floor":42.0,"key":"PreservedInsect"},{"floor":43.0,"key":"Pen Nib"},{"floor":44.0,"key":"Whetstone"},{"floor":48.0,"key":"Bird Faced Urn"},{"floor":55.0,"key":"Happy Flower"}],"event_choices":[{"damage_healed":0.0,"max_hp_gain":5.0,"max_hp_loss":0.0,"gold_gain":0.0,"event_name":"Big Fish","player_choice":"Donut","floor":3.0,"gold_loss":0.0,"damage_taken":0.0},{"damage_healed":0.0,"max_hp_gain":0.0,"max_hp_loss":0.0,"gold_gain":0.0,"event_name":"Shining Light","player_choice":"Entered Light","floor":5.0,"gold_loss":0.0,"damage_taken":25.0,"cards_upgraded":["Defend_B","Strike_B"]},{"damage_healed":0.0,"max_hp_gain":0.0,"max_hp_loss":0.0,"gold_gain":0.0,"event_name":"World of Goop","player_choice":"Left Gold","floor":7.0,"gold_loss":66.0,"damage_taken":0.0},{"damage_healed":0.0,"max_hp_gain":0.0,"max_hp_loss":0.0,"gold_gain":0.0,"event_name":"Ghosts","player_choice":"Ignored","floor":19.0,"gold_loss":0.0,"damage_taken":0.0},{"cards_removed":["Strike_B"],"damage_healed":0.0,"max_hp_gain":0.0,"max_hp_loss":0.0,"gold_gain":0.0,"event_name":"Beggar","player_choice":"Gave Gold","floor":20.0,"gold_loss":75.0,"damage_taken":0.0},{"damage_healed":0.0,"max_hp_gain":0.0,"max_hp_loss":0.0,"gold_gain":0.0,"event_name":"The Woman in Blue","player_choice":"Bought 1 Potion","floor":21.0,"gold_loss":0.0,"damage_taken":0.0},{"cards_removed":["Cold Snap"],"damage_healed":0.0,"max_hp_gain":0.0,"max_hp_loss":0.0,"gold_gain":0.0,"event_name":"Falling","player_choice":"Removed Attack","floor":46.0,"gold_loss":0.0,"damage_taken":0.0},{"damage_healed":0.0,"max_hp_gain":0.0,"max_hp_loss":0.0,"gold_gain":0.0,"event_name":"Mysterious Sphere","player_choice":"Fight","floor":48.0,"gold_loss":0.0,"damage_taken":0.0}],"is_beta":false,"boss_relics":[{"not_picked":["Pandora\u0027s Box","Runic Pyramid"],"picked":"Snecko Eye"},{"not_picked":["Coffee Dripper","Runic Dome"],"picked":"Calling Bell"}],"items_purged_floors":[39],"is_endless":false,"potions_floor_spawned":[1,10,22,27,33,35,37,38,55],"ascension_level":20}