{"gold_per_floor":[118,136,136,147,64,99,99,133,133,55,55,70,98,110,110,110],"floor_reached":16,"playtime":762,"items_purged":[],"score":240,"play_id":"c4f12d33-59a0-48a9-b43f-eeb3ed79205d","local_time":"20190317220512","is_ascension_mode":true,"campfire_choices":[{"data":"Sunder","floor":7.0,"key":"SMITH"},{"floor":11,"key":"REST"},{"floor":15,"key":"REST"}],"neow_cost":"NONE","seed_source_timestamp":363078883318656,"circlet_count":0,"master_deck":["AscendersBane","Strike_B","Strike_B","Strike_B","Strike_B","Defend_B","Defend_B","Defend_B","Defend_B","Zap","Dualcast","Compile Driver","Coolheaded","Redo","Sunder+1","Go for the Eyes","Loop+1","Amplify","Cold Snap","Chill"],"special_seed":0,"relics":["Cracked Core","NeowsBlessing","Frozen Egg 2","Ornamental Fan","FossilizedHelix"],"potions_floor_usage":[16,16,16,16],"damage_taken":[{"damage":0.0,"enemies":"2 Louse","floor":1.0,"turns":1.0},{"damage":0.0,"enemies":"Cultist","floor":2.0,"turns":1.0},{"damage":0.0,"enemies":"Small Slimes","floor":4.0,"turns":1.0},{"damage":28.0,"enemies":"Gremlin Nob","floor":6.0,"turns":4.0},{"damage":16,"enemies":"Lagavulin","floor":8,"turns":6},{"damage":4,"enemies":"2 Fungi Beasts","floor":12,"turns":3},{"damage":29,"enemies":"3 Sentries","floor":13,"turns":8},{"damage":0,"enemies":"Exordium Wildlife","floor":14,"turns":2},{"damage":36,"enemies":"Hexaghost","floor":16,"turns":10}],"seed_played":"-4606962469084498664","potions_obtained":[{"floor":1.0,"key":"EntropicBrew"},{"floor":4.0,"key":"SpeedPotion"}],"is_trial":false,"path_per_floor":["M","M","?","M","$","E","R","E","T","$","R","M","E","M","R","B"],"character_chosen":"DEFECT","items_purchased":["Sunder","Loop+1"],"campfire_rested":2,"item_purchase_floors":[5,10],"current_hp_per_floor":[64,64,71,71,71,43,43,27,27,27,48,44,15,15,36,0],"gold":110,"neow_bonus":"THREE_ENEMY_KILL","is_prod":false,"is_daily":false,"chose_seed":false,"campfire_upgraded":1,"win_rate":0,"timestamp":1552878312,"path_taken":["M","M","?","M","?","E","R","E","T","$","R","M","E","?","R","BOSS"],"build_version":"2019-01-23","purchased_purges":0,"victory":false,"max_hp_per_floor":[71,71,71,71,71,71,71,71,71,71,71,71,71,71,71,71],"card_choices":[{"not_picked":["Hello World","Capacitor"],"picked":"Compile Driver","floor":1.0},{"not_picked":["Leap","Recycle"],"picked":"Coolheaded","floor":2.0},{"not_picked":["Conserve Battery","Auto Shields"],"picked":"Redo","floor":4.0},{"not_picked":["Streamline","Redo"],"picked":"Go for the Eyes","floor":6.0},{"not_picked":["Compile Driver","Force Field","Hologram"],"picked":"SKIP","floor":8},{"not_picked":["Reprogram","Streamline"],"picked":"Amplify","floor":12},{"not_picked":["Tempest","Sunder"],"picked":"Cold Snap","floor":13},{"not_picked":["Gash","Conserve Battery"],"picked":"Chill","floor":14}],"player_experience":816444,"relics_obtained":[{"floor":6.0,"key":"Frozen Egg 2"},{"floor":8,"key":"Ornamental Fan"},{"floor":13,"key":"FossilizedHelix"}],"event_choices":[{"damage_healed":7.0,"max_hp_gain":0.0,"max_hp_loss":0.0,"gold_gain":0.0,"event_name":"Wheel of Change","player_choice":"Full Heal","floor":3.0,"gold_loss":0.0,"damage_taken":0.0}],"is_beta":false,"boss_relics":[],"items_purged_floors":[],"is_endless":false,"potions_floor_spawned":[1,4],"killed_by":"Hexaghost","ascension_level":20}