{"gold_per_floor":[116,29,29,29,46,46,74,89,89,89,122,133,133,33,33,109,109,125,136,149,149,149],"floor_reached":22,"playtime":762,"items_purged":["Strike_R"],"score":501,"play_id":"7c24a5ec-92cd-4724-91d8-965fd7ff94d2","local_time":"20190205201221","is_ascension_mode":true,"campfire_choices":[{"data":"Searing Blow","floor":6.0,"key":"SMITH"},{"data":"Searing Blow+1","floor":10.0,"key":"SMITH"},{"data":"Searing Blow+2","floor":13.0,"key":"SMITH"},{"data":"Searing Blow+3","floor":15.0,"key":"SMITH"}],"neow_cost":"CURSE","seed_source_timestamp":587124809210668,"circlet_count":0,"master_deck":["AscendersBane","Strike_R","Strike_R","Strike_R","Strike_R","Defend_R","Defend_R","Defend_R","Defend_R","Bash","Wild Strike","Searing Blow+4","Spot Weakness","Sword Boomerang","Cleave","Headbutt","Evolve","Pommel Strike","Offering"],"special_seed":0,"relics":["Black Blood","Girya","Mango","Singing Bowl"],"potions_floor_usage":[20,21],"damage_taken":[{"damage":5.0,"enemies":"2 Louse","floor":1.0,"turns":4.0},{"damage":12.0,"enemies":"Small Slimes","floor":5.0,"turns":5.0},{"damage":35.0,"enemies":"Lagavulin","floor":7.0,"turns":6.0},{"damage":0.0,"enemies":"Cultist","floor":8.0,"turns":2.0},{"damage":25.0,"enemies":"3 Sentries","floor":11.0,"turns":5.0},{"damage":7.0,"enemies":"Looter","floor":12.0,"turns":3.0},{"damage":0.0,"enemies":"Slime Boss","floor":16.0,"turns":5.0},{"damage":29.0,"enemies":"Shell Parasite","floor":18.0,"turns":3.0},{"damage":24,"enemies":"Chosen","floor":19,"turns":4},{"damage":31,"enemies":"Snake Plant","floor":20,"turns":4},{"damage":27,"enemies":"Colosseum Slavers","floor":21,"turns":4},{"damage":37,"enemies":"Centurion and Healer","floor":22,"turns":2}],"seed_played":"6390447345912780810","potions_obtained":[{"floor":7.0,"key":"Weak Potion"},{"floor":8.0,"key":"Ancient Potion"},{"floor":11.0,"key":"Strength Potion"},{"floor":19,"key":"Block Potion"},{"floor":20,"key":"Block Potion"}],"is_trial":false,"path_per_floor":["M","$","?","?","M","R","E","M","T","R","E","M","R","$","R","B",null,"M","M","M","?","M"],"character_chosen":"IRONCLAD","items_purchased":["Searing Blow","Pommel Strike"],"campfire_rested":0,"item_purchase_floors":[2,14],"current_hp_per_floor":[83,83,83,76,70,70,41,47,61,61,42,41,41,41,41,47,89,72,60,41,24,0],"gold":149,"neow_bonus":"TWENTY_PERCENT_HP_BONUS","is_prod":false,"is_daily":false,"chose_seed":false,"campfire_upgraded":4,"win_rate":0,"timestamp":1549415541,"path_taken":["M","$","?","?","M","R","E","M","T","R","E","M","R","$","R","BOSS","M","M","M","?","M"],"build_version":"2019-01-23","purchased_purges":1,"victory":false,"max_hp_per_floor":[89,89,89,89,89,89,89,89,103,103,103,103,103,103,103,103,103,105,107,109,109,109],"card_choices":[{"not_picked":["Pommel Strike","Thunderclap"],"picked":"Wild Strike","floor":1.0},{"not_picked":["Havoc","Pommel Strike"],"picked":"Spot Weakness","floor":5.0},{"not_picked":["Bloodletting","Sentinel"],"picked":"Sword Boomerang","floor":7.0},{"not_picked":["Fiend Fire","Anger"],"picked":"Cleave","floor":8.0},{"not_picked":["Intimidate","Clothesline"],"picked":"Headbutt","floor":11.0},{"not_picked":["Carnage","Inflame"],"picked":"Evolve","floor":12.0},{"not_picked":["Barricade","Juggernaut"],"picked":"Offering","floor":16.0},{"not_picked":["Anger","Sentinel","Body Slam"],"picked":"Singing Bowl","floor":18.0},{"not_picked":["Body Slam","Bloodletting","Warcry"],"picked":"Singing Bowl","floor":19},{"not_picked":["Pommel Strike","Blood for Blood","Rage"],"picked":"Singing Bowl","floor":20}],"player_experience":630876,"relics_obtained":[{"floor":7.0,"key":"Girya"},{"floor":9.0,"key":"Mango"},{"floor":11.0,"key":"Singing Bowl"}],"event_choices":[{"damage_healed":0.0,"max_hp_gain":0.0,"max_hp_loss":0.0,"gold_gain":0.0,"event_name":"Liars Game","player_choice":"Ignored","floor":3.0,"gold_loss":0.0,"damage_taken":0.0},{"cards_removed":["Shame"],"damage_healed":0.0,"max_hp_gain":0.0,"max_hp_loss":0.0,"gold_gain":0.0,"event_name":"Golden Wing","player_choice":"Card Removal","floor":4.0,"gold_loss":0.0,"damage_taken":7.0},{"damage_healed":0,"gold_gain":0,"player_choice":"Fight","damage_taken":0,"max_hp_gain":0,"max_hp_loss":0,"event_name":"Colosseum","floor":21,"gold_loss":0},{"damage_healed":0,"gold_gain":0,"player_choice":"Fled From Nobs","damage_taken":0,"max_hp_gain":0,"max_hp_loss":0,"event_name":"Colosseum","floor":21,"gold_loss":0}],"is_beta":false,"boss_relics":[{"not_picked":["Eternal Feather","Runic Dome"],"picked":"Black Blood"}],"items_purged_floors":[14],"is_endless":false,"potions_floor_spawned":[7,8,11,19,20],"killed_by":"Centurion and Healer","ascension_level":19}