{"gold_per_floor":[116,116,116,116,38,38,69,69,69,15,15,42,52,64,64,139,139,155,155,155,155,112,112,112],"floor_reached":24,"playtime":993,"items_purged":[],"score":488,"play_id":"b01f2738-dfa5-46f7-a0d3-412c27a2db59","local_time":"20190206114925","is_ascension_mode":true,"campfire_choices":[{"data":"Reckless Charge","floor":6.0,"key":"SMITH"},{"data":"Armaments","floor":8.0,"key":"SMITH"},{"data":"Anger","floor":11.0,"key":"SMITH"},{"data":"True Grit","floor":15.0,"key":"SMITH"},{"floor":23.0,"key":"REST"}],"neow_cost":"NONE","seed_source_timestamp":41588364697865,"circlet_count":0,"master_deck":["AscendersBane","Strike_R+1","Strike_R+1","Strike_R+1","Strike_R+1","Strike_R+1","Defend_R+1","Defend_R+1","Defend_R+1","Defend_R+1","Bash","Headbutt","Reckless Charge+1","Armaments+1","Anger+1","Ghostly Armor","True Grit+1","Demon Form+1","Clumsy","Parasite","Injury","Sword Boomerang","Second Wind"],"special_seed":0,"relics":["Burning Blood","NeowsBlessing","Gremlin Horn","Dodecahedron","Centennial Puzzle","Question Card","Calling Bell","PreservedInsect","Kunai","Gambling Chip"],"potions_floor_usage":[],"damage_taken":[{"damage":0.0,"enemies":"Small Slimes","floor":1.0,"turns":1.0},{"damage":0.0,"enemies":"Gremlin Nob","floor":7.0,"turns":1.0},{"damage":0.0,"enemies":"3 Sentries","floor":12.0,"turns":2.0},{"damage":2.0,"enemies":"Jaw Worm","floor":13.0,"turns":3.0},{"damage":0.0,"enemies":"2 Louse","floor":14.0,"turns":4.0},{"damage":29.0,"enemies":"Slime Boss","floor":16.0,"turns":9.0},{"damage":40.0,"enemies":"Shell Parasite","floor":18.0,"turns":8.0},{"damage":23.0,"enemies":"2 Thieves","floor":22.0,"turns":5.0},{"damage":45,"enemies":"Gremlin Leader","floor":24,"turns":5}],"seed_played":"-1090947929268755075","potions_obtained":[{"floor":7.0,"key":"Strength Potion"},{"floor":13.0,"key":"PowerPotion"}],"is_trial":false,"path_per_floor":["M","?","T","?","$","R","E","R","T","$","R","E","M","M","R","B",null,"M","?","?","?","M","R","E"],"character_chosen":"IRONCLAD","items_purchased":["Reckless Charge","Anger"],"campfire_rested":1,"item_purchase_floors":[5,10],"current_hp_per_floor":[74,51,51,51,51,51,57,57,57,57,57,63,67,73,73,50,69,35,35,35,35,18,40,0],"gold":112,"neow_bonus":"THREE_ENEMY_KILL","is_prod":false,"is_daily":false,"chose_seed":false,"campfire_upgraded":4,"win_rate":0,"timestamp":1549471765,"path_taken":["M","?","?","?","$","R","E","R","T","$","R","E","M","M","R","BOSS","M","?","?","?","?","R","E"],"build_version":"2019-01-23","purchased_purges":0,"victory":false,"max_hp_per_floor":[75,75,75,75,75,75,75,75,75,75,75,75,75,75,75,75,75,75,75,75,75,75,75,75],"card_choices":[{"not_picked":["Perfected Strike","Shrug It Off"],"picked":"Headbutt","floor":1.0},{"not_picked":["Clash","Wild Strike"],"picked":"Armaments","floor":7.0},{"not_picked":["Dual Wield","Anger"],"picked":"Ghostly Armor","floor":12.0},{"not_picked":["Warcry","Twin Strike","Perfected Strike"],"picked":"True Grit","floor":13.0},{"not_picked":["Rupture","Body Slam","Wild Strike","Juggernaut"],"picked":"SKIP","floor":14.0},{"not_picked":["Barricade","Double Tap","Juggernaut"],"picked":"Demon Form","floor":16.0},{"not_picked":["Clash","Perfected Strike","Inflame"],"picked":"Sword Boomerang","floor":18.0},{"not_picked":["Intimidate","Seeing Red","Warcry"],"picked":"Second Wind","floor":22.0}],"player_experience":631638,"relics_obtained":[{"floor":3.0,"key":"Gremlin Horn"},{"floor":7.0,"key":"Dodecahedron"},{"floor":9.0,"key":"Centennial Puzzle"},{"floor":12.0,"key":"Question Card"},{"floor":17.0,"key":"PreservedInsect"},{"floor":17.0,"key":"Kunai"},{"floor":17.0,"key":"Gambling Chip"}],"event_choices":[{"damage_healed":0.0,"max_hp_gain":0.0,"max_hp_loss":0.0,"gold_gain":0.0,"event_name":"Shining Light","player_choice":"Entered Light","floor":2.0,"gold_loss":0.0,"damage_taken":23.0,"cards_upgraded":["Defend_R","Defend_R"]},{"damage_healed":0.0,"max_hp_gain":0.0,"max_hp_loss":0.0,"gold_gain":0.0,"event_name":"Scrap Ooze","player_choice":"Fled","floor":4.0,"gold_loss":0.0,"damage_taken":0.0},{"damage_healed":0.0,"max_hp_gain":0.0,"max_hp_loss":0.0,"gold_gain":0.0,"event_name":"Ghosts","player_choice":"Ignored","floor":19.0,"gold_loss":0.0,"damage_taken":0.0},{"damage_healed":0.0,"max_hp_gain":0.0,"max_hp_loss":0.0,"gold_gain":0.0,"event_name":"Back to Basics","player_choice":"Simplicity","floor":20.0,"gold_loss":0.0,"damage_taken":0.0,"cards_upgraded":["Strike_R","Strike_R","Strike_R","Strike_R","Strike_R","Defend_R","Defend_R"]},{"damage_healed":0.0,"max_hp_gain":0.0,"max_hp_loss":0.0,"gold_gain":0.0,"event_name":"Upgrade Shrine","player_choice":"Upgraded","floor":21.0,"gold_loss":0.0,"damage_taken":0.0,"cards_upgraded":["Demon Form"]}],"is_beta":false,"boss_relics":[{"not_picked":["White Beast Statue","Tiny House"],"picked":"Calling Bell"}],"items_purged_floors":[],"is_endless":false,"potions_floor_spawned":[7,13],"killed_by":"Gremlin Leader","ascension_level":19}