{"gold_per_floor":[116,116,130,58,71,88,88,13,37,37,54,54,66,86,86,186,186],"floor_reached":17,"playtime":415,"items_purged":[],"score":149,"play_id":"9cb4a9d2-e1c7-4ab0-a577-4c9f6f9205ce","local_time":"20190219160958","is_ascension_mode":false,"campfire_choices":[{"data":"Perfected Strike","floor":7,"key":"SMITH"},{"data":"Uppercut","floor":10,"key":"SMITH"},{"data":"Carnage","floor":15,"key":"SMITH"}],"neow_cost":"NONE","seed_source_timestamp":66794764550703,"circlet_count":0,"master_deck":["Strike_R","Strike_R","Strike_R","Strike_R","Strike_R","Defend_R","Defend_R","Defend_R","Defend_R","Bash","True Grit","Spot Weakness","Uppercut+1","Rampage","Perfected Strike+1","Evolve","Carnage+1","Thunderclap","Barricade"],"relics":["Sozu","Omamori","Bag of Preparation","Mark of Pain"],"potions_floor_usage":[],"damage_taken":[{"damage":1,"enemies":"Jaw Worm","floor":1,"turns":4},{"damage":1,"enemies":"Cultist","floor":3,"turns":3},{"damage":6,"enemies":"2 Louse","floor":5,"turns":2},{"damage":2,"enemies":"Blue Slaver","floor":6,"turns":3},{"damage":10,"enemies":"Exordium Thugs","floor":11,"turns":4},{"damage":0,"enemies":"3 Louse","floor":13,"turns":3},{"damage":12,"enemies":"Large Slime","floor":14,"turns":3},{"damage":31,"enemies":"Hexaghost","floor":16,"turns":6}],"seed_played":"3229708834462573223","potions_obtained":[],"is_trial":false,"path_per_floor":["M","?","M","$","M","M","R","$","T","R","M","T","M","M","R","B",null],"character_chosen":"IRONCLAD","items_purchased":["Rampage","Evolve"],"campfire_rested":0,"item_purchase_floors":[4,8],"current_hp_per_floor":[79,79,78,78,72,70,70,70,70,70,60,60,60,48,48,17,80],"gold":186,"neow_bonus":"BOSS_RELIC","is_prod":false,"is_daily":false,"chose_seed":false,"campfire_upgraded":3,"win_rate":0,"timestamp":1550610598,"path_taken":["M","?","?","?","M","M","R","$","T","R","?","?","M","M","R","BOSS"],"build_version":"2019-01-23","purchased_purges":0,"victory":false,"max_hp_per_floor":[80,80,80,80,80,80,80,80,80,80,80,80,80,80,80,80,80],"card_choices":[{"not_picked":["Sever Soul","Seeing Red"],"picked":"True Grit","floor":1},{"not_picked":["Dual Wield","Clothesline"],"picked":"Uppercut","floor":3},{"not_picked":["Anger","Iron Wave"],"picked":"Perfected Strike","floor":5},{"not_picked":["Flex","Heavy Blade","Body Slam"],"picked":"SKIP","floor":6},{"not_picked":["Fire Breathing","Rupture","Blood for Blood"],"picked":"SKIP","floor":11},{"not_picked":["Reaper","Heavy Blade"],"picked":"Carnage","floor":13},{"not_picked":["Perfected Strike","Pommel Strike"],"picked":"Thunderclap","floor":14},{"not_picked":["Exhume","Offering"],"picked":"Barricade","floor":16}],"player_experience":665586,"relics_obtained":[{"floor":9,"key":"Omamori"},{"floor":12,"key":"Bag of Preparation"}],"event_choices":[{"damage_healed":0,"gold_gain":0,"player_choice":"1 cards matched","damage_taken":0,"max_hp_gain":0,"max_hp_loss":0,"event_name":"Match and Keep!","floor":2,"gold_loss":0,"cards_obtained":["Spot Weakness"]}],"is_beta":false,"boss_relics":[{"not_picked":["White Beast Statue","Pandora\u0027s Box"],"picked":"Mark of Pain"}],"items_purged_floors":[],"is_endless":false,"potions_floor_spawned":[1,3,6,13],"ascension_level":0}