{"gold_per_floor":[111,111,111,111,136,136,152,166,166,191,191,224,224,237,237,333,333,357,345,103,137,155,155,191,116,139,139,160,160,175,175],"floor_reached":31,"playtime":6004,"items_purged":[],"score":479,"play_id":"e7c900ed-c123-4645-9ae6-9ab03496494c","local_time":"20190103132503","is_ascension_mode":true,"campfire_choices":[{"data":"Dagger Throw","floor":6.0,"key":"SMITH"},{"data":"Dash","floor":11.0,"key":"SMITH"},{"data":"1","floor":13.0,"key":"LIFT"},{"data":"2","floor":15.0,"key":"LIFT"},{"floor":23.0,"key":"REST"},{"floor":29,"key":"REST"}],"neow_cost":"CURSE","seed_source_timestamp":137043244729981,"circlet_count":0,"master_deck":["AscendersBane","Defend_G","Defend_G","Defend_G","Defend_G","Defend_G","Strike_G","Strike_G","Strike_G","Strike_G","Survivor","Neutralize","Backflip+1","Dagger Throw+1","Dash+1","Tactician","Calculated Gamble","Underhanded Strike","Escape Plan","Dagger Spray","Dodge and Roll","Burst","Riddle With Holes+1","Well Laid Plans","Underhanded Strike+1","PiercingWail","Panacea","Backflip+1","Blur+1","Tactician","Malaise","Endless Agony+1","Footwork+1"],"special_seed":0,"relics":["Ring of the Snake","Golden Idol","Prayer Wheel","Girya","Fusion Hammer","Boot","Red Mask","War Paint","Smiling Mask","Peace Pipe"],"potions_floor_usage":[],"damage_taken":[{"damage":1.0,"enemies":"Small Slimes","floor":1.0,"turns":5.0},{"damage":0.0,"enemies":"2 Louse","floor":5.0,"turns":3.0},{"damage":0.0,"enemies":"Jaw Worm","floor":7.0,"turns":5.0},{"damage":4.0,"enemies":"Red Slaver","floor":8.0,"turns":4.0},{"damage":7.0,"enemies":"3 Louse","floor":10.0,"turns":5.0},{"damage":24.0,"enemies":"Lagavulin","floor":12.0,"turns":8.0},{"damage":3.0,"enemies":"Blue Slaver","floor":14.0,"turns":3.0},{"damage":31.0,"enemies":"Slime Boss","floor":16.0,"turns":13.0},{"damage":8.0,"enemies":"Spheric Guardian","floor":18.0,"turns":4.0},{"damage":10.0,"enemies":"2 Thieves","floor":19.0,"turns":4.0},{"damage":22.0,"enemies":"Masked Bandits","floor":21.0,"turns":4.0},{"damage":5.0,"enemies":"Centurion and Healer","floor":22.0,"turns":5.0},{"damage":0.0,"enemies":"Slavers","floor":24.0,"turns":5.0},{"damage":11.0,"enemies":"Snake Plant","floor":28.0,"turns":6.0},{"damage":0,"enemies":"Sentry and Sphere","floor":30,"turns":5},{"damage":58,"enemies":"Gremlin Leader","floor":31,"turns":9}],"seed_played":"4211734678735363147","potions_obtained":[{"floor":5.0,"key":"Poison Potion"},{"floor":12.0,"key":"Fruit Juice"},{"floor":14.0,"key":"Energy Potion"},{"floor":16.0,"key":"GhostInAJar"},{"floor":19.0,"key":"FearPotion"},{"floor":22.0,"key":"SteroidPotion"},{"floor":30,"key":"PowerPotion"}],"is_trial":false,"path_per_floor":["M","?","?","?","M","R","M","M","T","M","R","E","R","M","M","R","B",null,"M","M","$","?","M","M","R","E","?","T","T","M","R","M","E"],"character_chosen":"THE_SILENT","items_purchased":["Boot","Panacea"],"campfire_rested":2,"item_purchase_floors":[20,20],"current_hp_per_floor":[70,75,75,68,68,68,68,64,64,57,57,38,38,35,35,4,63,55,45,45,23,18,42,42,42,42,42,31,55,55,0],"gold":175,"neow_bonus":"TWENTY_PERCENT_HP_BONUS","is_prod":false,"is_daily":false,"chose_seed":false,"campfire_upgraded":2,"win_rate":0,"timestamp":1546539903,"path_taken":["M","?","?","?","M","R","M","M","T","M","R","E","R","M","R","BOSS","M","M","$","?","M","R","E","?","T","?","M","R","?","E"],"build_version":"2018-12-20","purchased_purges":0,"victory":false,"max_hp_per_floor":[78,83,77,77,77,77,77,77,77,77,77,82,82,82,82,82,82,82,82,82,82,82,82,82,82,82,82,82,82,82,82],"card_choices":[{"not_picked":["Tactician","Underhanded Strike"],"picked":"Backflip","floor":1.0},{"not_picked":["Expertise","Quick Slash"],"picked":"Dagger Throw","floor":5.0},{"not_picked":["Deadly Poison","Blade Dance"],"picked":"Dash","floor":7.0},{"not_picked":["Choke","Blade Dance"],"picked":"Tactician","floor":8.0},{"not_picked":["Outmaneuver","Noxious Fumes"],"picked":"Calculated Gamble","floor":10.0},{"not_picked":["Dagger Throw","Dash"],"picked":"Underhanded Strike","floor":10.0},{"not_picked":["Cloak And Dagger","PiercingWail"],"picked":"Escape Plan","floor":12.0},{"not_picked":["Choke","Infinite Blades"],"picked":"Dagger Spray","floor":14.0},{"not_picked":["Bane","Quick Slash"],"picked":"Dodge and Roll","floor":14.0},{"not_picked":["Adrenaline","Wraith Form v2"],"picked":"Burst","floor":16.0},{"not_picked":["Acrobatics","Dagger Spray"],"picked":"Riddle With Holes+1","floor":18.0},{"not_picked":["Dagger Throw","Deflect"],"picked":"Well Laid Plans","floor":18.0},{"not_picked":["Wraith Form v2","Flying Knee"],"picked":"Underhanded Strike+1","floor":19.0},{"not_picked":["Slice","Bane+1"],"picked":"PiercingWail","floor":19.0},{"not_picked":["Sucker Punch","Acrobatics"],"picked":"Backflip","floor":21.0},{"not_picked":["Escape Plan+1","Sucker Punch"],"picked":"Blur+1","floor":22.0},{"not_picked":["Dodge and Roll","Backflip"],"picked":"Tactician","floor":22.0},{"not_picked":["Slice","Flying Knee","Acrobatics"],"picked":"SKIP","floor":24.0},{"not_picked":["Deflect","Accuracy"],"picked":"Malaise","floor":28.0},{"not_picked":["Prepared","All Out Attack"],"picked":"Endless Agony+1","floor":28.0},{"not_picked":["Poisoned Stab","Blade Dance"],"picked":"Footwork+1","floor":30},{"not_picked":["Quick Slash","Acrobatics","Sucker Punch"],"picked":"SKIP","floor":30}],"player_experience":500583,"relics_obtained":[{"floor":9.0,"key":"Prayer Wheel"},{"floor":12.0,"key":"Girya"},{"floor":21.0,"key":"Red Mask"},{"floor":24.0,"key":"War Paint"},{"floor":26.0,"key":"Smiling Mask"},{"floor":27.0,"key":"Peace Pipe"}],"event_choices":[{"damage_healed":0.0,"max_hp_gain":5.0,"max_hp_loss":0.0,"gold_gain":0.0,"event_name":"Big Fish","player_choice":"Donut","floor":2.0,"gold_loss":0.0,"damage_taken":0.0},{"damage_healed":0.0,"max_hp_gain":0.0,"max_hp_loss":6.0,"gold_gain":0.0,"event_name":"Golden Idol","player_choice":"Lose Max HP","floor":3.0,"gold_loss":0.0,"damage_taken":0.0,"relics_obtained":["Golden Idol"]},{"cards_removed":["Injury"],"damage_healed":0.0,"max_hp_gain":0.0,"max_hp_loss":0.0,"gold_gain":0.0,"event_name":"Golden Wing","player_choice":"Card Removal","floor":4.0,"gold_loss":0.0,"damage_taken":7.0},{"damage_healed":0.0,"max_hp_gain":0.0,"max_hp_loss":0.0,"gold_gain":0.0,"event_name":"Masked Bandits","player_choice":"Fought Bandits","floor":21.0,"gold_loss":0.0,"damage_taken":0.0},{"cards_removed":["Strike_G"],"damage_healed":0.0,"max_hp_gain":0.0,"max_hp_loss":0.0,"gold_gain":0.0,"event_name":"Beggar","player_choice":"Gave Gold","floor":25.0,"gold_loss":75.0,"damage_taken":0.0}],"is_beta":false,"boss_relics":[{"not_picked":["Runic Dome","Black Star"],"picked":"Fusion Hammer"}],"items_purged_floors":[],"is_endless":false,"potions_floor_spawned":[5,12,14,16,19,22,30],"killed_by":"Gremlin Leader","ascension_level":14}