{"gold_per_floor":[114,132,145,163,177,177,177,213,237,271,284,20,20,64,64,153,153,169,169,54,73,97,97,138,151,231,231,244,262,262,262,262,356,356,379,170,170,189,212,243,243,284,284,298,332,347,347,371,371,371,371],"floor_reached":51,"playtime":5502,"items_purged":["Strike_G"],"score":1512,"play_id":"a7a15101-8342-4b2a-9ef8-e7f7c507a5c9","local_time":"20190427084043","is_ascension_mode":true,"campfire_choices":[{"data":"Envenom","floor":6.0,"key":"SMITH"},{"floor":13.0,"key":"REST"},{"data":"Well Laid Plans","floor":15.0,"key":"SMITH"},{"floor":23.0,"key":"REST"},{"data":"Footwork","floor":27.0,"key":"SMITH"},{"data":"Cloak And Dagger","floor":30.0,"key":"SMITH"},{"data":"Cloak And Dagger","floor":32.0,"key":"SMITH"},{"floor":41.0,"key":"RECALL"},{"data":"Night Terror","floor":49,"key":"SMITH"}],"neow_cost":"NONE","seed_source_timestamp":143567636383784,"circlet_count":0,"master_deck":["AscendersBane","Defend_G","Defend_G","Defend_G","Defend_G+1","Defend_G+1","Strike_G","Strike_G","Strike_G","Strike_G","Survivor","Neutralize+1","Sucker Punch","Cloak And Dagger+1","Bouncing Flask","Envenom+1","After Image","Caltrops","Cloak And Dagger+1","Well Laid Plans+1","Envenom","Footwork+1","Dodge and Roll","PiercingWail+1","Night Terror+1","Deflect","Footwork+1","Master of Strategy","Dodge and Roll+1","Slice"],"special_seed":0,"relics":["Ring of the Serpent","Golden Idol","Mummified Hand","Omamori","Bronze Scales","Kunai","Dream Catcher","Busted Crown","Centennial Puzzle","Meat on the Bone","Pear","Singing Bowl","War Paint","Ancient Tea Set","Darkstone Periapt"],"potions_floor_usage":[50,50],"damage_taken":[{"damage":3.0,"enemies":"Small Slimes","floor":1.0,"turns":5.0},{"damage":3.0,"enemies":"Cultist","floor":2.0,"turns":4.0},{"damage":3.0,"enemies":"Jaw Worm","floor":3.0,"turns":6.0},{"damage":18.0,"enemies":"Gremlin Gang","floor":4.0,"turns":8.0},{"damage":0.0,"enemies":"Blue Slaver","floor":5.0,"turns":3.0},{"damage":8.0,"enemies":"Lagavulin","floor":8.0,"turns":7.0},{"damage":14.0,"enemies":"Gremlin Nob","floor":10.0,"turns":4.0},{"damage":0.0,"enemies":"Looter","floor":11.0,"turns":3.0},{"damage":11.0,"enemies":"Lagavulin","floor":14.0,"turns":9.0},{"damage":26.0,"enemies":"Slime Boss","floor":16.0,"turns":11.0},{"damage":11.0,"enemies":"Spheric Guardian","floor":18.0,"turns":5.0},{"damage":2.0,"enemies":"Chosen","floor":21.0,"turns":6.0},{"damage":7.0,"enemies":"Snake Plant","floor":22.0,"turns":5.0},{"damage":4.0,"enemies":"Gremlin Leader","floor":24.0,"turns":7.0},{"damage":22.0,"enemies":"Shelled Parasite and Fungi","floor":25.0,"turns":6.0},{"damage":0.0,"enemies":"Snecko","floor":28.0,"turns":7.0},{"damage":8.0,"enemies":"Centurion and Healer","floor":29.0,"turns":13.0},{"damage":32.0,"enemies":"Collector","floor":33.0,"turns":15.0},{"damage":0.0,"enemies":"3 Shapes","floor":35.0,"turns":7.0},{"damage":4.0,"enemies":"3 Darklings","floor":38.0,"turns":7.0},{"damage":0.0,"enemies":"Maw","floor":39.0,"turns":9.0},{"damage":36.0,"enemies":"Reptomancer","floor":40.0,"turns":12.0},{"damage":0.0,"enemies":"Giant Head","floor":42.0,"turns":10.0},{"damage":16.0,"enemies":"Spire Growth","floor":44.0,"turns":8.0},{"damage":8.0,"enemies":"Nemesis","floor":45.0,"turns":9.0},{"damage":2.0,"enemies":"Transient","floor":46.0,"turns":6.0},{"damage":0.0,"enemies":"Writhing Mass","floor":48.0,"turns":9.0},{"damage":11,"enemies":"Awakened One","floor":50,"turns":22},{"damage":45,"enemies":"Time Eater","floor":51,"turns":17}],"seed_played":"5712787091446914563","potions_obtained":[{"floor":3.0,"key":"Dexterity Potion"},{"floor":4.0,"key":"SkillPotion"},{"floor":5.0,"key":"Regen Potion"},{"floor":8.0,"key":"SpeedPotion"},{"floor":10.0,"key":"GamblersBrew"},{"floor":16.0,"key":"Weak Potion"},{"floor":18.0,"key":"Explosive Potion"},{"floor":21.0,"key":"GhostInAJar"},{"floor":33.0,"key":"SpeedPotion"},{"floor":39.0,"key":"Dexterity Potion"},{"floor":44.0,"key":"FairyPotion"},{"floor":45.0,"key":"Fire Potion"}],"is_trial":false,"path_per_floor":["M","M","M","M","M","R","?","E","T","E","M","$","R","E","R","B",null,"M","?","$","M","M","R","E","M","T","R","M","M","R","?","R","B",null,"M","$","T","M","M","E","R","E","T","M","E","M","?","M","R","B","B"],"character_chosen":"THE_SILENT","items_purchased":["Kunai","Footwork","Master of Strategy"],"campfire_rested":2,"item_purchase_floors":[12,20,36],"current_hp_per_floor":[56,53,50,32,32,32,32,39,39,25,25,25,43,32,32,6,47,36,36,36,34,27,45,41,31,41,41,41,45,45,45,45,25,59,59,59,59,57,59,37,37,51,51,49,41,53,53,53,53,42,0],"gold":371,"neow_bonus":"UPGRADE_CARD","is_prod":false,"is_daily":false,"chose_seed":false,"campfire_upgraded":6,"win_rate":0,"timestamp":1556372443,"path_taken":["M","M","M","M","M","R","?","E","T","E","M","$","R","E","R","BOSS","M","?","$","M","?","R","E","M","T","R","M","M","R","?","R","BOSS","M","$","?","M","M","E","R","E","T","?","E","M","?","?","R","BOSS","BOSS"],"build_version":"2019-01-23","purchased_purges":1,"victory":false,"max_hp_per_floor":[66,66,66,66,66,66,60,60,60,60,60,60,60,60,60,60,60,60,60,60,60,60,60,60,60,70,70,70,70,70,70,70,70,70,70,70,70,72,74,76,76,78,78,80,80,82,82,82,82,82,82],"card_choices":[{"not_picked":["Distraction","Flechettes"],"picked":"Sucker Punch","floor":1.0},{"not_picked":["PiercingWail","Backflip"],"picked":"Cloak And Dagger","floor":2.0},{"not_picked":["Flechettes","Outmaneuver"],"picked":"Finisher","floor":3.0},{"not_picked":["Setup","Quick Slash"],"picked":"Bouncing Flask","floor":4.0},{"not_picked":["Quick Slash","Poisoned Stab"],"picked":"Envenom","floor":5.0},{"not_picked":["Dagger Throw","Flying Knee"],"picked":"After Image","floor":8.0},{"not_picked":["Bane","Acrobatics"],"picked":"Caltrops","floor":10.0},{"not_picked":["Prepared","Outmaneuver"],"picked":"Cloak And Dagger","floor":11.0},{"not_picked":["Reflex","Leg Sweep"],"picked":"Well Laid Plans","floor":14.0},{"not_picked":["Tools of the Trade","Grand Finale"],"picked":"Envenom","floor":16.0},{"not_picked":["Calculated Gamble+1"],"picked":"SKIP","floor":18.0},{"not_picked":[],"picked":"Dodge and Roll","floor":21.0},{"not_picked":["Choke"],"picked":"SKIP","floor":22.0},{"not_picked":[],"picked":"PiercingWail+1","floor":23.0},{"not_picked":[],"picked":"Night Terror","floor":24.0},{"not_picked":[],"picked":"Deflect","floor":25.0},{"not_picked":["Reflex+1"],"picked":"SKIP","floor":28.0},{"not_picked":["Tactician"],"picked":"SKIP","floor":29.0},{"not_picked":["Choke+1"],"picked":"SKIP","floor":35.0},{"not_picked":["Concentrate"],"picked":"Singing Bowl","floor":38.0},{"not_picked":["Backstab+1"],"picked":"Singing Bowl","floor":39.0},{"not_picked":["Finisher"],"picked":"Singing Bowl","floor":40.0},{"not_picked":["Setup"],"picked":"Singing Bowl","floor":42.0},{"not_picked":["Crippling Poison"],"picked":"Singing Bowl","floor":44.0},{"not_picked":[],"picked":"Dodge and Roll+1","floor":45.0},{"not_picked":["Quick Slash"],"picked":"Singing Bowl","floor":46.0},{"not_picked":[],"picked":"Slice","floor":48}],"player_experience":1091932,"relics_obtained":[{"floor":8.0,"key":"Mummified Hand"},{"floor":9.0,"key":"Omamori"},{"floor":10.0,"key":"Bronze Scales"},{"floor":14.0,"key":"Dream Catcher"},{"floor":24.0,"key":"Meat on the Bone"},{"floor":26.0,"key":"Pear"},{"floor":37.0,"key":"Singing Bowl"},{"floor":40.0,"key":"War Paint"},{"floor":42.0,"key":"Ancient Tea Set"},{"floor":45.0,"key":"Darkstone Periapt"}],"event_choices":[{"damage_healed":0.0,"max_hp_gain":0.0,"max_hp_loss":6.0,"gold_gain":0.0,"event_name":"Golden Idol","player_choice":"Lose Max HP","floor":7.0,"gold_loss":0.0,"damage_taken":0.0,"relics_obtained":["Golden Idol"]},{"cards_removed":["Finisher"],"damage_healed":0.0,"max_hp_gain":0.0,"max_hp_loss":0.0,"gold_gain":0.0,"event_name":"WeMeetAgain","player_choice":"Gave Card","floor":19.0,"gold_loss":0.0,"damage_taken":0.0,"relics_obtained":["Centennial Puzzle"]},{"damage_healed":0.0,"max_hp_gain":0.0,"max_hp_loss":0.0,"gold_gain":0.0,"event_name":"Duplicator","player_choice":"Copied","floor":31.0,"gold_loss":0.0,"damage_taken":0.0,"cards_obtained":["Footwork"]},{"damage_healed":0.0,"max_hp_gain":0.0,"max_hp_loss":0.0,"gold_gain":0.0,"event_name":"SecretPortal","player_choice":"Ignored","floor":47.0,"gold_loss":0.0,"damage_taken":0.0}],"is_beta":false,"boss_relics":[{"not_picked":["White Beast Statue","Philosopher\u0027s Stone"],"picked":"Busted Crown"},{"not_picked":["Coffee Dripper","WristBlade"],"picked":"Ring of the Serpent"}],"items_purged_floors":[20],"is_endless":false,"potions_floor_spawned":[3,4,5,8,10,16,18,21,22,33,39,44,45,48],"killed_by":"Time Eater","ascension_level":20}