{"gold_per_floor":[118,128,144,144,28,28,63,63,111,145,159,159,169,181,181,255,255,274,274,274,274,289,308,2,19,19,30,30,48,48],"floor_reached":30,"playtime":2594,"items_purged":["Strike_B"],"score":476,"play_id":"f9c9e152-d7a3-4002-94a9-32f2253985bd","local_time":"20190209140938","is_ascension_mode":true,"campfire_choices":[{"data":"Doom and Gloom","floor":6.0,"key":"SMITH"},{"data":"Consume","floor":8.0,"key":"SMITH"},{"floor":15.0,"key":"REST"},{"floor":28,"key":"REST"}],"neow_cost":"CURSE","seed_source_timestamp":238890711959962,"circlet_count":0,"master_deck":["AscendersBane","Strike_B","Strike_B","Strike_B","Defend_B","Defend_B","Defend_B","Defend_B","Zap","Dualcast","Auto Shields","Doom and Gloom+1","Conserve Battery","Reinforced Body","Consume+1","Sweeping Beam","Redo","Undo","Echo Form","Decay","Writhe","Cold Snap","Beam Cell","Cold Snap","Cold Snap"],"special_seed":0,"relics":["Cracked Core","Incense Burner","DataDisk","Centennial Puzzle","Dodecahedron","Sozu","Strawberry","Bottled Tornado","Singing Bowl"],"potions_floor_usage":[22],"damage_taken":[{"damage":1.0,"enemies":"Cultist","floor":1.0,"turns":3.0},{"damage":2.0,"enemies":"Jaw Worm","floor":2.0,"turns":4.0},{"damage":0.0,"enemies":"2 Louse","floor":3.0,"turns":1.0},{"damage":29.0,"enemies":"Gremlin Nob","floor":7.0,"turns":5.0},{"damage":18.0,"enemies":"3 Sentries","floor":10.0,"turns":5.0},{"damage":0.0,"enemies":"2 Fungi Beasts","floor":11.0,"turns":1.0},{"damage":1.0,"enemies":"Large Slime","floor":13.0,"turns":5.0},{"damage":6.0,"enemies":"Exordium Wildlife","floor":14.0,"turns":3.0},{"damage":5.0,"enemies":"The Guardian","floor":16.0,"turns":10.0},{"damage":0.0,"enemies":"Spheric Guardian","floor":18.0,"turns":4.0},{"damage":23,"enemies":"3 Byrds","floor":22,"turns":5},{"damage":34,"enemies":"Shelled Parasite and Fungi","floor":23,"turns":5},{"damage":12,"enemies":"Snake Plant","floor":25,"turns":6},{"damage":6,"enemies":"Cultist and Chosen","floor":27,"turns":7},{"damage":15,"enemies":"Snecko","floor":29,"turns":5},{"damage":16,"enemies":"Shelled Parasite and Fungi","floor":30,"turns":2}],"seed_played":"-3329503223583082983","potions_obtained":[{"floor":1.0,"key":"FearPotion"},{"floor":2.0,"key":"GamblersBrew"},{"floor":7.0,"key":"GamblersBrew"},{"floor":10.0,"key":"Fire Potion"},{"floor":16.0,"key":"Swift Potion"}],"is_trial":false,"path_per_floor":["M","M","M","?","$","R","E","R","T","E","M","?","M","M","R","B",null,"M","?","?","?","M","M","$","M","T","M","R","M","M"],"character_chosen":"DEFECT","items_purchased":["Reinforced Body","Bottled Tornado","Cold Snap"],"campfire_rested":2,"item_purchase_floors":[5,24,24],"current_hp_per_floor":[63,61,61,61,61,61,32,32,32,14,14,14,13,7,28,23,59,59,59,71,78,55,21,21,9,9,5,29,16,0],"gold":48,"neow_bonus":"ONE_RARE_RELIC","is_prod":false,"is_daily":false,"chose_seed":false,"campfire_upgraded":2,"win_rate":0,"timestamp":1549739378,"path_taken":["M","M","M","?","$","R","E","R","T","E","M","?","?","M","R","BOSS","M","?","?","?","M","M","$","M","T","M","R","?","M"],"build_version":"2019-01-23","purchased_purges":1,"victory":false,"max_hp_per_floor":[71,71,71,71,71,71,71,71,71,71,71,71,71,71,71,71,71,71,71,71,78,78,78,78,78,78,80,80,82,82],"card_choices":[{"not_picked":["Stack","FTL"],"picked":"Auto Shields","floor":1.0},{"not_picked":["Gash","Steam"],"picked":"Doom and Gloom","floor":2.0},{"not_picked":["Leap","Steam"],"picked":"Conserve Battery","floor":3.0},{"not_picked":["Force Field","Genetic Algorithm"],"picked":"Consume","floor":7.0},{"not_picked":["Chaos","Blizzard"],"picked":"Sweeping Beam","floor":10.0},{"not_picked":["Leap","Stack"],"picked":"Redo","floor":11.0},{"not_picked":["Sweeping Beam","Hologram","Storm"],"picked":"SKIP","floor":13.0},{"not_picked":["Thunder Strike","Steam","Gash"],"picked":"SKIP","floor":14.0},{"not_picked":["Hyperbeam","Fission"],"picked":"Echo Form","floor":16.0},{"not_picked":["Streamline","Redo","Turbo"],"picked":"SKIP","floor":18.0},{"not_picked":["Beam Cell","Go for the Eyes"],"picked":"Cold Snap","floor":22},{"not_picked":["Chaos","Recycle"],"picked":"Beam Cell","floor":23},{"not_picked":["Aggregate","Redo"],"picked":"Cold Snap","floor":25},{"not_picked":["Coolheaded","Biased Cognition","Scrape"],"picked":"Singing Bowl","floor":27},{"not_picked":["Steam Power","Genetic Algorithm","Hello World"],"picked":"Singing Bowl","floor":29}],"player_experience":640907,"relics_obtained":[{"floor":7.0,"key":"DataDisk"},{"floor":9.0,"key":"Centennial Puzzle"},{"floor":10.0,"key":"Dodecahedron"},{"floor":26,"key":"Singing Bowl"}],"event_choices":[{"cards_removed":["Normality"],"damage_healed":0.0,"max_hp_gain":0.0,"max_hp_loss":0.0,"gold_gain":0.0,"event_name":"Living Wall","player_choice":"Forget","floor":4.0,"gold_loss":0.0,"damage_taken":0.0},{"damage_healed":0.0,"max_hp_gain":0.0,"max_hp_loss":0.0,"gold_gain":0.0,"event_name":"Match and Keep!","player_choice":"1 cards matched","floor":12.0,"gold_loss":0.0,"damage_taken":0.0,"cards_obtained":["Undo"]},{"damage_healed":0.0,"max_hp_gain":0.0,"max_hp_loss":0.0,"gold_gain":0.0,"event_name":"Forgotten Altar","player_choice":"Smashed Altar","floor":19.0,"gold_loss":0.0,"damage_taken":0.0,"cards_obtained":["Decay"]},{"damage_healed":14.0,"max_hp_gain":0.0,"max_hp_loss":0.0,"gold_gain":0.0,"event_name":"The Library","player_choice":"Heal","floor":20.0,"gold_loss":0.0,"damage_taken":0.0},{"damage_healed":0.0,"max_hp_gain":0.0,"max_hp_loss":0.0,"gold_gain":0.0,"event_name":"The Mausoleum","player_choice":"Opened","floor":21.0,"gold_loss":0.0,"damage_taken":0.0,"relics_obtained":["Strawberry"],"cards_obtained":["Writhe"]}],"is_beta":false,"boss_relics":[{"not_picked":["Philosopher\u0027s Stone","Runic Pyramid"],"picked":"Sozu"}],"items_purged_floors":[5],"is_endless":false,"potions_floor_spawned":[1,2,7,10,16,18,22,23,29],"killed_by":"Shelled Parasite and Fungi","ascension_level":19}