{"gold_per_floor":[110,110,127,137,99,130,8,19,65,65,90,101,101,113,113,210,210,220,220,220,220,232,232,248,248,271,288,1,15,15,35,35,136,136,150,166,166,166,21,21,49,49,49,83,83,98,108,18,18,18],"floor_reached":51,"playtime":1381,"items_purged":["Strike_R","Bash","Defend_R+1"],"score":777,"play_id":"7095cc9c-2d39-4f0d-864a-d5e061e24eaf","local_time":"20190320134529","is_ascension_mode":true,"campfire_choices":[{"data":"Uppercut","floor":10.0,"key":"SMITH"},{"floor":13.0,"key":"REST"},{"data":"Searing Blow+1","floor":15.0,"key":"SMITH"},{"data":"Searing Blow+2","floor":23.0,"key":"SMITH"},{"data":"Searing Blow+3","floor":30.0,"key":"SMITH"},{"data":"Searing Blow+4","floor":32.0,"key":"SMITH"},{"data":"Searing Blow+5","floor":40.0,"key":"SMITH"},{"data":"Searing Blow+6","floor":45,"key":"SMITH"},{"floor":49,"key":"REST"}],"neow_cost":"NONE","seed_source_timestamp":132288706368091,"circlet_count":0,"master_deck":["Strike_R+1","Defend_R+1","Defend_R+1","Defend_R+1","Fiend Fire","Thunderclap","Hemokinesis","Uppercut+1","Shockwave","Double Tap","Cleave+1","Spot Weakness","Shrug It Off","Pummel+1","Searing Blow+7","Reckless Charge+1","Limit Break","Wild Strike+1","Exhume","Thunderclap+1","Pain","Clothesline+1","Shrug It Off","Immolate+1","Doubt","Reaper+1","Writhe","Clumsy","Heavy Blade+1","Shrug It Off"],"special_seed":0,"relics":["Burning Blood","Molten Egg 2","Oddly Smooth Stone","Dream Catcher","Cursed Key","Nilry\u0027s Codex","Red Skull","Membership Card","Tiny Chest","Eternal Feather","Bronze Scales","Pocketwatch","Pen Nib","Blue Candle","Peace Pipe"],"potions_floor_usage":[50],"damage_taken":[{"damage":7.0,"enemies":"Small Slimes","floor":1.0,"turns":3.0},{"damage":0.0,"enemies":"Cultist","floor":3.0,"turns":2.0},{"damage":3.0,"enemies":"2 Louse","floor":4.0,"turns":1.0},{"damage":36.0,"enemies":"3 Sentries","floor":6.0,"turns":6.0},{"damage":3.0,"enemies":"Large Slime","floor":8.0,"turns":4.0},{"damage":26.0,"enemies":"Lagavulin","floor":11.0,"turns":6.0},{"damage":4.0,"enemies":"2 Fungi Beasts","floor":12.0,"turns":3.0},{"damage":24.0,"enemies":"Exordium Thugs","floor":14.0,"turns":4.0},{"damage":39.0,"enemies":"The Guardian","floor":16.0,"turns":9.0},{"damage":4.0,"enemies":"Spheric Guardian","floor":18.0,"turns":3.0},{"damage":10.0,"enemies":"2 Thieves","floor":22.0,"turns":3.0},{"damage":25.0,"enemies":"Cultist and Chosen","floor":24.0,"turns":4.0},{"damage":0.0,"enemies":"3 Cultists","floor":27.0,"turns":3.0},{"damage":20.0,"enemies":"Centurion and Healer","floor":29.0,"turns":3.0},{"damage":0.0,"enemies":"Sentry and Sphere","floor":31.0,"turns":3.0},{"damage":42.0,"enemies":"Automaton","floor":33.0,"turns":5.0},{"damage":25.0,"enemies":"3 Shapes","floor":35.0,"turns":4.0},{"damage":0.0,"enemies":"3 Darklings","floor":36.0,"turns":2.0},{"damage":48.0,"enemies":"Nemesis","floor":41.0,"turns":7.0},{"damage":37.0,"enemies":"Reptomancer","floor":44.0,"turns":5.0},{"damage":27,"enemies":"Sphere and 2 Shapes","floor":46,"turns":5},{"damage":41,"enemies":"Maw","floor":47,"turns":6},{"damage":78,"enemies":"Awakened One","floor":50,"turns":6}],"seed_played":"814060775723026532","potions_obtained":[{"floor":3.0,"key":"Block Potion"},{"floor":4.0,"key":"FearPotion"},{"floor":12.0,"key":"SteroidPotion"},{"floor":18.0,"key":"BloodPotion"},{"floor":36.0,"key":"Ancient Potion"}],"is_trial":false,"path_per_floor":["M","?","M","M","$","E","$","M","T","R","E","M","R","M","R","B",null,"M","?","?","?","M","R","M","?","T","M","$","M","R","M","R","B",null,"M","M","T","?","$","R","E","?","T","E","R","M","M","$","R","B",null],"character_chosen":"IRONCLAD","items_purchased":["Shockwave","Cleave+1","Membership Card","Tiny Chest","Pocketwatch","Shrug It Off"],"campfire_rested":2,"item_purchase_floors":[5,7,28,28,39,48],"current_hp_per_floor":[79,79,80,80,80,50,50,53,53,53,33,35,59,41,41,8,80,80,80,80,64,60,60,41,41,41,47,47,33,33,39,39,11,80,61,67,67,67,67,80,38,58,58,27,42,31,14,14,56,22],"gold":18,"neow_bonus":"ONE_RANDOM_RARE_CARD","is_prod":false,"is_daily":false,"chose_seed":false,"campfire_upgraded":7,"win_rate":0,"timestamp":1553103929,"path_taken":["M","?","M","M","?","E","$","M","T","R","E","M","R","M","R","BOSS","M","?","?","?","M","R","M","?","T","M","$","?","R","M","R","BOSS","M","?","?","?","$","R","E","?","T","E","R","M","M","?","R","BOSS"],"build_version":"2019-01-23","purchased_purges":3,"victory":true,"max_hp_per_floor":[80,80,80,80,80,80,80,80,80,80,80,80,80,80,80,80,80,80,80,80,80,80,80,80,80,80,80,80,80,80,80,80,80,80,80,80,80,80,80,80,80,80,80,80,80,80,80,80,80,80],"card_choices":[{"not_picked":["Entrench","Body Slam"],"picked":"Thunderclap","floor":1.0},{"not_picked":["Pommel Strike","Body Slam"],"picked":"Uppercut","floor":3.0},{"not_picked":["Anger","Warcry","Bloodletting"],"picked":"SKIP","floor":4.0},{"not_picked":["Perfected Strike","Iron Wave"],"picked":"Double Tap","floor":6.0},{"not_picked":["Clash+1","Heavy Blade+1"],"picked":"Spot Weakness","floor":8.0},{"not_picked":["Combust","Rupture"],"picked":"Shrug It Off","floor":11.0},{"not_picked":["Ghostly Armor","Anger+1"],"picked":"Pummel+1","floor":12.0},{"not_picked":["Sword Boomerang+1","Wild Strike+1"],"picked":"Searing Blow+1","floor":13.0},{"not_picked":["Warcry","Spot Weakness"],"picked":"Reckless Charge+1","floor":14.0},{"not_picked":["Bludgeon+1","Demon Form"],"picked":"Limit Break","floor":16.0},{"not_picked":["Cleave+1","Shrug It Off"],"picked":"Wild Strike+1","floor":18.0},{"not_picked":["Entrench","Blood for Blood+1","True Grit+1"],"picked":"SKIP","floor":22.0},{"not_picked":["Perfected Strike+1","Intimidate","Dropkick+1"],"picked":"SKIP","floor":24.0},{"not_picked":["Evolve","Rampage+1"],"picked":"Clothesline+1","floor":27.0},{"not_picked":["Iron Wave+1","Wild Strike+1","Carnage+1"],"picked":"SKIP","floor":29.0},{"not_picked":["Warcry+1","Rampage+1"],"picked":"Shrug It Off","floor":31.0},{"not_picked":["Berserk","Impervious"],"picked":"Immolate+1","floor":33.0},{"not_picked":["Entrench+1","Sword Boomerang+1"],"picked":"Rupture","floor":35.0},{"not_picked":["Warcry","Armaments","Thunderclap+1"],"picked":"SKIP","floor":36.0},{"not_picked":["Iron Wave+1","Seeing Red+1"],"picked":"Reaper+1","floor":41.0},{"not_picked":["Cleave+1","Body Slam+1","Disarm"],"picked":"SKIP","floor":44},{"not_picked":["Flame Barrier","Uppercut+1","Corruption+1"],"picked":"SKIP","floor":46},{"not_picked":["Thunderclap+1","Havoc"],"picked":"Heavy Blade+1","floor":47}],"player_experience":673563,"relics_obtained":[{"floor":6.0,"key":"Molten Egg 2"},{"floor":9.0,"key":"Oddly Smooth Stone"},{"floor":11.0,"key":"Dream Catcher"},{"floor":21.0,"key":"Nilry\u0027s Codex"},{"floor":26.0,"key":"Red Skull"},{"floor":37.0,"key":"Bronze Scales"},{"floor":41.0,"key":"Pen Nib"},{"floor":43.0,"key":"Blue Candle"},{"floor":44,"key":"Peace Pipe"}],"event_choices":[{"damage_healed":0.0,"max_hp_gain":0.0,"max_hp_loss":0.0,"gold_gain":0.0,"cards_transformed":["Strike_R"],"event_name":"Transmorgrifier","player_choice":"Transformed","floor":2.0,"gold_loss":0.0,"damage_taken":0.0,"cards_obtained":["Hemokinesis"]},{"damage_healed":0.0,"max_hp_gain":0.0,"max_hp_loss":0.0,"gold_gain":0.0,"event_name":"Ghosts","player_choice":"Ignored","floor":19.0,"gold_loss":0.0,"damage_taken":0.0},{"damage_healed":0.0,"max_hp_gain":0.0,"max_hp_loss":0.0,"gold_gain":0.0,"event_name":"Back to Basics","player_choice":"Simplicity","floor":20.0,"gold_loss":0.0,"damage_taken":0.0,"cards_upgraded":["Strike_R","Strike_R","Strike_R","Defend_R","Defend_R","Defend_R","Defend_R"]},{"damage_healed":0.0,"max_hp_gain":0.0,"max_hp_loss":0.0,"gold_gain":0.0,"event_name":"Cursed Tome","player_choice":"Obtained Book","floor":21.0,"gold_loss":0.0,"damage_taken":16.0},{"damage_healed":0.0,"max_hp_gain":0.0,"max_hp_loss":0.0,"gold_gain":0.0,"cards_transformed":["Strike_R","Strike_R"],"event_name":"Drug Dealer","player_choice":"Became Test Subject","floor":25.0,"gold_loss":0.0,"damage_taken":0.0,"cards_obtained":["Exhume","Thunderclap"]},{"cards_removed":["Rupture"],"damage_healed":0.0,"max_hp_gain":0.0,"max_hp_loss":0.0,"gold_gain":0.0,"event_name":"Falling","player_choice":"Removed Power","floor":38.0,"gold_loss":0.0,"damage_taken":0.0},{"damage_healed":20.0,"max_hp_gain":0.0,"max_hp_loss":0.0,"gold_gain":0.0,"event_name":"Winding Halls","player_choice":"Writhe","floor":42.0,"gold_loss":0.0,"damage_taken":0.0,"cards_obtained":["Writhe"]}],"is_beta":false,"boss_relics":[{"not_picked":["Velvet Choker","Runic Cube"],"picked":"Cursed Key"},{"not_picked":["Mark of Pain","Tiny House"],"picked":"Eternal Feather"}],"items_purged_floors":[7,28,48],"is_endless":false,"potions_floor_spawned":[3,4,12,18,36,41],"ascension_level":1}