{"gold_per_floor":[111,111,71,87,51,83,83,97,147,180,180,208,223,14,14,14],"floor_reached":16,"playtime":672,"items_purged":[],"score":177,"play_id":"b9e49ca7-2240-4fc2-a670-55face026306","local_time":"20181013150736","is_ascension_mode":true,"campfire_choices":[{"data":"Bash","floor":15,"key":"SMITH"}],"neow_cost":"CURSE","seed_source_timestamp":249565123810848,"circlet_count":0,"master_deck":["Strike_R","Strike_R","Strike_R","Strike_R","Strike_R","Defend_R","Defend_R","Defend_R+1","Defend_R","Bash+1","AscendersBane","Battle Trance+1","Thunderclap","Rampage","Pommel Strike","Hemokinesis","Juggernaut","Parasite","Cleave"],"relics":["Burning Blood","Thread and Needle","Juzu Bracelet","Pen Nib","Art of War","War Paint","Brimstone"],"potions_floor_usage":[3,6,12,16,16,16],"damage_taken":[{"damage":16,"enemies":"Jaw Worm","floor":1,"turns":5},{"damage":0,"enemies":"Small Slimes","floor":4,"turns":3},{"damage":12,"enemies":"Gremlin Nob","floor":6,"turns":3},{"damage":2,"enemies":"Cultist","floor":8,"turns":3},{"damage":36,"enemies":"Lagavulin","floor":10,"turns":6},{"damage":38,"enemies":"3 Sentries","floor":12,"turns":7},{"damage":10,"enemies":"Looter","floor":13,"turns":2},{"damage":25,"enemies":"Hexaghost","floor":16,"turns":4}],"seed_played":"-229368209321576465","potions_obtained":[{"floor":3,"key":"Fruit Juice"},{"floor":3,"key":"Poison Potion"},{"floor":3,"key":"Fire Potion"},{"floor":6,"key":"Swift Potion"},{"floor":8,"key":"GamblersBrew"},{"floor":13,"key":"SpeedPotion"}],"is_trial":false,"path_per_floor":["M","?","?","M","$","E","?","M","T","E","?","E","M","$","R"],"character_chosen":"IRONCLAD","items_purchased":["Rampage","Brimstone"],"campfire_rested":0,"item_purchase_floors":[5,14],"current_hp_per_floor":[62,55,60,66,66,60,60,64,64,34,55,23,19,19,19,0],"gold":14,"neow_bonus":"ONE_RARE_RELIC","is_prod":false,"is_daily":false,"chose_seed":false,"campfire_upgraded":1,"win_rate":0,"timestamp":1539457656,"path_taken":["M","?","?","M","?","E","?","M","T","E","?","E","M","?","R","BOSS"],"build_version":"2018-10-11","purchased_purges":0,"victory":false,"max_hp_per_floor":[80,80,85,85,85,85,85,85,85,85,85,85,85,85,85,85],"card_choices":[{"not_picked":["Twin Strike","Rampage"],"picked":"Battle Trance","floor":1},{"not_picked":["Perfected Strike","Havoc"],"picked":"Thunderclap","floor":4},{"not_picked":["Iron Wave","Flex"],"picked":"Pommel Strike","floor":6},{"not_picked":["Entrench","Twin Strike"],"picked":"Hemokinesis","floor":8},{"not_picked":["Blood for Blood","Headbutt"],"picked":"Juggernaut","floor":10},{"not_picked":["Hemokinesis","Carnage"],"picked":"Cleave","floor":12},{"not_picked":["Anger","Sever Soul","Carnage"],"picked":"SKIP","floor":13}],"player_experience":342381,"relics_obtained":[{"floor":6,"key":"Juzu Bracelet"},{"floor":9,"key":"Pen Nib"},{"floor":10,"key":"Art of War"},{"floor":12,"key":"War Paint"}],"event_choices":[{"event_name":"Golden Wing","player_choice":"Card Removal","floor":2,"damage_taken":0},{"event_name":"The Woman in Blue","player_choice":"Bought 3 Potions","floor":3,"damage_taken":0},{"event_name":"Liars Game","player_choice":"disagreed","floor":7,"damage_taken":0},{"event_name":"Mushrooms","player_choice":"Healed and dodged fight","floor":11,"damage_taken":0}],"is_beta":false,"boss_relics":[],"items_purged_floors":[],"is_endless":false,"potions_floor_spawned":[6,8,13],"killed_by":"Hexaghost","ascension_level":10}