{"gold_per_floor":[119,138,158,172,191,221,221,40,40,59,59,87,87,113,113,208,208,224,224,20,40,72,97,115,115,115,140,140],"floor_reached":28,"playtime":2140,"items_purged":[],"score":396,"play_id":"c6af7d5b-282f-423c-b10a-48be3b1f5db2","local_time":"20180722155511","is_ascension_mode":true,"campfire_choices":[{"data":"Chaos","floor":7.0,"key":"SMITH"},{"data":"Rip and Tear","floor":11.0,"key":"SMITH"},{"data":"Strike_B","floor":13.0,"key":"PURGE"},{"floor":15.0,"key":"REST"}],"neow_cost":"","seed_source_timestamp":47854303391384,"circlet_count":0,"master_deck":["Defend_B","Defend_B","Defend_B","Defend_B","Zap","Dualcast","Steam","Auto Shields","Cold Snap","Conserve Battery","Rip and Tear+1","Chaos+1","Cold Snap","Aggregate","Meteor Strike","Seek","White Noise+1","Compile Driver+1","Creative AI+1","Chaos+1","Ghostly","Ghostly","Ghostly","Ghostly","Ghostly","Redo+1","Reprogram+1"],"special_seed":0,"relics":["Cracked Core","Pantograph","Pen Nib","Ice Cream","Peace Pipe","Girya","Astrolabe","Lee\u0027s Waffle","Red Mask","Anchor","DataDisk","Bottled Lightning","Smiling Mask"],"potions_floor_usage":[22,27,28],"damage_taken":[{"damage":1.0,"enemies":"Cultist","floor":1.0,"turns":3.0},{"damage":0.0,"enemies":"Small Slimes","floor":2.0,"turns":2.0},{"damage":3.0,"enemies":"Jaw Worm","floor":3.0,"turns":4.0},{"damage":7.0,"enemies":"3 Louse","floor":4.0,"turns":4.0},{"damage":9.0,"enemies":"Large Slime","floor":5.0,"turns":5.0},{"damage":14.0,"enemies":"Gremlin Nob","floor":6.0,"turns":4.0},{"damage":0.0,"enemies":"2 Fungi Beasts","floor":10.0,"turns":4.0},{"damage":0.0,"enemies":"3 Sentries","floor":12.0,"turns":7.0},{"damage":13.0,"enemies":"Lagavulin","floor":14.0,"turns":6.0},{"damage":35.0,"enemies":"Hexaghost","floor":16.0,"turns":9.0},{"damage":0.0,"enemies":"Spheric Guardian","floor":18.0,"turns":3.0},{"damage":0,"enemies":"Chosen","floor":21,"turns":6},{"damage":19,"floor":22,"turns":7},{"damage":0,"enemies":"Gremlin Leader","floor":23,"turns":10},{"damage":0,"enemies":"Centurion and Healer","floor":24,"turns":7},{"damage":0,"enemies":"Slavers","floor":27,"turns":9},{"damage":43,"enemies":"Cultist and Chosen","floor":28,"turns":6}],"seed_played":"2727849066664537301","potions_obtained":[{"floor":3.0,"key":"AttackPotion"},{"floor":4.0,"key":"AttackPotion"},{"floor":6.0,"key":"Strength Potion"},{"floor":10.0,"key":"FocusPotion"},{"floor":18.0,"key":"Weak Potion"},{"floor":23,"key":"SkillPotion"},{"floor":24,"key":"FocusPotion"}],"is_trial":false,"path_per_floor":["M","M","M","M","M","E","R","$","T","M","R","E","R","E","R","B",null,"M","?","$","M","?","E","M","?","T","E"],"character_chosen":"DEFECT","items_purchased":["Pen Nib","Cold Snap","Lee\u0027s Waffle"],"campfire_rested":1,"item_purchase_floors":[8,8,20],"current_hp_per_floor":[74,74,71,64,55,41,41,41,41,41,41,41,41,28,50,40,75,75,37,44,44,25,25,25,25,25,25,0],"gold":140,"neow_bonus":"","is_prod":false,"is_daily":false,"chose_seed":false,"campfire_upgraded":2,"win_rate":0,"timestamp":1532289311,"path_taken":["M","M","M","?","M","E","R","$","T","M","R","E","R","E","R","BOSS","M","?","$","M","?","E","?","?","T","E","M"],"build_version":"2018-07-19v2","purchased_purges":0,"victory":false,"max_hp_per_floor":[75,75,75,75,75,75,75,75,75,75,75,75,75,75,75,75,75,75,37,44,44,44,44,44,44,44,44,44],"card_choices":[{"not_picked":["Stack","Gash"],"picked":"Steam","floor":1.0},{"not_picked":["Coolheaded","Defragment"],"picked":"Auto Shields","floor":2.0},{"not_picked":["Force Field","Go for the Eyes"],"picked":"Cold Snap","floor":3.0},{"not_picked":["Fusion","Static Discharge"],"picked":"Conserve Battery","floor":4.0},{"not_picked":["Double Energy","Redo"],"picked":"Rip and Tear","floor":5.0},{"not_picked":["Streamline","Doom and Gloom"],"picked":"Chaos","floor":6.0},{"not_picked":["Reprogram","Leap"],"picked":"Aggregate","floor":10.0},{"not_picked":["Undo","Gash"],"picked":"Meteor Strike","floor":12.0},{"not_picked":["Redo","Compile Driver","Streamline"],"picked":"SKIP","floor":14.0},{"not_picked":["Thunder Strike","Creative AI"],"picked":"Seek","floor":16.0},{"not_picked":["Doom and Gloom","Conserve Battery"],"picked":"Chaos+1","floor":18.0},{"not_picked":["Chill","Skim","Compile Driver"],"picked":"SKIP","floor":21},{"not_picked":["Leap+1","Gash"],"picked":"Redo+1","floor":23},{"not_picked":["Ball Lightning","Hologram"],"picked":"Reprogram+1","floor":24},{"not_picked":["Barrage","Cold Snap+1","Go for the Eyes"],"picked":"SKIP","floor":27}],"player_experience":115689,"relics_obtained":[{"floor":6.0,"key":"Pantograph"},{"floor":9.0,"key":"Ice Cream"},{"floor":12.0,"key":"Peace Pipe"},{"floor":14.0,"key":"Girya"},{"floor":22,"key":"Red Mask"},{"floor":23,"key":"Anchor"},{"floor":26,"key":"Bottled Lightning"},{"floor":27,"key":"Smiling Mask"}],"event_choices":[{"event_name":"Ghosts","player_choice":"Became a Ghost","floor":19.0,"damage_taken":0.0},{"event_name":"Masked Bandits","player_choice":"Fought over 40 gold","floor":22,"damage_taken":0},{"event_name":"The Mausoleum","player_choice":"Yes","floor":25,"damage_taken":0}],"is_beta":false,"boss_relics":[{"not_picked":["Velvet Choker","Inserter"],"picked":"Astrolabe"}],"items_purged_floors":[],"is_endless":false,"potions_floor_spawned":[3,4,6,10,18,23,24],"killed_by":"Cultist and Chosen","ascension_level":1}