{"gold_per_floor":[115,130,145,95,114,114,126,141,168,203,264,71,98,198,198,294,294,313,412,431,447,447],"floor_reached":22,"playtime":1950,"items_purged":[],"score":198,"play_id":"7e9746e1-6c16-4667-ad9e-d1f343fa665e","local_time":"20190123220358","is_ascension_mode":false,"campfire_choices":[{"data":"Zap","floor":6,"key":"SMITH"},{"data":"Consume","floor":15,"key":"SMITH"}],"neow_cost":"PERCENT_DAMAGE","seed_source_timestamp":1218530208517200,"circlet_count":0,"master_deck":["Strike_B","Strike_B","Strike_B","Strike_B","Defend_B","Defend_B","Defend_B","Defend_B","Zap+1","Dualcast","Leap","Ball Lightning","Fusion","Multi-Cast","Leap","Consume+1","White Noise","Rainbow","Defragment"],"relics":["Cracked Core","Blood Vial","Dodecahedron","Bag of Marbles","Lee\u0027s Waffle","Juzu Bracelet","Eternal Feather"],"potions_floor_usage":[10,11,16,16,21],"damage_taken":[{"damage":7,"enemies":"Small Slimes","floor":1,"turns":4},{"damage":0,"enemies":"Cultist","floor":2,"turns":4},{"damage":0,"enemies":"2 Louse","floor":3,"turns":3},{"damage":16,"enemies":"Exordium Thugs","floor":5,"turns":5},{"damage":4,"enemies":"Blue Slaver","floor":7,"turns":3},{"damage":5,"enemies":"Looter","floor":8,"turns":3},{"damage":17,"enemies":"3 Sentries","floor":10,"turns":7},{"damage":4,"enemies":"3 Sentries","floor":11,"turns":7},{"damage":49,"enemies":"Gremlin Nob","floor":13,"turns":5},{"damage":29,"enemies":"Slime Boss","floor":16,"turns":11},{"damage":24,"enemies":"3 Byrds","floor":18,"turns":5},{"damage":13,"enemies":"Shell Parasite","floor":20,"turns":8},{"damage":36,"enemies":"Centurion and Healer","floor":21,"turns":5},{"damage":22,"enemies":"3 Cultists","floor":22,"turns":3}],"seed_played":"-7990422794211267323","potions_obtained":[{"floor":3,"key":"Ancient Potion"},{"floor":5,"key":"Dexterity Potion"},{"floor":7,"key":"Fire Potion"},{"floor":13,"key":"PowerPotion"},{"floor":20,"key":"SneckoOil"}],"is_trial":false,"path_per_floor":["M","M","M","?","M","R","M","M","T","E","?","$","E","?","R","B",null,"M","?","M","M","M"],"character_chosen":"DEFECT","items_purchased":["Lee\u0027s Waffle"],"campfire_rested":0,"item_purchase_floors":[12],"current_hp_per_floor":[47,47,47,47,31,31,27,22,22,7,5,82,33,33,33,6,82,58,58,47,13,0],"gold":447,"neow_bonus":"THREE_RARE_CARDS","is_prod":false,"is_daily":false,"chose_seed":false,"campfire_upgraded":2,"win_rate":0.0,"timestamp":1548277438,"path_taken":["M","M","M","?","M","R","M","M","T","E","?","$","E","?","R","BOSS","M","?","M","M","M"],"build_version":"2019-01-23","purchased_purges":0,"victory":false,"max_hp_per_floor":[75,75,75,75,75,75,75,75,75,75,75,82,82,82,82,82,82,82,82,82,82,82],"card_choices":[{"not_picked":["Amplify","Core Surge"],"picked":"Buffer","floor":0},{"not_picked":["Streamline","Hello World","Chill"],"picked":"SKIP","floor":1},{"not_picked":["Aggregate","Beam Cell"],"picked":"Leap","floor":2},{"not_picked":["Steam","Hologram"],"picked":"Ball Lightning","floor":3},{"not_picked":["Streamline","Barrage","Glacier"],"picked":"SKIP","floor":5},{"not_picked":["Stack","Reprogram"],"picked":"Fusion","floor":7},{"not_picked":["Scrape","Go for the Eyes"],"picked":"Multi-Cast","floor":8},{"not_picked":["Multi-Cast","Coolheaded"],"picked":"Leap","floor":10},{"not_picked":["Turbo","Streamline"],"picked":"Consume","floor":11},{"not_picked":["Double Energy","Rebound"],"picked":"White Noise","floor":13},{"not_picked":["Meteor Strike","Biased Cognition"],"picked":"Rainbow","floor":16},{"not_picked":["Barrage","Beam Cell","Hologram+1"],"picked":"SKIP","floor":18},{"not_picked":["FTL","Hologram","Rip and Tear"],"picked":"SKIP","floor":20},{"not_picked":["Genetic Algorithm","Leap"],"picked":"Defragment","floor":21}],"player_experience":66798,"relics_obtained":[{"floor":9,"key":"Blood Vial"},{"floor":10,"key":"Dodecahedron"},{"floor":11,"key":"Bag of Marbles"},{"floor":13,"key":"Juzu Bracelet"}],"event_choices":[{"cards_removed":["Buffer"],"damage_healed":0,"gold_gain":0,"player_choice":"Card Removal","damage_taken":0,"max_hp_gain":0,"max_hp_loss":0,"event_name":"The Cleric","floor":4,"gold_loss":50},{"damage_healed":0,"gold_gain":0,"player_choice":"Searched \u00271\u0027 times","damage_taken":0,"max_hp_gain":0,"max_hp_loss":0,"event_name":"Dead Adventurer","floor":11,"gold_loss":0},{"damage_healed":0,"gold_gain":100,"player_choice":"Pray","damage_taken":0,"max_hp_gain":0,"max_hp_loss":0,"event_name":"Golden Shrine","floor":14,"gold_loss":0},{"damage_healed":0,"gold_gain":99,"player_choice":"Stole From Cult","damage_taken":0,"max_hp_gain":0,"max_hp_loss":0,"event_name":"Nest","floor":19,"gold_loss":0}],"is_beta":false,"boss_relics":[{"not_picked":["Velvet Choker","Calling Bell"],"picked":"Eternal Feather"}],"items_purged_floors":[],"is_endless":false,"potions_floor_spawned":[3,5,7,13,20],"killed_by":"3 Cultists","ascension_level":0}