{"gold_per_floor":[116,116,116,35,35,35,35,69,69,69,103,103,177,193,193,286,286,311,332,357,357,373,373,298,134,134,134,134,157,157,170,170,170],"floor_reached":33,"playtime":1224,"items_purged":["Strike_R"],"score":622,"play_id":"1488a6e9-fd42-4f1f-bcee-b777b0b13ee1","local_time":"20190503021911","is_ascension_mode":true,"campfire_choices":[{"floor":6,"key":"REST"},{"data":"Bash","floor":10,"key":"SMITH"},{"data":"Disarm","floor":15,"key":"SMITH"},{"floor":23,"key":"REST"},{"data":"True Grit","floor":28,"key":"SMITH"},{"floor":32,"key":"REST"}],"neow_cost":"NONE","seed_source_timestamp":1990307115386762,"circlet_count":0,"master_deck":["AscendersBane","Strike_R","Defend_R","Defend_R","Defend_R","Defend_R","Bash+1","Flame Barrier","Disarm+1","Spot Weakness","Heavy Blade","Sword Boomerang","Ghostly Armor","Offering","True Grit+1","Impervious","Shockwave","Seeing Red","Feel No Pain","Headbutt"],"special_seed":0,"relics":["Burning Blood","NeowsBlessing","Golden Idol","Regal Pillow","Omamori","Anchor","Turnip","Tiny Chest","Empty Cage","Mummified Hand"],"potions_floor_usage":[18,19,19,20,22,31,33,33,33],"damage_taken":[{"damage":0.0,"enemies":"Jaw Worm","floor":1.0,"turns":1.0},{"damage":0,"enemies":"Lagavulin","floor":8,"turns":2},{"damage":0,"enemies":"3 Sentries","floor":11,"turns":1},{"damage":34,"enemies":"Lagavulin","floor":13,"turns":7},{"damage":0,"enemies":"Small Slimes","floor":14,"turns":3},{"damage":20,"enemies":"Hexaghost","floor":16,"turns":7},{"damage":32,"enemies":"Chosen","floor":18,"turns":5},{"damage":25,"enemies":"2 Thieves","floor":19,"turns":4},{"damage":13,"enemies":"Snake Plant","floor":20,"turns":5},{"damage":18,"enemies":"Centurion and Healer","floor":22,"turns":12},{"damage":19,"enemies":"Chosen and Byrds","floor":29,"turns":8},{"damage":34,"enemies":"Snecko","floor":31,"turns":9},{"damage":50,"enemies":"Champ","floor":33,"turns":18}],"seed_played":"-6886042497935167797","potions_obtained":[{"floor":8,"key":"Explosive Potion"},{"floor":11,"key":"Energy Potion"},{"floor":16,"key":"EntropicBrew"},{"floor":20,"key":"Energy Potion"},{"floor":29,"key":"SteroidPotion"},{"floor":31,"key":"EntropicBrew"}],"is_trial":false,"path_per_floor":["M","?","?","$","?","R","$","E","T","R","E","?","E","M","R","B",null,"M","M","M","?","M","R","?","$","T","?","R","M","?","M","R","B"],"character_chosen":"IRONCLAD","items_purchased":["Disarm","Feel No Pain"],"campfire_rested":3,"item_purchase_floors":[4,25],"current_hp_per_floor":[74,48,53,53,35,74,74,80,80,80,80,80,52,58,58,44,71,45,26,27,27,15,54,54,54,54,54,54,41,41,13,52,2],"gold":170,"neow_bonus":"THREE_ENEMY_KILL","is_prod":false,"is_daily":false,"chose_seed":false,"campfire_upgraded":3,"win_rate":0,"timestamp":1556864351,"path_taken":["M","?","?","$","?","R","?","E","T","R","E","?","E","M","R","BOSS","M","M","M","?","M","R","?","$","T","?","R","M","?","?","R","BOSS"],"build_version":"2019-04-23","purchased_purges":1,"victory":false,"max_hp_per_floor":[75,75,80,80,80,80,80,80,80,80,80,80,80,80,80,80,80,80,80,80,80,80,80,80,80,80,80,80,80,80,80,80,80],"card_choices":[{"not_picked":["Heavy Blade","Spot Weakness"],"picked":"Flame Barrier","floor":1.0},{"not_picked":["Clothesline","Cleave"],"picked":"Spot Weakness","floor":8},{"not_picked":["Sever Soul","Ghostly Armor"],"picked":"Heavy Blade","floor":11},{"not_picked":["Iron Wave","Seeing Red"],"picked":"Sword Boomerang","floor":13},{"not_picked":["Cleave","Twin Strike"],"picked":"Ghostly Armor","floor":14},{"not_picked":["Juggernaut","Berserk"],"picked":"Offering","floor":16},{"not_picked":["Sword Boomerang","Armaments"],"picked":"True Grit","floor":18},{"not_picked":["Havoc","Evolve+1"],"picked":"Impervious","floor":19},{"not_picked":["Warcry+1","Battle Trance"],"picked":"Shockwave","floor":20},{"not_picked":["Flex","Pommel Strike"],"picked":"Seeing Red","floor":22},{"not_picked":["Entrench","Intimidate","Dropkick"],"picked":"SKIP","floor":29},{"not_picked":["Perfected Strike","Iron Wave"],"picked":"Headbutt","floor":31}],"player_experience":1609465,"relics_obtained":[{"floor":8,"key":"Omamori"},{"floor":9,"key":"Anchor"},{"floor":11,"key":"Turnip"},{"floor":13,"key":"Tiny Chest"}],"event_choices":[{"damage_healed":0.0,"max_hp_gain":0.0,"max_hp_loss":0.0,"gold_gain":0.0,"event_name":"Golden Idol","player_choice":"Take Damage","floor":2.0,"gold_loss":0.0,"damage_taken":26.0,"relics_obtained":["Golden Idol"]},{"damage_healed":0,"gold_gain":0,"player_choice":"Donut","damage_taken":0,"max_hp_gain":5,"max_hp_loss":0,"event_name":"Big Fish","floor":3,"gold_loss":0},{"damage_healed":0,"gold_gain":0,"player_choice":"Success","damage_taken":18,"relics_obtained":["Regal Pillow"],"max_hp_gain":0,"max_hp_loss":0,"event_name":"Scrap Ooze","floor":5,"gold_loss":0},{"damage_healed":0,"gold_gain":0,"player_choice":"Ignored","damage_taken":0,"max_hp_gain":0,"max_hp_loss":0,"event_name":"Liars Game","floor":12,"gold_loss":0},{"damage_healed":0,"gold_gain":0,"player_choice":"Stole Relic","damage_taken":0,"relics_obtained":["Mummified Hand"],"max_hp_gain":0,"max_hp_loss":0,"event_name":"Addict","floor":21,"gold_loss":0,"cards_obtained":["Shame"]},{"cards_removed":["Strike_R"],"damage_healed":0,"gold_gain":0,"player_choice":"Gave Gold","damage_taken":0,"max_hp_gain":0,"max_hp_loss":0,"event_name":"Beggar","floor":24,"gold_loss":75},{"damage_healed":0,"gold_gain":0,"player_choice":"Ignored","damage_taken":0,"max_hp_gain":0,"max_hp_loss":0,"event_name":"Vampires","floor":27,"gold_loss":0},{"damage_healed":0,"gold_gain":0,"player_choice":"Ignored","damage_taken":0,"max_hp_gain":0,"max_hp_loss":0,"event_name":"Ghosts","floor":30,"gold_loss":0}],"is_beta":true,"boss_relics":[{"not_picked":["Eternal Feather","White Beast Statue"],"picked":"Empty Cage"}],"items_purged_floors":[25],"is_endless":false,"potions_floor_spawned":[8,11,13,16,20,29,31],"killed_by":"Champ","ascension_level":20}