{"gold_per_floor":[119,134,209,209,228,228,245,47,74,103,131,155,167,190,202,318,330,359,391,414,441,150,178,178,190,235,253,49,49,49,68,68,68],"floor_reached":33,"playtime":2487,"items_purged":["Strike_B","Defend_B"],"score":396,"play_id":"62aad68d-613a-4479-b8b6-5a0c90fe5ef1","local_time":"20181011185253","is_ascension_mode":true,"campfire_choices":[{"data":"Zap","floor":6,"key":"SMITH"},{"floor":15,"key":"REST"},{"data":"Chaos","floor":24,"key":"SMITH"},{"floor":29,"key":"REST"},{"floor":32,"key":"REST"}],"neow_cost":"TEN_PERCENT_HP_LOSS","seed_source_timestamp":88458363837290,"circlet_count":0,"master_deck":["Strike_B+1","Defend_B","Defend_B+1","Zap+1","Dualcast","Beam Cell+1","Scrape","Steam","Self Repair","Conserve Battery","Ball Lightning","Lockon","Redo+1","Defragment","Melter","Compile Driver","Reprogram","Creative AI","BootSequence","Defragment","Glacier","Auto Shields","Leap","Chaos+1","Coolheaded+1","Parasite","Decay","Heatsinks"],"relics":["Cracked Core","Symbiotic Virus","Whetstone","MawBank","Cursed Key","Strawberry","Art of War","War Paint","Bag of Preparation"],"potions_floor_usage":[14,16,19,23,23,27,27,33],"damage_taken":[{"damage":3,"enemies":"Small Slimes","floor":1,"turns":2},{"damage":0,"enemies":"2 Louse","floor":2,"turns":2},{"damage":12,"enemies":"Jaw Worm","floor":5,"turns":3},{"damage":15,"enemies":"Exordium Wildlife","floor":7,"turns":4},{"damage":23,"enemies":"Lagavulin","floor":10,"turns":6},{"damage":0,"enemies":"Large Slime","floor":11,"turns":2},{"damage":2,"enemies":"Blue Slaver","floor":12,"turns":3},{"damage":0,"enemies":"Lots of Slimes","floor":14,"turns":1},{"damage":10,"enemies":"Slime Boss","floor":16,"turns":4},{"damage":7,"enemies":"Chosen","floor":18,"turns":4},{"damage":14,"enemies":"3 Byrds","floor":19,"turns":3},{"damage":37,"enemies":"Snake Plant","floor":20,"turns":4},{"damage":7,"enemies":"Cultist and Chosen","floor":21,"turns":6},{"damage":10,"enemies":"Book of Stabbing","floor":23,"turns":4},{"damage":11,"enemies":"Centurion and Healer","floor":25,"turns":6},{"damage":4,"enemies":"Sentry and Sphere","floor":27,"turns":4},{"damage":18,"enemies":"Snecko","floor":31,"turns":3},{"damage":78,"enemies":"Collector","floor":33,"turns":7}],"seed_played":"4330158126241128259","potions_obtained":[{"floor":7,"key":"Explosive Potion"},{"floor":10,"key":"LiquidBronze"},{"floor":11,"key":"Weak Potion"},{"floor":16,"key":"PowerPotion"},{"floor":19,"key":"Ancient Potion"},{"floor":20,"key":"AttackPotion"},{"floor":23,"key":"GamblersBrew"},{"floor":27,"key":"SpeedPotion"}],"is_trial":false,"path_per_floor":["M","M","?","T","M","R","M","$","T","E","M","M","?","M","R","B",null,"M","M","M","M","$","E","R","M","T","M","$","R","?","M","R"],"character_chosen":"DEFECT","items_purchased":["Lockon","Redo","Leap","Strawberry","Bag of Preparation","Block Potion"],"campfire_rested":3,"item_purchase_floors":[8,8,22,22,28,28],"current_hp_per_floor":[65,65,54,54,49,49,41,41,41,25,32,37,30,30,50,47,63,63,49,19,19,26,23,23,19,19,15,15,37,37,19,41,0],"gold":68,"neow_bonus":"TRANSFORM_TWO_CARDS","is_prod":false,"is_daily":false,"chose_seed":false,"campfire_upgraded":2,"win_rate":0,"timestamp":1539298373,"path_taken":["M","M","?","?","M","R","M","$","T","E","?","M","?","M","R","BOSS","M","M","?","?","$","E","R","M","T","M","$","R","?","?","R","BOSS"],"build_version":"2018-10-04v2","purchased_purges":2,"victory":false,"max_hp_per_floor":[68,68,68,68,68,68,68,68,68,68,68,68,68,68,68,68,68,68,68,68,68,75,75,75,75,75,75,75,75,75,75,75,75],"card_choices":[{"not_picked":["Redo","Cold Snap"],"picked":"Steam","floor":1},{"not_picked":["Steam","Chill"],"picked":"Self Repair","floor":2},{"not_picked":["Consume","Rebound"],"picked":"Conserve Battery","floor":5},{"not_picked":["Cold Snap","BootSequence"],"picked":"Ball Lightning","floor":7},{"not_picked":["Stack","Reinforced Body"],"picked":"Defragment","floor":10},{"not_picked":["Chill","Rainbow"],"picked":"Melter","floor":11},{"not_picked":["Beam Cell","Streamline"],"picked":"Compile Driver","floor":12},{"not_picked":["Streamline","Stack"],"picked":"Reprogram","floor":14},{"not_picked":["Meteor Strike","Fission"],"picked":"Creative AI","floor":16},{"not_picked":["Barrage","Stack"],"picked":"BootSequence","floor":18},{"not_picked":["Barrage","Compile Driver"],"picked":"Defragment","floor":19},{"not_picked":["Blizzard","Steam Power"],"picked":"Glacier","floor":20},{"not_picked":["Go for the Eyes","Genetic Algorithm"],"picked":"Auto Shields","floor":21},{"not_picked":["Rip and Tear+1","Reboot"],"picked":"Chaos","floor":23},{"not_picked":["Conserve Battery","Melter+1"],"picked":"Coolheaded+1","floor":25},{"not_picked":["Streamline","Static Discharge","Sweeping Beam+1"],"picked":"SKIP","floor":27},{"not_picked":["Sweeping Beam+1","Rebound"],"picked":"Heatsinks","floor":31}],"player_experience":326677,"relics_obtained":[{"floor":4,"key":"Symbiotic Virus"},{"floor":9,"key":"Whetstone"},{"floor":10,"key":"MawBank"},{"floor":23,"key":"Art of War"},{"floor":26,"key":"War Paint"}],"event_choices":[{"event_name":"World of Goop","player_choice":"Gather Gold","floor":3,"damage_taken":0},{"event_name":"Golden Wing","player_choice":"Card Removal","floor":13,"damage_taken":0},{"event_name":"Forgotten Altar","player_choice":"Smashed Altar","floor":30,"damage_taken":0}],"is_beta":false,"boss_relics":[{"not_picked":["Black Star","Lizard Tail"],"picked":"Cursed Key"}],"items_purged_floors":[8,22],"is_endless":false,"potions_floor_spawned":[7,10,11,16,19,20,21,23,27],"killed_by":"Collector","ascension_level":9}