{"gold_per_floor":[117,131,81,81,101,126,14,14,14,14,28,28],"floor_reached":12,"playtime":380,"items_purged":["Doubt"],"score":133,"play_id":"3ca1365b-5242-4b37-8d81-f5e09487bba4","local_time":"20190105164017","is_ascension_mode":true,"campfire_choices":[{"data":"Feel No Pain","floor":8.0,"key":"SMITH"},{"data":"Feed","floor":10.0,"key":"SMITH"}],"neow_cost":"CURSE","seed_source_timestamp":272088951461888,"circlet_count":0,"master_deck":["AscendersBane","Strike_R","Strike_R","Strike_R","Strike_R","Defend_R","Defend_R","Defend_R","Defend_R","Bash","Feed+1","Feel No Pain+1","Headbutt","Double Tap","Rupture","Dual Wield"],"special_seed":0,"relics":["Burning Blood","Ornamental Fan","Ancient Tea Set"],"potions_floor_usage":[],"damage_taken":[{"damage":12.0,"enemies":"Small Slimes","floor":1.0,"turns":4.0},{"damage":0.0,"enemies":"Jaw Worm","floor":2.0,"turns":1.0},{"damage":1.0,"enemies":"Cultist","floor":5.0,"turns":3.0},{"damage":37.0,"enemies":"Gremlin Nob","floor":6.0,"turns":5.0},{"damage":12.0,"enemies":"3 Louse","floor":11.0,"turns":3.0},{"damage":62,"enemies":"Lagavulin","floor":12,"turns":6}],"seed_played":"-1569139319131057797","potions_obtained":[{"floor":1.0,"key":"AttackPotion"},{"floor":2.0,"key":"Swift Potion"},{"floor":5.0,"key":"Explosive Potion"}],"is_trial":false,"path_per_floor":["M","M","?","?","M","E","$","R","T","R","M","E"],"character_chosen":"IRONCLAD","items_purchased":["Rupture"],"campfire_rested":0,"item_purchase_floors":[7],"current_hp_per_floor":[65,71,71,71,79,48,48,48,48,48,46,0],"gold":28,"neow_bonus":"THREE_RARE_CARDS","is_prod":false,"is_daily":false,"chose_seed":false,"campfire_upgraded":2,"win_rate":0,"timestamp":1546724417,"path_taken":["M","M","?","?","M","E","$","R","T","R","M","E"],"build_version":"2019-01-03v4","purchased_purges":1,"victory":false,"max_hp_per_floor":[78,78,78,78,81,81,81,81,81,81,85,85],"card_choices":[{"not_picked":["Juggernaut","Brutality"],"picked":"Feed","floor":0.0},{"not_picked":["Havoc","Thunderclap"],"picked":"Feel No Pain","floor":1.0},{"not_picked":["Perfected Strike","Sword Boomerang"],"picked":"Headbutt","floor":2.0},{"not_picked":["Bloodletting","Twin Strike","Intimidate"],"picked":"SKIP","floor":5.0},{"not_picked":["Shrug It Off","Sever Soul"],"picked":"Double Tap","floor":6.0},{"not_picked":["Clash","Twin Strike"],"picked":"Dual Wield","floor":11.0}],"player_experience":509745,"relics_obtained":[{"floor":6.0,"key":"Ornamental Fan"},{"floor":9.0,"key":"Ancient Tea Set"}],"event_choices":[{"cards_removed":["Strike_R"],"damage_healed":0.0,"max_hp_gain":0.0,"max_hp_loss":0.0,"gold_gain":0.0,"event_name":"The Cleric","player_choice":"Card Removal","floor":3.0,"gold_loss":50.0,"damage_taken":0.0},{"damage_healed":0.0,"max_hp_gain":0.0,"max_hp_loss":0.0,"gold_gain":0.0,"event_name":"The Woman in Blue","player_choice":"Bought 0 Potions","floor":4.0,"gold_loss":0.0,"damage_taken":0.0}],"is_beta":false,"boss_relics":[],"items_purged_floors":[7],"is_endless":false,"potions_floor_spawned":[1,2,5],"killed_by":"Lagavulin","ascension_level":14}