{"gold_per_floor":[110,110,110,124,124,85,125,139,139,139,158,182,26,47,47,141,204,224,224,248,248,248,248,291,291,291,291,0,18,18,42,42,42],"floor_reached":33,"playtime":1474,"items_purged":["Strike_G","Writhe"],"score":522,"play_id":"0b683ae5-f747-45f4-8a94-bdf41f7c464b","local_time":"20190324063153","is_ascension_mode":true,"campfire_choices":[{"data":"Accuracy","floor":10,"key":"SMITH"},{"data":"Neutralize","floor":15,"key":"SMITH"},{"data":"Blade Dance","floor":23,"key":"SMITH"},{"floor":25,"key":"REST"},{"data":"Noxious Fumes","floor":27,"key":"SMITH"},{"floor":32,"key":"REST"}],"neow_cost":"NONE","seed_source_timestamp":1168834078290064,"circlet_count":0,"master_deck":["AscendersBane","Defend_G","Defend_G+1","Defend_G+1","Defend_G","Defend_G","Strike_G","Strike_G","Strike_G+1","Strike_G","Survivor","Neutralize+1","Dagger Spray","Noxious Fumes+1","Accuracy+1","Deflect","Leg Sweep","Backstab","Malaise","Blade Dance+1","Blur","Infinite Blades","Terror","PiercingWail"],"relics":["Ring of the Snake","NeowsBlessing","Golden Idol","Orichalcum","Ninja Scroll","StoneCalendar","Tiny House","Bird Faced Urn","Prayer Wheel","War Paint","Bottled Flame"],"potions_floor_usage":[16,16,24,29,33,33],"damage_taken":[{"damage":0,"enemies":"2 Louse","floor":1,"turns":1},{"damage":0,"enemies":"Small Slimes","floor":4,"turns":1},{"damage":0,"enemies":"Lagavulin","floor":7,"turns":1},{"damage":0,"enemies":"Jaw Worm","floor":8,"turns":3},{"damage":10,"enemies":"Exordium Thugs","floor":11,"turns":5},{"damage":0,"enemies":"Exordium Wildlife","floor":12,"turns":2},{"damage":0,"enemies":"Red Slaver","floor":14,"turns":5},{"damage":14,"enemies":"Slime Boss","floor":16,"turns":7},{"damage":0,"enemies":"3 Byrds","floor":18,"turns":6},{"damage":7,"enemies":"Shell Parasite","floor":20,"turns":6},{"damage":44,"enemies":"Slavers","floor":24,"turns":7},{"damage":4,"enemies":"Shelled Parasite and Fungi","floor":29,"turns":4},{"damage":17,"enemies":"Centurion and Healer","floor":31,"turns":7},{"damage":53,"enemies":"Automaton","floor":33,"turns":6}],"seed_played":"1802017119050129096","potions_obtained":[{"floor":4,"key":"AttackPotion"},{"floor":8,"key":"PowerPotion"},{"floor":16,"key":"SteroidPotion"},{"floor":17,"key":"SmokeBomb"},{"floor":29,"key":"Poison Potion"}],"is_trial":false,"path_per_floor":["M","?","?","M","T","$","E","M","T","R","M","M","$","M","R","B",null,"M","?","M","?","?","R","E","R","T","R","$","M","$","M","R","B"],"character_chosen":"THE_SILENT","items_purchased":["Noxious Fumes","Leg Sweep","Infinite Blades","SteroidPotion","Energy Potion"],"campfire_rested":2,"item_purchase_floors":[6,13,28,28,28],"current_hp_per_floor":[59,59,59,59,59,59,59,59,59,59,49,49,49,49,49,35,59,59,59,56,56,56,56,14,33,33,33,33,35,35,24,43,0],"gold":42,"neow_bonus":"THREE_ENEMY_KILL","is_prod":false,"is_daily":false,"chose_seed":false,"campfire_upgraded":4,"win_rate":0,"timestamp":1553427113,"path_taken":["M","?","?","M","?","$","E","M","T","R","M","?","$","M","R","BOSS","M","?","?","?","?","R","E","R","T","R","$","M","?","M","R","BOSS"],"build_version":"2019-01-23","purchased_purges":2,"victory":false,"max_hp_per_floor":[66,66,60,60,60,60,60,60,60,60,60,60,60,60,60,60,65,65,65,65,65,65,65,65,65,65,65,65,65,65,65,65,65],"card_choices":[{"not_picked":["Slice","Flechettes","Flying Knee"],"picked":"SKIP","floor":1},{"not_picked":["Endless Agony","Blade Dance"],"picked":"Dagger Spray","floor":4},{"not_picked":["Eviscerate","Sucker Punch","Dagger Spray"],"picked":"SKIP","floor":7},{"not_picked":["Terror","Deflect"],"picked":"Accuracy","floor":8},{"not_picked":["Skewer","Venomology","Setup"],"picked":"SKIP","floor":11},{"not_picked":["Concentrate","Dodge and Roll"],"picked":"Deflect","floor":12},{"not_picked":["Eviscerate","Dodge and Roll"],"picked":"Backstab","floor":14},{"not_picked":["Die Die Die","Grand Finale"],"picked":"Malaise","floor":16},{"not_picked":["Leg Sweep","Caltrops"],"picked":"Blade Dance","floor":17},{"not_picked":["Deflect","Underhanded Strike","Leg Sweep+1"],"picked":"SKIP","floor":18},{"not_picked":["Skewer","Expertise","Dagger Spray"],"picked":"SKIP","floor":20},{"not_picked":["Calculated Gamble","Dagger Spray"],"picked":"Blur","floor":24},{"not_picked":["Dodge and Roll","Dagger Throw"],"picked":"Terror","floor":29},{"not_picked":["Slice","Underhanded Strike","Distraction"],"picked":"SKIP","floor":29},{"not_picked":["All Out Attack","Outmaneuver"],"picked":"PiercingWail","floor":31},{"not_picked":["Slice","Dagger Throw","Concentrate"],"picked":"SKIP","floor":31}],"player_experience":645946,"relics_obtained":[{"floor":5,"key":"Orichalcum"},{"floor":7,"key":"Ninja Scroll"},{"floor":9,"key":"StoneCalendar"},{"floor":24,"key":"War Paint"},{"floor":26,"key":"Bottled Flame"}],"event_choices":[{"damage_healed":0,"gold_gain":0,"player_choice":"Ignored","damage_taken":0,"max_hp_gain":0,"max_hp_loss":0,"event_name":"Golden Wing","floor":2,"gold_loss":0},{"damage_healed":0,"gold_gain":0,"player_choice":"Lose Max HP","damage_taken":0,"relics_obtained":["Golden Idol"],"max_hp_gain":0,"max_hp_loss":6,"event_name":"Golden Idol","floor":3,"gold_loss":0},{"damage_healed":0,"gold_gain":0,"player_choice":"Gave Potion","damage_taken":0,"relics_obtained":["Bird Faced Urn"],"max_hp_gain":0,"max_hp_loss":0,"event_name":"WeMeetAgain","floor":19,"gold_loss":0},{"damage_healed":0,"gold_gain":0,"player_choice":"Ignored","damage_taken":0,"max_hp_gain":0,"max_hp_loss":0,"event_name":"Ghosts","floor":21,"gold_loss":0},{"damage_healed":0,"gold_gain":0,"player_choice":"Opened","damage_taken":0,"relics_obtained":["Prayer Wheel"],"max_hp_gain":0,"max_hp_loss":0,"event_name":"The Mausoleum","floor":22,"gold_loss":0,"cards_obtained":["Writhe"]}],"is_beta":false,"boss_relics":[{"not_picked":["Ring of the Serpent","Calling Bell"],"picked":"Tiny House"}],"items_purged_floors":[13,28],"is_endless":false,"potions_floor_spawned":[4,8,16,29,31],"killed_by":"Automaton","ascension_level":16}