{"gold_per_floor":[218,238,218,21,36,36,65,65,65,100,14,32,60,72,72,149,149,159,179,13,26,26,26,42,73,73,73,106,106,141,172,184,272,284,307,338,350,373,96,96,115,131,155,155,155,186,234,262,262,262,262],"floor_reached":51,"playtime":3429,"items_purged":[],"score":1570,"play_id":"71c30fc9-a645-4cdb-983a-ae17b73db4bb","local_time":"20190317155313","is_ascension_mode":true,"campfire_choices":[{"data":"Bash","floor":6.0,"key":"SMITH"},{"floor":8.0,"key":"REST"},{"data":"Inflame","floor":15.0,"key":"SMITH"},{"floor":23.0,"key":"REST"},{"data":"Limit Break","floor":27.0,"key":"SMITH"},{"floor":29.0,"key":"REST"},{"floor":32.0,"key":"REST"},{"floor":40.0,"key":"REST"},{"floor":44.0,"key":"RECALL"},{"floor":49.0,"key":"REST"}],"neow_cost":"NONE","seed_source_timestamp":0,"circlet_count":0,"master_deck":["AscendersBane","Strike_R","Strike_R","Strike_R","Strike_R","Defend_R","Defend_R","Defend_R","Defend_R","Bash+1","Iron Wave","Disarm","Perfected Strike","Headbutt","Warcry","Inflame+1","Twin Strike","Anger","Spot Weakness","Feed","Shrug It Off","Limit Break+1","Battle Trance","Anger","True Grit","Flame Barrier+1","Flame Barrier+1","Headbutt","Immolate","Swift Strike","Trip","Pummel","Clothesline+1","Sword Boomerang+1"],"special_seed":0,"relics":["Burning Blood","Bag of Marbles","Torii","Red Skull","Shuriken","White Beast Statue","Nunchaku","Bottled Tornado","Regal Pillow","MawBank","Busted Crown","Potion Belt","Anchor","Pocketwatch","Mango","Omamori"],"potions_floor_usage":[50,50,51],"damage_taken":[{"damage":3.0,"enemies":"2 Louse","floor":1.0,"turns":3.0},{"damage":7.0,"enemies":"Cultist","floor":2.0,"turns":4.0},{"damage":11.0,"enemies":"Small Slimes","floor":5.0,"turns":5.0},{"damage":31.0,"enemies":"Lagavulin","floor":7.0,"turns":7.0},{"damage":18.0,"enemies":"Gremlin Nob","floor":10.0,"turns":4.0},{"damage":2.0,"enemies":"Red Slaver","floor":12.0,"turns":4.0},{"damage":23.0,"enemies":"3 Sentries","floor":13.0,"turns":7.0},{"damage":0.0,"enemies":"Looter","floor":14.0,"turns":1.0},{"damage":9.0,"enemies":"Hexaghost","floor":16.0,"turns":7.0},{"damage":45.0,"enemies":"Shell Parasite","floor":18.0,"turns":5.0},{"damage":11.0,"enemies":"2 Thieves","floor":19.0,"turns":2.0},{"damage":24.0,"enemies":"Snake Plant","floor":21.0,"turns":2.0},{"damage":0.0,"enemies":"Snecko","floor":24.0,"turns":2.0},{"damage":0.0,"enemies":"Gremlin Leader","floor":25.0,"turns":4.0},{"damage":50.0,"enemies":"Slavers","floor":28.0,"turns":7.0},{"damage":19.0,"enemies":"Gremlin Leader","floor":30.0,"turns":6.0},{"damage":15.0,"enemies":"3 Cultists","floor":31.0,"turns":5.0},{"damage":61.0,"enemies":"Automaton","floor":33.0,"turns":10.0},{"damage":1.0,"enemies":"Orb Walker","floor":35.0,"turns":4.0},{"damage":50.0,"enemies":"3 Darklings","floor":36.0,"turns":5.0},{"damage":17.0,"enemies":"4 Shapes","floor":38.0,"turns":7.0},{"damage":2.0,"enemies":"Maw","floor":41.0,"turns":6.0},{"damage":14.0,"enemies":"3 Darklings","floor":42.0,"turns":4.0},{"damage":22.0,"enemies":"Reptomancer","floor":46.0,"turns":4.0},{"damage":24.0,"enemies":"2 Orb Walkers","floor":47.0,"turns":3.0},{"damage":24.0,"enemies":"Giant Head","floor":48.0,"turns":5.0},{"damage":55,"enemies":"Awakened One","floor":50,"turns":7},{"damage":47,"enemies":"Donu and Deca","floor":51,"turns":4}],"seed_played":"8011169455919508034","potions_obtained":[{"floor":1.0,"key":"Ancient Potion"},{"floor":3.0,"key":"LiquidBronze"},{"floor":12.0,"key":"SteroidPotion"},{"floor":13.0,"key":"SpeedPotion"},{"floor":18.0,"key":"SpeedPotion"},{"floor":19.0,"key":"Energy Potion"},{"floor":24.0,"key":"PowerPotion"},{"floor":25.0,"key":"SpeedPotion"},{"floor":28.0,"key":"Block Potion"},{"floor":30.0,"key":"SneckoOil"},{"floor":31.0,"key":"PowerPotion"},{"floor":33.0,"key":"Energy Potion"},{"floor":35.0,"key":"LiquidBronze"},{"floor":36.0,"key":"Energy Potion"},{"floor":38.0,"key":"SteroidPotion"},{"floor":41.0,"key":"SkillPotion"},{"floor":42.0,"key":"Block Potion"},{"floor":46.0,"key":"Strength Potion"},{"floor":47.0,"key":"Explosive Potion"},{"floor":48.0,"key":"Block Potion"}],"is_trial":false,"path_per_floor":["M","M","?","$","M","R","E","R","T","E","$","M","E","M","R","B",null,"M","M","$","M","?","R","M","E","T","R","E","R","E","M","R","B",null,"M","M","?","M","$","R","M","M","T","R","?","E","?","E","R","B","B"],"character_chosen":"IRONCLAD","items_purchased":["Bag of Marbles","Perfected Strike","Inflame","Limit Break","Potion Belt","Trip","Pummel"],"campfire_rested":6,"item_purchase_floors":[4,4,11,20,39,39,39],"current_hp_per_floor":[71,70,70,70,65,65,40,62,62,50,50,54,37,43,43,40,66,30,25,25,10,10,34,40,49,49,49,8,49,36,27,68,13,69,77,33,33,25,25,67,74,66,66,66,66,50,46,31,79,30,0],"gold":262,"neow_bonus":"HUNDRED_GOLD","is_prod":false,"is_daily":false,"chose_seed":false,"campfire_upgraded":3,"win_rate":0,"timestamp":1552855993,"path_taken":["M","M","?","$","M","R","E","R","T","E","?","M","E","M","R","BOSS","M","M","$","M","?","R","?","E","T","R","E","R","E","M","R","BOSS","M","M","?","M","$","R","M","M","T","R","?","E","?","E","R","BOSS","BOSS"],"build_version":"2019-01-23","purchased_purges":0,"victory":false,"max_hp_per_floor":[75,75,75,75,75,75,75,75,75,75,75,75,75,75,75,75,75,78,78,78,81,81,81,81,84,84,84,87,87,87,87,87,87,87,90,90,90,93,93,93,96,96,96,96,96,96,110,113,113,113,113],"card_choices":[{"not_picked":["Fire Breathing","Clothesline"],"picked":"Iron Wave","floor":1.0},{"not_picked":["Iron Wave","Cleave"],"picked":"Disarm","floor":2.0},{"not_picked":["Heavy Blade","Clash"],"picked":"Headbutt","floor":5.0},{"not_picked":["Clothesline","Thunderclap"],"picked":"Juggernaut","floor":7.0},{"not_picked":["Body Slam","Corruption"],"picked":"Warcry","floor":10.0},{"not_picked":["Flex","Havoc"],"picked":"Twin Strike","floor":12.0},{"not_picked":["Perfected Strike","Second Wind"],"picked":"Anger","floor":13.0},{"not_picked":["Clothesline","Hemokinesis"],"picked":"Spot Weakness","floor":14.0},{"not_picked":["Juggernaut","Berserk"],"picked":"Feed","floor":16.0},{"not_picked":["Clash","Wild Strike"],"picked":"Shrug It Off","floor":18.0},{"not_picked":["Havoc","Sword Boomerang","Body Slam"],"picked":"SKIP","floor":19.0},{"not_picked":["Pommel Strike","Warcry"],"picked":"Battle Trance","floor":21.0},{"not_picked":["Rupture","Corruption"],"picked":"True Grit","floor":24.0},{"not_picked":["Shrug It Off","Spot Weakness"],"picked":"Flame Barrier+1","floor":25.0},{"not_picked":["Twin Strike","Warcry"],"picked":"Flame Barrier+1","floor":28.0},{"not_picked":["Havoc","Thunderclap","Spot Weakness"],"picked":"SKIP","floor":30.0},{"not_picked":["Twin Strike","Cleave"],"picked":"Headbutt","floor":31.0},{"not_picked":["Berserk","Barricade"],"picked":"Immolate","floor":33.0},{"not_picked":["Carnage"],"picked":"SKIP","floor":35.0},{"not_picked":["Clash"],"picked":"SKIP","floor":36.0},{"not_picked":["Clash"],"picked":"SKIP","floor":36.0},{"not_picked":[],"picked":"Swift Strike","floor":37.0},{"not_picked":["Havoc"],"picked":"SKIP","floor":38.0},{"not_picked":["Havoc"],"picked":"SKIP","floor":38.0},{"not_picked":["Clothesline+1"],"picked":"SKIP","floor":41.0},{"not_picked":["Clothesline+1"],"picked":"SKIP","floor":41.0},{"not_picked":[],"picked":"Clothesline+1","floor":41.0},{"not_picked":["Reckless Charge"],"picked":"SKIP","floor":42.0},{"not_picked":[],"picked":"Sword Boomerang+1","floor":46.0},{"not_picked":["Exhume"],"picked":"SKIP","floor":48.0}],"player_experience":807661,"relics_obtained":[{"floor":7.0,"key":"Torii"},{"floor":10.0,"key":"Red Skull"},{"floor":13.0,"key":"Shuriken"},{"floor":25.0,"key":"Nunchaku"},{"floor":26.0,"key":"Bottled Tornado"},{"floor":28.0,"key":"Regal Pillow"},{"floor":30.0,"key":"MawBank"},{"floor":43.0,"key":"Anchor"},{"floor":46.0,"key":"Pocketwatch"},{"floor":47.0,"key":"Mango"},{"floor":48.0,"key":"Omamori"}],"event_choices":[{"damage_healed":0.0,"max_hp_gain":0.0,"max_hp_loss":0.0,"gold_gain":0.0,"event_name":"The Woman in Blue","player_choice":"Bought 1 Potion","floor":3.0,"gold_loss":0.0,"damage_taken":0.0},{"damage_healed":0.0,"max_hp_gain":0.0,"max_hp_loss":0.0,"gold_gain":0.0,"cards_transformed":["Strike_R"],"event_name":"Transmorgrifier","player_choice":"Transformed","floor":22.0,"gold_loss":0.0,"damage_taken":0.0,"cards_obtained":["Anger"]},{"damage_healed":0.0,"max_hp_gain":0.0,"max_hp_loss":0.0,"gold_gain":0.0,"event_name":"SensoryStone","player_choice":"Memory 1","floor":37.0,"gold_loss":0.0,"damage_taken":0.0},{"cards_removed":["Juggernaut"],"damage_healed":0.0,"max_hp_gain":0.0,"max_hp_loss":0.0,"gold_gain":0.0,"event_name":"Falling","player_choice":"Removed Power","floor":45.0,"gold_loss":0.0,"damage_taken":0.0},{"damage_healed":0.0,"max_hp_gain":0.0,"max_hp_loss":0.0,"gold_gain":0.0,"event_name":"Mysterious Sphere","player_choice":"Fight","floor":47.0,"gold_loss":0.0,"damage_taken":0.0}],"is_beta":false,"boss_relics":[{"not_picked":["Black Blood","Snecko Eye"],"picked":"White Beast Statue"},{"not_picked":["Tiny House","Astrolabe"],"picked":"Busted Crown"}],"items_purged_floors":[],"is_endless":false,"potions_floor_spawned":[1,5,12,13,14,18,19,21,24,25,28,30,31,33,35,36,38,41,42,46,47,48],"killed_by":"Donu and Deca","ascension_level":20}