{"gold_per_floor":[118,65,65,75,75,109,34,34,34,54,72,101,26,52,52,130,130,148,148],"floor_reached":19,"playtime":872,"items_purged":["Strike_G"],"score":399,"play_id":"31b24ad5-5082-4ab2-9335-93f7dc30b7dc","local_time":"20190130172213","is_ascension_mode":true,"campfire_choices":[{"data":"Footwork","floor":8,"key":"SMITH"},{"data":"Leg Sweep","floor":15,"key":"SMITH"}],"neow_cost":"NONE","seed_source_timestamp":661866383825297,"circlet_count":0,"master_deck":["AscendersBane","Defend_G","Defend_G","Defend_G","Defend_G+1","Defend_G","Strike_G","Strike_G","Survivor","Neutralize","Sucker Punch","Dagger Spray","Masterful Stab+1","Leg Sweep+1","Footwork+1","Predator","Cloak And Dagger","Adrenaline","PiercingWail"],"relics":["Ring of the Snake","NeowsBlessing","Incense Burner","Meat on the Bone","Centennial Puzzle","StoneCalendar","Runic Pyramid"],"potions_floor_usage":[12,14,19],"damage_taken":[{"damage":0,"enemies":"Jaw Worm","floor":1,"turns":1},{"damage":0,"enemies":"2 Louse","floor":4,"turns":1},{"damage":0,"enemies":"Lagavulin","floor":6,"turns":3},{"damage":0,"enemies":"Cultist","floor":10,"turns":3},{"damage":0,"enemies":"Exordium Wildlife","floor":11,"turns":3},{"damage":8,"enemies":"Gremlin Nob","floor":12,"turns":4},{"damage":15,"enemies":"Lagavulin","floor":14,"turns":4},{"damage":38,"enemies":"Hexaghost","floor":16,"turns":16},{"damage":0,"enemies":"Chosen","floor":18,"turns":7},{"damage":5,"enemies":"Colosseum Slavers","floor":19,"turns":5},{"damage":62,"enemies":"Colosseum Nobs","floor":19,"turns":4}],"seed_played":"2528442510728404503","potions_obtained":[{"floor":4,"key":"Strength Potion"},{"floor":10,"key":"Swift Potion"},{"floor":11,"key":"Explosive Potion"},{"floor":18,"key":"Explosive Potion"}],"is_trial":false,"path_per_floor":["M","$","?","M","?","E","$","R","T","M","M","E","?","E","R","B",null,"M","?"],"character_chosen":"THE_SILENT","items_purchased":["Dagger Spray"],"campfire_rested":0,"item_purchase_floors":[2],"current_hp_per_floor":[59,59,59,59,39,39,39,39,39,39,39,43,43,40,40,14,53,53,0],"gold":148,"neow_bonus":"THREE_ENEMY_KILL","is_prod":false,"is_daily":false,"chose_seed":false,"campfire_upgraded":2,"win_rate":0,"timestamp":1548886933,"path_taken":["M","$","?","M","?","E","?","R","T","M","?","E","?","E","R","BOSS","M","?"],"build_version":"2019-01-23","purchased_purges":1,"victory":false,"max_hp_per_floor":[66,66,66,66,66,66,66,66,66,66,66,66,66,66,66,66,66,66,66],"card_choices":[{"not_picked":["Infinite Blades","Flying Knee"],"picked":"Sucker Punch","floor":1},{"not_picked":["Blade Dance","Distraction"],"picked":"Leg Sweep","floor":4},{"not_picked":["Well Laid Plans","Outmaneuver"],"picked":"Footwork","floor":6},{"not_picked":["Prepared","Wraith Form v2"],"picked":"Predator","floor":10},{"not_picked":["Acrobatics","Slice"],"picked":"Cloak And Dagger","floor":11},{"not_picked":["Choke","Outmaneuver","Prepared"],"picked":"SKIP","floor":12},{"not_picked":["Bane","Outmaneuver","Calculated Gamble"],"picked":"SKIP","floor":14},{"not_picked":["Glass Knife","Envenom"],"picked":"Adrenaline","floor":16},{"not_picked":["Accuracy","Bane"],"picked":"PiercingWail","floor":18}],"player_experience":608059,"relics_obtained":[{"floor":6,"key":"Incense Burner"},{"floor":9,"key":"Meat on the Bone"},{"floor":12,"key":"Centennial Puzzle"},{"floor":14,"key":"StoneCalendar"}],"event_choices":[{"damage_healed":0,"gold_gain":0,"cards_transformed":["Strike_G"],"player_choice":"Change","damage_taken":0,"max_hp_gain":0,"max_hp_loss":0,"event_name":"Living Wall","floor":3,"gold_loss":0,"cards_obtained":["Masterful Stab"]},{"damage_healed":0,"gold_gain":0,"player_choice":"Entered Light","damage_taken":20,"max_hp_gain":0,"max_hp_loss":0,"event_name":"Shining Light","floor":5,"gold_loss":0,"cards_upgraded":["Defend_G","Masterful Stab"]},{"cards_removed":["Strike_G"],"damage_healed":0,"gold_gain":0,"player_choice":"Card Removal","damage_taken":0,"max_hp_gain":0,"max_hp_loss":0,"event_name":"The Cleric","floor":13,"gold_loss":75},{"damage_healed":0,"gold_gain":0,"player_choice":"Fight","damage_taken":0,"max_hp_gain":0,"max_hp_loss":0,"event_name":"Colosseum","floor":19,"gold_loss":0},{"damage_healed":0,"gold_gain":0,"player_choice":"Fought Nobs","damage_taken":0,"max_hp_gain":0,"max_hp_loss":0,"event_name":"Colosseum","floor":19,"gold_loss":0}],"is_beta":false,"boss_relics":[{"not_picked":["Orrery","Runic Dome"],"picked":"Runic Pyramid"}],"items_purged_floors":[7],"is_endless":false,"potions_floor_spawned":[4,10,11,18],"killed_by":"Colosseum Nobs","ascension_level":18}