{"gold_per_floor":[111,111,128,146,164,193,193,368,395,395,430,448,448,448,448,448],"floor_reached":16,"playtime":882,"items_purged":[],"score":149,"play_id":"ad6afd14-326f-45d1-a342-8412ac6e2049","local_time":"20190503010242","is_ascension_mode":true,"campfire_choices":[{"data":"Phantasmal Killer","floor":10,"key":"SMITH"},{"floor":13,"key":"REST"},{"data":"Noxious Fumes","floor":15,"key":"SMITH"}],"neow_cost":"NONE","seed_source_timestamp":737840789256521,"circlet_count":0,"master_deck":["Defend_G","Defend_G","Defend_G","Defend_G","Defend_G","Strike_G","Strike_G","Strike_G","Strike_G","Survivor","Neutralize","Flechettes+1","Backflip","Sucker Punch","Phantasmal Killer+1","Doubt","Acrobatics","Noxious Fumes+1"],"relics":["Ring of the Snake","Orichalcum","Art of War","Omamori","Singing Bowl"],"potions_floor_usage":[6,6,16],"damage_taken":[{"damage":1,"enemies":"Jaw Worm","floor":1,"turns":7},{"damage":1,"enemies":"Small Slimes","floor":3,"turns":4},{"damage":2,"enemies":"2 Louse","floor":4,"turns":3},{"damage":7,"enemies":"Large Slime","floor":5,"turns":7},{"damage":8,"enemies":"3 Sentries","floor":6,"turns":8},{"damage":34,"enemies":"Gremlin Nob","floor":11,"turns":6},{"damage":3,"enemies":"Blue Slaver","floor":12,"turns":5},{"damage":30,"enemies":"The Guardian","floor":16,"turns":11}],"seed_played":"2924149823513117314","potions_obtained":[{"floor":3,"key":"Explosive Potion"},{"floor":4,"key":"SkillPotion"},{"floor":11,"key":"LiquidBronze"},{"floor":12,"key":"Explosive Potion"}],"is_trial":false,"path_per_floor":["M","?","M","M","M","E","?","?","T","R","E","M","R","?","R","B"],"character_chosen":"THE_SILENT","items_purchased":[],"campfire_rested":1,"item_purchase_floors":[],"current_hp_per_floor":[69,69,68,66,59,51,44,44,44,44,10,7,30,30,30,0],"gold":448,"neow_bonus":"TEN_PERCENT_HP_BONUS","is_prod":false,"is_daily":false,"chose_seed":false,"campfire_upgraded":2,"win_rate":0,"timestamp":1556841762,"path_taken":["M","?","M","M","M","E","?","?","T","R","E","M","R","?","R","BOSS"],"build_version":"2019-01-23","purchased_purges":0,"victory":false,"max_hp_per_floor":[77,77,77,77,77,77,77,77,77,77,77,77,77,77,77,77],"card_choices":[{"not_picked":["Quick Slash","Bane"],"picked":"Flechettes","floor":1},{"not_picked":["Endless Agony","Slice","Quick Slash"],"picked":"SKIP","floor":3},{"not_picked":["Masterful Stab","Bane"],"picked":"Backflip","floor":4},{"not_picked":["Slice","Infinite Blades"],"picked":"Sucker Punch","floor":5},{"not_picked":["Terror","Dagger Throw"],"picked":"Phantasmal Killer","floor":6},{"not_picked":["Bane","Tactician"],"picked":"Acrobatics","floor":11},{"not_picked":["Catalyst","Prepared"],"picked":"Noxious Fumes","floor":12}],"player_experience":589243,"relics_obtained":[{"floor":6,"key":"Orichalcum"},{"floor":9,"key":"Art of War"},{"floor":11,"key":"Omamori"}],"event_choices":[{"damage_healed":0,"gold_gain":0,"player_choice":"Grow","damage_taken":0,"max_hp_gain":0,"max_hp_loss":0,"event_name":"Living Wall","floor":2,"gold_loss":0,"cards_upgraded":["Flechettes"]},{"cards_removed":["Strike_G"],"damage_healed":0,"gold_gain":0,"player_choice":"Card Removal","damage_taken":7,"max_hp_gain":0,"max_hp_loss":0,"event_name":"Golden Wing","floor":7,"gold_loss":0},{"damage_healed":0,"gold_gain":175,"player_choice":"AGREE","damage_taken":0,"max_hp_gain":0,"max_hp_loss":0,"event_name":"Liars Game","floor":8,"gold_loss":0,"cards_obtained":["Doubt"]},{"damage_healed":0,"gold_gain":0,"player_choice":"Box","damage_taken":0,"relics_obtained":["Singing Bowl"],"max_hp_gain":0,"max_hp_loss":0,"event_name":"Big Fish","floor":14,"gold_loss":0,"cards_obtained":["Regret"]}],"is_beta":false,"boss_relics":[],"items_purged_floors":[],"is_endless":false,"potions_floor_spawned":[3,4,11,12],"killed_by":"The Guardian","ascension_level":7}