{"gold_per_floor":[109,120,44,9,9,39,99,169,223,10,60,60,72,146,146,250,250,261,236,306,317,367,367,367],"floor_reached":24,"playtime":1866,"items_purged":["Defend_B"],"score":294,"play_id":"5efab508-0668-458f-b9e5-813bc17f3918","local_time":"20181014232142","is_ascension_mode":true,"campfire_choices":[{"floor":12,"key":"REST"},{"data":"Loop","floor":15,"key":"SMITH"},{"data":"Fission","floor":23,"key":"SMITH"}],"neow_cost":"PERCENT_DAMAGE","seed_source_timestamp":364416229937230,"circlet_count":0,"master_deck":["Strike_B","Strike_B","Defend_B+1","Defend_B+1","Zap","Dualcast","AscendersBane","Genetic Algorithm+1","Melter","Glacier","Reinforced Body","FTL","Loop+1","Fission+1","Self Repair+1","Melter","Rip and Tear"],"relics":["FrozenCore","Pocketwatch","SsserpentHead","Art of War","Tiny Chest","War Paint"],"potions_floor_usage":[7,10,24],"damage_taken":[{"damage":1,"enemies":"Cultist","floor":1,"turns":3},{"damage":3,"enemies":"2 Louse","floor":2,"turns":3},{"damage":19,"enemies":"Gremlin Nob","floor":6,"turns":5},{"damage":4,"enemies":"Small Slimes","floor":7,"turns":4},{"damage":15,"enemies":"Exordium Thugs","floor":8,"turns":5},{"damage":1,"enemies":"Large Slime","floor":13,"turns":5},{"damage":53,"enemies":"The Guardian","floor":16,"turns":14},{"damage":11,"enemies":"3 Byrds","floor":18,"turns":8},{"damage":4,"enemies":"Shell Parasite","floor":20,"turns":8},{"damage":21,"enemies":"Shelled Parasite and Fungi","floor":21,"turns":8},{"damage":47,"enemies":"Book of Stabbing","floor":24,"turns":7}],"seed_played":"-2922737133032631719","potions_obtained":[{"floor":2,"key":"Energy Potion"},{"floor":6,"key":"Dexterity Potion"},{"floor":7,"key":"GamblersBrew"},{"floor":20,"key":"FearPotion"},{"floor":21,"key":"Energy Potion"}],"is_trial":false,"path_per_floor":["M","M","$","?","?","E","M","M","T","$","?","R","M","T","R","B",null,"M","?","M","M","?","R"],"character_chosen":"DEFECT","items_purchased":["Glacier","Fruit Juice","Loop"],"campfire_rested":1,"item_purchase_floors":[3,10,10],"current_hp_per_floor":[49,46,46,64,64,45,41,26,26,31,31,55,54,54,54,1,60,49,49,55,44,44,44,0],"gold":367,"neow_bonus":"ONE_RARE_RELIC","is_prod":false,"is_daily":false,"chose_seed":false,"campfire_upgraded":2,"win_rate":0,"timestamp":1539573702,"path_taken":["M","M","?","?","?","E","?","?","T","$","?","R","M","?","R","BOSS","M","?","?","M","?","R","E"],"build_version":"2018-10-11","purchased_purges":1,"victory":false,"max_hp_per_floor":[75,75,75,75,75,75,75,75,75,80,80,80,80,80,80,80,80,80,80,80,80,80,80,80],"card_choices":[{"not_picked":["Conserve Battery","Stack"],"picked":"Genetic Algorithm","floor":1},{"not_picked":["White Noise","Hello World"],"picked":"Melter","floor":2},{"not_picked":["Go for the Eyes","Scrape","Doom and Gloom"],"picked":"SKIP","floor":6},{"not_picked":["Melter","Stack"],"picked":"Reinforced Body","floor":7},{"not_picked":["White Noise","Steam"],"picked":"FTL","floor":8},{"not_picked":["Undo","Steam","Steam Power"],"picked":"SKIP","floor":13},{"not_picked":["Machine Learning","Rainbow"],"picked":"Fission","floor":16},{"not_picked":["Turbo","Redo+1"],"picked":"Self Repair+1","floor":18},{"not_picked":["Heatsinks","Turbo","Redo"],"picked":"SKIP","floor":20},{"not_picked":["Force Field","Steam","Go for the Eyes+1"],"picked":"SKIP","floor":21},{"not_picked":["Force Field","Steam","Go for the Eyes+1"],"picked":"SKIP","floor":21}],"player_experience":358414,"relics_obtained":[{"floor":6,"key":"Art of War"},{"floor":9,"key":"Tiny Chest"},{"floor":14,"key":"War Paint"}],"event_choices":[{"event_name":"The Cleric","player_choice":"Healed","floor":4,"damage_taken":0},{"event_name":"FaceTrader","player_choice":"Trade","floor":5,"damage_taken":0},{"event_name":"Living Wall","player_choice":"Grow","floor":11,"damage_taken":0},{"event_name":"Beggar","player_choice":"Gave Gold","floor":19,"damage_taken":0},{"event_name":"Drug Dealer","player_choice":"Became Test Subject","floor":22,"damage_taken":0}],"is_beta":false,"boss_relics":[{"not_picked":["Nuclear Battery","Astrolabe"],"picked":"FrozenCore"}],"items_purged_floors":[10],"is_endless":false,"potions_floor_spawned":[2,6,7,20,21],"killed_by":"Book of Stabbing","ascension_level":10}