{"gold_per_floor":[109,124,138,149,165,165,195,208,208,224,189,189,205,93,93,169,169,180,180,180,192,209,209,272,272],"floor_reached":25,"playtime":1875,"items_purged":["Strike_G"],"score":418,"play_id":"28dcd255-64c6-4986-9401-e24f81f544c6","local_time":"20190404215723","is_ascension_mode":true,"campfire_choices":[{"floor":6.0,"key":"REST"},{"data":"Terror","floor":12.0,"key":"SMITH"},{"data":"After Image","floor":15.0,"key":"SMITH"},{"floor":23.0,"key":"REST"}],"neow_cost":"NONE","seed_source_timestamp":527658559332077,"circlet_count":0,"master_deck":["AscendersBane","Defend_G","Defend_G","Defend_G","Defend_G","Defend_G","Strike_G","Strike_G","Survivor","Neutralize","Night Terror","Terror+1","Deadly Poison","Footwork","Infinite Blades","Footwork","Backstab","Dodge and Roll","Infinite Blades","After Image+1","Well Laid Plans","Die Die Die","Bouncing Flask+1","Deadly Poison","Blur","Deflect"],"special_seed":0,"relics":["Ring of the Snake","Dream Catcher","Sundial","Empty Cage","SsserpentHead"],"potions_floor_usage":[24,25],"damage_taken":[{"damage":4.0,"enemies":"Cultist","floor":1.0,"turns":4.0},{"damage":6.0,"enemies":"2 Louse","floor":2.0,"turns":3.0},{"damage":4.0,"enemies":"Jaw Worm","floor":3.0,"turns":4.0},{"damage":5.0,"enemies":"Large Slime","floor":4.0,"turns":6.0},{"damage":4.0,"enemies":"Red Slaver","floor":5.0,"turns":5.0},{"damage":29.0,"enemies":"3 Sentries","floor":7.0,"turns":10.0},{"damage":0.0,"enemies":"3 Louse","floor":8.0,"turns":5.0},{"damage":5.0,"enemies":"Looter","floor":10.0,"turns":4.0},{"damage":0.0,"enemies":"Exordium Wildlife","floor":13.0,"turns":3.0},{"damage":13.0,"enemies":"The Guardian","floor":16.0,"turns":12.0},{"damage":0.0,"enemies":"Spheric Guardian","floor":18.0,"turns":10.0},{"damage":22.0,"enemies":"Colosseum Slavers","floor":19.0,"turns":6.0},{"damage":16.0,"enemies":"Shell Parasite","floor":21.0,"turns":7.0},{"damage":4.0,"enemies":"Snecko","floor":22.0,"turns":7.0},{"damage":25,"enemies":"Shelled Parasite and Fungi","floor":24,"turns":9},{"damage":21,"enemies":"Slavers","floor":25,"turns":1}],"seed_played":"4098606070197117033","potions_obtained":[{"floor":1.0,"key":"LiquidBronze"},{"floor":3.0,"key":"FearPotion"},{"floor":4.0,"key":"SkillPotion"},{"floor":13.0,"key":"Poison Potion"},{"floor":21.0,"key":"LiquidBronze"},{"floor":24,"key":"Fruit Juice"}],"is_trial":false,"path_per_floor":["M","M","M","M","M","R","E","M","T","M","?","R","M","$","R","B",null,"M","?","?","M","M","R","M","E"],"character_chosen":"THE_SILENT","items_purchased":["Well Laid Plans"],"campfire_rested":2,"item_purchase_floors":[14],"current_hp_per_floor":[55,49,45,40,36,55,26,26,26,21,37,37,37,37,37,24,56,56,34,34,18,14,33,13,0],"gold":272,"neow_bonus":"ONE_RANDOM_RARE_CARD","is_prod":false,"is_daily":false,"chose_seed":false,"campfire_upgraded":2,"win_rate":0,"timestamp":1554433043,"path_taken":["M","?","M","M","M","R","E","M","T","M","?","R","M","$","R","BOSS","M","?","?","M","M","R","?","E"],"build_version":"2019-01-23","purchased_purges":1,"victory":false,"max_hp_per_floor":[66,66,66,66,66,66,66,66,66,66,66,66,66,66,66,66,66,66,66,66,66,66,66,71,71],"card_choices":[{"not_picked":["Choke","Backstab"],"picked":"Terror","floor":1.0},{"not_picked":["Caltrops","Bouncing Flask"],"picked":"Deadly Poison","floor":2.0},{"not_picked":["Deadly Poison","Slice"],"picked":"Footwork","floor":3.0},{"not_picked":["Accuracy","Deflect"],"picked":"Infinite Blades","floor":4.0},{"not_picked":["PiercingWail","Acrobatics"],"picked":"Footwork","floor":5.0},{"not_picked":["Slice","Poisoned Stab"],"picked":"Backstab","floor":7.0},{"not_picked":["Backflip","Poisoned Stab"],"picked":"Dodge and Roll","floor":8.0},{"not_picked":["Accuracy","Masterful Stab"],"picked":"Infinite Blades","floor":10.0},{"not_picked":["Cloak And Dagger","Sucker Punch"],"picked":"After Image","floor":13.0},{"not_picked":["Burst","Night Terror"],"picked":"Die Die Die","floor":16.0},{"not_picked":["Calculated Gamble","Heel Hook"],"picked":"Bouncing Flask+1","floor":18.0},{"not_picked":["Endless Agony","Underhanded Strike"],"picked":"Deadly Poison","floor":21.0},{"not_picked":["Flechettes","Blade Dance"],"picked":"Blur","floor":22.0},{"not_picked":["Riddle With Holes","Sucker Punch"],"picked":"Deflect","floor":23.0},{"not_picked":["Bane","Endless Agony","Underhanded Strike"],"picked":"SKIP","floor":24}],"player_experience":993995,"relics_obtained":[{"floor":7.0,"key":"Dream Catcher"},{"floor":9.0,"key":"Sundial"}],"event_choices":[{"damage_healed":16.0,"max_hp_gain":0.0,"max_hp_loss":0.0,"gold_gain":0.0,"event_name":"The Cleric","player_choice":"Healed","floor":11.0,"gold_loss":35.0,"damage_taken":0.0},{"damage_healed":0.0,"max_hp_gain":0.0,"max_hp_loss":0.0,"gold_gain":0.0,"event_name":"Colosseum","player_choice":"Fight","floor":19.0,"gold_loss":0.0,"damage_taken":0.0},{"damage_healed":0.0,"max_hp_gain":0.0,"max_hp_loss":0.0,"gold_gain":0.0,"event_name":"Colosseum","player_choice":"Fled From Nobs","floor":19.0,"gold_loss":0.0,"damage_taken":0.0},{"damage_healed":0.0,"max_hp_gain":0.0,"max_hp_loss":0.0,"gold_gain":0.0,"event_name":"FaceTrader","player_choice":"Trade","floor":20.0,"gold_loss":0.0,"damage_taken":0.0,"relics_obtained":["SsserpentHead"]}],"is_beta":false,"boss_relics":[{"not_picked":["Lizard Tail","Calling Bell"],"picked":"Empty Cage"}],"items_purged_floors":[14],"is_endless":false,"potions_floor_spawned":[1,3,4,13,21,24],"killed_by":"Slavers","ascension_level":20}