{"gold_per_floor":[114,125,145,160,260,290,303,332,332,76,76,76],"floor_reached":12,"playtime":803,"items_purged":[],"score":95,"play_id":"b2d0eb79-e21b-4a2c-97d2-a144a9eed863","local_time":"20180722142537","is_ascension_mode":true,"campfire_choices":[],"neow_cost":"","seed_source_timestamp":43825229696157,"circlet_count":0,"master_deck":["Strike_B","Strike_B","Strike_B","Defend_B","Defend_B","Defend_B","Defend_B","Zap","Dualcast","Tempest","White Noise","Self Repair","Loop","White Noise","Static Discharge","Turbo"],"relics":["Cracked Core","Ancient Tea Set","Blue Candle","Dodecahedron","Mummified Hand"],"potions_floor_usage":[4,7],"damage_taken":[{"damage":0,"enemies":"Cultist","floor":1,"turns":4},{"damage":6,"enemies":"Jaw Worm","floor":2,"turns":3},{"damage":0,"enemies":"2 Louse","floor":3,"turns":2},{"damage":18,"enemies":"Exordium Wildlife","floor":4,"turns":7},{"damage":41,"enemies":"3 Sentries","floor":6,"turns":6},{"damage":15,"enemies":"Looter","floor":7,"turns":3},{"damage":16,"enemies":"Lagavulin","floor":8,"turns":6},{"damage":8,"enemies":"Exordium Thugs","floor":12,"turns":1}],"seed_played":"2485893177353774865","potions_obtained":[{"floor":1,"key":"SneckoOil"},{"floor":4,"key":"Ancient Potion"},{"floor":6,"key":"AttackPotion"}],"is_trial":false,"path_per_floor":["M","M","M","M","?","E","M","E","T","$","?"],"character_chosen":"DEFECT","items_purchased":["Mummified Hand"],"campfire_rested":0,"item_purchase_floors":[10],"current_hp_per_floor":[75,69,69,58,58,24,23,14,14,14,7,0],"gold":76,"neow_bonus":"","is_prod":false,"is_daily":false,"chose_seed":false,"campfire_upgraded":0,"win_rate":0,"timestamp":1532283937,"path_taken":["M","M","?","M","?","E","M","E","T","$","?","M"],"build_version":"2018-07-19v2","purchased_purges":0,"victory":false,"max_hp_per_floor":[75,75,75,75,75,75,75,75,75,75,75,75],"card_choices":[{"not_picked":["Gash","Beam Cell"],"picked":"Tempest","floor":1},{"not_picked":["Gash","Stack"],"picked":"White Noise","floor":2},{"not_picked":["Sweeping Beam","Steam"],"picked":"Self Repair","floor":3},{"not_picked":["Leap","Steam Power"],"picked":"Loop","floor":4},{"not_picked":["Compile Driver","Sweeping Beam"],"picked":"White Noise","floor":6},{"not_picked":["Streamline","Hologram"],"picked":"Static Discharge","floor":7},{"not_picked":["Ball Lightning","Conserve Battery"],"picked":"Turbo","floor":8}],"player_experience":114312,"relics_obtained":[{"floor":6,"key":"Ancient Tea Set"},{"floor":8,"key":"Blue Candle"},{"floor":9,"key":"Dodecahedron"}],"event_choices":[{"event_name":"Wheel of Change","player_choice":"Gold","floor":5,"damage_taken":0},{"event_name":"Golden Wing","player_choice":"Card Removal","floor":11,"damage_taken":0}],"is_beta":false,"boss_relics":[],"items_purged_floors":[],"is_endless":false,"potions_floor_spawned":[1,4,6],"killed_by":"Exordium Thugs","ascension_level":1}