{"gold_per_floor":[115,134,409,184,194,223,223,256,256,256],"floor_reached":10,"playtime":455,"items_purged":["Regret"],"score":118,"play_id":"b9389803-9551-4b02-8660-48f2d5ef18a3","local_time":"20181029162137","is_ascension_mode":true,"campfire_choices":[{"floor":7,"key":"REST"}],"neow_cost":"NONE","seed_source_timestamp":126969987716690,"circlet_count":0,"master_deck":["Strike_B","Strike_B","Strike_B","Strike_B","Defend_B","Defend_B","Defend_B","Defend_B","Zap","Dualcast","AscendersBane","Trip","Doom and Gloom","Conserve Battery","Hello World","Recycle","Loop"],"special_seed":0,"relics":["Cracked Core","Omamori","Bronze Scales","Letter Opener"],"potions_floor_usage":[10],"damage_taken":[{"damage":1,"enemies":"Cultist","floor":1,"turns":3},{"damage":4,"enemies":"Jaw Worm","floor":2,"turns":3},{"damage":0,"enemies":"2 Louse","floor":5,"turns":2},{"damage":43,"enemies":"Gremlin Nob","floor":6,"turns":5},{"damage":28,"enemies":"Lagavulin","floor":8,"turns":6},{"damage":5,"enemies":"3 Sentries","floor":10,"turns":3}],"seed_played":"7871600297458033580","potions_obtained":[{"floor":2,"key":"SpeedPotion"}],"is_trial":false,"path_per_floor":["M","M","?","$","M","E","R","E","T"],"character_chosen":"DEFECT","items_purchased":["Omamori"],"campfire_rested":1,"item_purchase_floors":[4],"current_hp_per_floor":[67,63,63,63,63,20,42,14,14,9],"gold":256,"neow_bonus":"RANDOM_COLORLESS","is_prod":false,"is_daily":false,"chose_seed":false,"campfire_upgraded":0,"win_rate":0,"timestamp":1540844497,"path_taken":["M","?","?","$","M","E","R","E","T","E"],"build_version":"2018-10-25v2","purchased_purges":1,"victory":false,"max_hp_per_floor":[75,75,75,75,75,75,75,75,75,75],"card_choices":[{"not_picked":["Coolheaded","Heatsinks"],"picked":"Doom and Gloom","floor":1},{"not_picked":["Barrage","Compile Driver"],"picked":"Conserve Battery","floor":2},{"not_picked":["Storm","Stack"],"picked":"Hello World","floor":5},{"not_picked":["Double Energy","Turbo"],"picked":"Recycle","floor":6},{"not_picked":["Compile Driver","Skim"],"picked":"Loop","floor":8}],"player_experience":392618,"relics_obtained":[{"floor":6,"key":"Bronze Scales"},{"floor":8,"key":"Letter Opener"}],"event_choices":[{"damage_healed":0,"gold_gain":275,"player_choice":"Desecrate","damage_taken":0,"max_hp_gain":0,"max_hp_loss":0,"event_name":"Golden Shrine","floor":3,"gold_loss":0,"cards_obtained":["Regret"]}],"is_beta":false,"boss_relics":[],"items_purged_floors":[4],"is_endless":false,"potions_floor_spawned":[2],"killed_by":"3 Sentries","ascension_level":11}