{"gold_per_floor":[110,124,199,226,242,271,271,271,271,271,289,289,49,67,67,67],"floor_reached":16,"playtime":626,"items_purged":["Regret"],"score":220,"play_id":"4ef4ab48-7fbd-4e96-90cd-74858c5e9ad3","local_time":"20190218042450","is_ascension_mode":true,"campfire_choices":[{"data":"Trip","floor":7,"key":"SMITH"},{"data":"Bash","floor":12,"key":"SMITH"},{"data":"Pommel Strike","floor":15,"key":"SMITH"}],"neow_cost":"NONE","seed_source_timestamp":62323272757052,"circlet_count":0,"master_deck":["AscendersBane","Strike_R","Strike_R","Strike_R","Strike_R","Defend_R","Defend_R","Defend_R","Defend_R","Bash+1","Trip+1","Pommel Strike+1","Cleave","Battle Trance","Flex"],"relics":["Burning Blood","Strawberry","Pear","Singing Bowl","Anchor"],"potions_floor_usage":[6,11],"damage_taken":[{"damage":1,"enemies":"Cultist","floor":1,"turns":3},{"damage":0,"enemies":"2 Louse","floor":2,"turns":2},{"damage":4,"enemies":"Jaw Worm","floor":5,"turns":3},{"damage":23,"enemies":"3 Sentries","floor":6,"turns":6},{"damage":15,"enemies":"Lots of Slimes","floor":11,"turns":4},{"damage":0,"enemies":"3 Louse","floor":14,"turns":2},{"damage":67,"enemies":"Hexaghost","floor":16,"turns":9}],"seed_played":"543013516667591249","potions_obtained":[{"floor":1,"key":"Explosive Potion"},{"floor":2,"key":"Block Potion"}],"is_trial":false,"path_per_floor":["M","M","?","T","M","E","R","?","T","?","M","R","$","M","R","B"],"character_chosen":"IRONCLAD","items_purchased":["Anchor"],"campfire_rested":0,"item_purchase_floors":[13],"current_hp_per_floor":[73,75,64,71,73,66,66,66,66,66,59,59,59,67,67,0],"gold":67,"neow_bonus":"RANDOM_COLORLESS","is_prod":false,"is_daily":false,"chose_seed":false,"campfire_upgraded":3,"win_rate":0,"timestamp":1550485490,"path_taken":["M","?","?","?","?","E","R","?","T","?","M","R","$","M","R","BOSS"],"build_version":"2019-01-23","purchased_purges":1,"victory":false,"max_hp_per_floor":[75,75,75,82,82,92,92,92,92,92,94,94,94,96,96,96],"card_choices":[{"not_picked":["Clash","Entrench","Anger"],"picked":"SKIP","floor":1},{"not_picked":["Havoc","Clash"],"picked":"Pommel Strike","floor":2},{"not_picked":["Armaments","Anger"],"picked":"Cleave","floor":5},{"not_picked":["Dropkick","Metallicize"],"picked":"Battle Trance","floor":6},{"not_picked":["Thunderclap","Power Through","Twin Strike"],"picked":"Singing Bowl","floor":11},{"not_picked":["Armaments","Headbutt","Sentinel"],"picked":"Singing Bowl","floor":14}],"player_experience":610674,"relics_obtained":[{"floor":4,"key":"Strawberry"},{"floor":6,"key":"Pear"}],"event_choices":[{"damage_healed":0,"gold_gain":75,"player_choice":"Gather Gold","damage_taken":11,"max_hp_gain":0,"max_hp_loss":0,"event_name":"World of Goop","floor":3,"gold_loss":0},{"damage_healed":0,"gold_gain":0,"player_choice":"Box","damage_taken":0,"relics_obtained":["Singing Bowl"],"max_hp_gain":0,"max_hp_loss":0,"event_name":"Big Fish","floor":8,"gold_loss":0,"cards_obtained":["Regret"]},{"damage_healed":0,"gold_gain":0,"cards_transformed":["Strike_R"],"player_choice":"Transformed","damage_taken":0,"max_hp_gain":0,"max_hp_loss":0,"event_name":"Transmorgrifier","floor":10,"gold_loss":0,"cards_obtained":["Flex"]}],"is_beta":false,"boss_relics":[],"items_purged_floors":[13],"is_endless":false,"potions_floor_spawned":[1,2],"killed_by":"Hexaghost","ascension_level":19}