{"gold_per_floor":[117,131,38,56,56,56,81,97,97,97,97],"floor_reached":11,"playtime":336,"items_purged":[],"score":73,"play_id":"a1af41f7-a9db-4dd7-9bbe-43cd07650cd1","local_time":"20190427163054","is_ascension_mode":false,"campfire_choices":[{"data":"Streamline","floor":6.0,"key":"SMITH"}],"neow_cost":"TEN_PERCENT_HP_LOSS","seed_source_timestamp":172243211828400,"circlet_count":0,"master_deck":["Strike_B","Strike_B","Defend_B","Defend_B","Defend_B","Zap","Dualcast","Undo","Streamline+1","Melter","Redo","Heatsinks","Genetic Algorithm"],"special_seed":0,"relics":["Cracked Core","Art of War","Nunchaku"],"potions_floor_usage":[11],"damage_taken":[{"damage":1.0,"enemies":"Jaw Worm","floor":1.0,"turns":3.0},{"damage":1.0,"enemies":"Cultist","floor":2.0,"turns":3.0},{"damage":0.0,"enemies":"2 Louse","floor":4.0,"turns":2.0},{"damage":42.0,"enemies":"Gremlin Nob","floor":7.0,"turns":5.0},{"damage":9,"enemies":"Exordium Thugs","floor":8,"turns":6},{"damage":8,"enemies":"Gremlin Gang","floor":11,"turns":1}],"seed_played":"7465379583140369934","potions_obtained":[{"floor":4.0,"key":"FocusPotion"},{"floor":8,"key":"Energy Potion"}],"is_trial":false,"path_per_floor":["M","M","$","M","?","R","E","M","T","?","M"],"character_chosen":"DEFECT","items_purchased":["Melter","Redo"],"campfire_rested":0,"item_purchase_floors":[3,3],"current_hp_per_floor":[67,66,66,66,59,59,17,8,8,8,0],"gold":97,"neow_bonus":"REMOVE_TWO","is_prod":false,"is_daily":false,"chose_seed":false,"campfire_upgraded":1,"win_rate":0,"timestamp":1556397054,"path_taken":["M","M","$","M","?","R","E","M","T","?","?"],"build_version":"2019-01-23","purchased_purges":0,"victory":false,"max_hp_per_floor":[68,68,68,68,68,68,68,68,68,68,68],"card_choices":[{"not_picked":["Stack","Storm"],"picked":"Undo","floor":1.0},{"not_picked":["Recycle","Beam Cell"],"picked":"Streamline","floor":2.0},{"not_picked":["Go for the Eyes","Streamline"],"picked":"Heatsinks","floor":4.0},{"not_picked":["Leap","Tempest"],"picked":"Genetic Algorithm","floor":7.0},{"not_picked":["Sunder","Compile Driver","Sweeping Beam"],"picked":"SKIP","floor":8}],"player_experience":705657,"relics_obtained":[{"floor":7.0,"key":"Nunchaku"}],"event_choices":[{"damage_healed":0.0,"max_hp_gain":0.0,"max_hp_loss":0.0,"gold_gain":0.0,"event_name":"Scrap Ooze","player_choice":"Success","floor":5.0,"gold_loss":0.0,"damage_taken":7.0,"relics_obtained":["Art of War"]},{"cards_removed":["Defend_B"],"damage_healed":0,"gold_gain":0,"player_choice":"Purged","damage_taken":0,"max_hp_gain":0,"max_hp_loss":0,"event_name":"Purifier","floor":10,"gold_loss":0}],"is_beta":false,"boss_relics":[],"items_purged_floors":[],"is_endless":false,"potions_floor_spawned":[4,8],"killed_by":"Gremlin Gang","ascension_level":0}