{"gold_per_floor":[110,17,30,205,218,253,253,253,253,253,263,279,306,325,325,422,422,435,435,5,19,19,44,44,44],"floor_reached":25,"playtime":874,"items_purged":[],"score":243,"play_id":"bb1c21c6-c1bd-4811-99ad-4b9d9a297b83","local_time":"20180822165104","is_ascension_mode":true,"campfire_choices":[{"floor":8,"key":"REST"},{"floor":10,"key":"REST"},{"floor":15,"key":"REST"},{"floor":24,"key":"REST"}],"neow_cost":"NONE","seed_source_timestamp":294609902153878,"circlet_count":0,"master_deck":["Strike_B","Strike_B","Strike_B","Strike_B","Defend_B","Defend_B","Defend_B","Defend_B","Zap","Dualcast","Beam Cell","Conserve Battery","Streamline","Barrage","Doubt","BootSequence","Leap+1","Decay","Defragment","Biased Cognition","Aggregate+1","Loop","Seek+1","Stack+1","Jack Of All Trades+1","Fusion+1","Sweeping Beam","White Noise+1"],"relics":["Cracked Core","NeowsBlessing","Toxic Egg 2","Ornamental Fan","Bag of Marbles","Sozu","Gremlin Horn","Ginger"],"potions_floor_usage":[13,16,16,16,16,23],"damage_taken":[{"damage":0,"enemies":"Cultist","floor":1,"turns":1},{"damage":0,"enemies":"Jaw Worm","floor":3,"turns":1},{"damage":0,"enemies":"2 Louse","floor":5,"turns":1},{"damage":47,"enemies":"Lagavulin","floor":6,"turns":8},{"damage":2,"enemies":"Blue Slaver","floor":11,"turns":3},{"damage":2,"enemies":"Large Slime","floor":12,"turns":5},{"damage":28,"enemies":"3 Sentries","floor":13,"turns":6},{"damage":1,"enemies":"Exordium Wildlife","floor":14,"turns":5},{"damage":51,"enemies":"Slime Boss","floor":16,"turns":13},{"damage":7,"enemies":"Shell Parasite","floor":18,"turns":6},{"damage":13,"enemies":"3 Byrds","floor":21,"turns":6},{"damage":36,"enemies":"Book of Stabbing","floor":23,"turns":7},{"damage":50,"enemies":"Slavers","floor":25,"turns":5}],"seed_played":"5710317375006740501","potions_obtained":[{"floor":3,"key":"FearPotion"},{"floor":6,"key":"Block Potion"},{"floor":12,"key":"EntropicBrew"},{"floor":14,"key":"Poison Potion"}],"is_trial":false,"path_per_floor":["M","$","M","?","M","E","?","R","T","R","M","M","E","M","R","B",null,"M","?","$","M","?","E","R"],"character_chosen":"DEFECT","items_purchased":["Conserve Battery","Streamline","Jack Of All Trades+1","Gremlin Horn","Fusion+1"],"campfire_rested":4,"item_purchase_floors":[2,2,20,20,20],"current_hp_per_floor":[75,75,75,75,75,28,28,50,50,72,70,68,40,39,61,10,75,68,68,68,59,59,23,45,0],"gold":44,"neow_bonus":"THREE_ENEMY_KILL","is_prod":false,"is_daily":false,"chose_seed":false,"campfire_upgraded":0,"win_rate":0,"timestamp":1534949464,"path_taken":["M","$","?","?","M","E","?","R","T","R","M","M","E","M","R","BOSS","M","?","$","M","?","E","R","E"],"build_version":"2018-08-16","purchased_purges":0,"victory":false,"max_hp_per_floor":[75,75,75,75,75,75,75,75,75,75,75,75,75,75,75,75,75,75,75,75,75,75,75,75,75],"card_choices":[{"not_picked":["Hologram","Barrage"],"picked":"Beam Cell","floor":1},{"not_picked":["Beam Cell","Go for the Eyes"],"picked":"Barrage","floor":3},{"not_picked":["Cold Snap","Steam Power"],"picked":"BootSequence","floor":5},{"not_picked":["Reprogram","Gash"],"picked":"Leap","floor":6},{"not_picked":["Turbo+1","Steam+1"],"picked":"Defragment","floor":11},{"not_picked":["Gash","Reprogram+1"],"picked":"Biased Cognition","floor":12},{"not_picked":["Ball Lightning","Redo+1"],"picked":"Aggregate+1","floor":13},{"not_picked":["Conserve Battery+1","Hologram+1"],"picked":"Loop","floor":14},{"not_picked":["Rainbow+1","Multi-Cast+1"],"picked":"Seek+1","floor":16},{"not_picked":["Coolheaded+1","Streamline"],"picked":"Stack+1","floor":18},{"not_picked":["Darkness+1","Skim+1"],"picked":"Sweeping Beam","floor":21},{"not_picked":["Turbo+1","Self Repair"],"picked":"White Noise+1","floor":23}],"player_experience":201843,"relics_obtained":[{"floor":6,"key":"Toxic Egg 2"},{"floor":9,"key":"Ornamental Fan"},{"floor":13,"key":"Bag of Marbles"},{"floor":23,"key":"Ginger"}],"event_choices":[{"event_name":"Liars Game","player_choice":"agreed","floor":4,"damage_taken":0},{"event_name":"Wheel of Change","player_choice":"Curse","floor":7,"damage_taken":0},{"event_name":"Ghosts","player_choice":"Ignored","floor":19,"damage_taken":0},{"event_name":"Addict","player_choice":"Ignored","floor":22,"damage_taken":0}],"is_beta":false,"boss_relics":[{"not_picked":["Runic Dome","Tiny House"],"picked":"Sozu"}],"items_purged_floors":[],"is_endless":false,"potions_floor_spawned":[3,6,12,14,23],"killed_by":"Slavers","ascension_level":1}