{"gold_per_floor":[114,114,72,72,83,83,109,109,134,134,144,178,178,197,197,292,292,303,318,318,2,14,14,34,53,53,73,73,73],"floor_reached":29,"playtime":1808,"items_purged":[],"score":376,"play_id":"dc149135-f360-4632-84c8-b7292eb26bb9","local_time":"20181227120132","is_ascension_mode":true,"campfire_choices":[{"data":"Doom and Gloom","floor":6.0,"key":"SMITH"},{"data":"Zap","floor":8.0,"key":"SMITH"},{"floor":10.0,"key":"REST"},{"data":"Dualcast","floor":15.0,"key":"SMITH"},{"floor":23.0,"key":"REST"}],"neow_cost":"NONE","seed_source_timestamp":211667414170838,"circlet_count":0,"master_deck":["AscendersBane","Strike_B","Strike_B","Defend_B","Defend_B","Defend_B","Defend_B","Zap+1","Dualcast+1","Reprogram","Doom and Gloom+1","Leap","White Noise","All For One","Rebound+1","Steam Power","Defragment","Go for the Eyes","Double Energy+1","Beam Cell+1"],"special_seed":0,"relics":["Cracked Core","Singing Bowl","DataDisk","Gremlin Horn","Empty Cage","Lantern","Medical Kit","Ornamental Fan","Matryoshka"],"potions_floor_usage":[],"damage_taken":[{"damage":0.0,"enemies":"Small Slimes","floor":1.0,"turns":3.0},{"damage":1.0,"enemies":"Cultist","floor":5.0,"turns":4.0},{"damage":46.0,"enemies":"Gremlin Nob","floor":7.0,"turns":5.0},{"damage":3.0,"enemies":"2 Louse","floor":11.0,"turns":3.0},{"damage":21.0,"enemies":"3 Sentries","floor":12.0,"turns":5.0},{"damage":0.0,"enemies":"Gremlin Gang","floor":14.0,"turns":2.0},{"damage":71.0,"enemies":"Hexaghost","floor":16.0,"turns":10.0},{"damage":7.0,"enemies":"Chosen","floor":18.0,"turns":3.0},{"damage":17.0,"enemies":"Spheric Guardian","floor":19.0,"turns":4.0},{"damage":6.0,"enemies":"Cultist and Chosen","floor":22.0,"turns":4.0},{"damage":0,"enemies":"Chosen and Byrds","floor":24,"turns":4},{"damage":29,"enemies":"Centurion and Healer","floor":25,"turns":5},{"damage":30,"enemies":"3 Cultists","floor":27,"turns":4},{"damage":8,"enemies":"Chosen and Byrds","floor":29,"turns":1}],"seed_played":"-5241341327213104509","potions_obtained":[{"floor":5.0,"key":"Ancient Potion"},{"floor":11.0,"key":"Swift Potion"},{"floor":14.0,"key":"GamblersBrew"},{"floor":25,"key":"SteroidPotion"}],"is_trial":false,"path_per_floor":["M","?","?","?","M","R","E","R","T","R","M","E","?","M","R","B",null,"M","M","?","$","M","R","M","M","T","M","?","M"],"character_chosen":"DEFECT","items_purchased":["Steam Power","Medical Kit","Defragment"],"campfire_rested":2,"item_purchase_floors":[21,21,21],"current_hp_per_floor":[68,68,68,73,72,72,28,28,28,52,49,28,82,84,84,13,66,59,44,44,44,38,63,63,34,34,4,4,0],"gold":73,"neow_bonus":"RANDOM_COLORLESS","is_prod":false,"is_daily":false,"chose_seed":false,"campfire_upgraded":3,"win_rate":0,"timestamp":1545930092,"path_taken":["M","?","?","?","M","R","E","R","T","R","M","E","?","M","R","BOSS","M","M","?","$","M","R","M","M","T","M","?","M"],"build_version":"2018-12-20","purchased_purges":0,"victory":false,"max_hp_per_floor":[75,75,75,80,80,80,82,82,82,82,82,82,82,84,84,84,84,84,86,86,86,86,86,86,86,86,86,86,86],"card_choices":[{"not_picked":["Static Discharge","Compile Driver"],"picked":"Reprogram","floor":1.0},{"not_picked":["Go for the Eyes","Barrage"],"picked":"Doom and Gloom","floor":5.0},{"not_picked":["Coolheaded","Darkness","Loop"],"picked":"Singing Bowl","floor":7.0},{"not_picked":["Go for the Eyes","Rebound"],"picked":"Leap","floor":11.0},{"not_picked":["Redo","Stack"],"picked":"White Noise","floor":12.0},{"not_picked":["Scrape","Skim","Go for the Eyes"],"picked":"Singing Bowl","floor":14.0},{"not_picked":["Echo Form","Rainbow"],"picked":"All For One","floor":16.0},{"not_picked":["Streamline","Turbo"],"picked":"Rebound+1","floor":18.0},{"not_picked":["Force Field","Streamline","Reprogram"],"picked":"Singing Bowl","floor":19.0},{"not_picked":["Sweeping Beam","Compile Driver"],"picked":"Go for the Eyes","floor":22.0},{"not_picked":["Echo Form","Hologram"],"picked":"Double Energy+1","floor":24},{"not_picked":["Rip and Tear","Beam Cell"],"picked":"Steam","floor":25},{"not_picked":["Ball Lightning","White Noise"],"picked":"Beam Cell+1","floor":27}],"player_experience":444729,"relics_obtained":[{"floor":7.0,"key":"Singing Bowl"},{"floor":9.0,"key":"DataDisk"},{"floor":12.0,"key":"Gremlin Horn"},{"floor":26,"key":"Ornamental Fan"}],"event_choices":[{"damage_healed":0.0,"max_hp_gain":0.0,"max_hp_loss":0.0,"gold_gain":0.0,"event_name":"Scrap Ooze","player_choice":"Fled","floor":2.0,"gold_loss":0.0,"damage_taken":0.0},{"damage_healed":0.0,"max_hp_gain":0.0,"max_hp_loss":0.0,"gold_gain":0.0,"event_name":"World of Goop","player_choice":"Left Gold","floor":3.0,"gold_loss":42.0,"damage_taken":0.0},{"damage_healed":0.0,"max_hp_gain":5.0,"max_hp_loss":0.0,"gold_gain":0.0,"event_name":"Big Fish","player_choice":"Donut","floor":4.0,"gold_loss":0.0,"damage_taken":0.0},{"cards_removed":["Purity"],"damage_healed":54.0,"max_hp_gain":0.0,"max_hp_loss":0.0,"gold_gain":0.0,"event_name":"Bonfire Elementals","player_choice":"Offered Uncommon","floor":13.0,"gold_loss":0.0,"damage_taken":0.0},{"damage_healed":0.0,"max_hp_gain":0.0,"max_hp_loss":0.0,"gold_gain":0.0,"event_name":"The Mausoleum","player_choice":"Opened","floor":20.0,"gold_loss":0.0,"damage_taken":0.0,"relics_obtained":["Lantern"]},{"cards_removed":["Steam"],"damage_healed":0,"gold_gain":0,"player_choice":"Gave Card","damage_taken":0,"relics_obtained":["Matryoshka"],"max_hp_gain":0,"max_hp_loss":0,"event_name":"WeMeetAgain","floor":28,"gold_loss":0}],"is_beta":false,"boss_relics":[{"not_picked":["Eternal Feather","Coffee Dripper"],"picked":"Empty Cage"}],"items_purged_floors":[],"is_endless":false,"potions_floor_spawned":[5,11,14,25,27],"killed_by":"Chosen and Byrds","ascension_level":12}