{"gold_per_floor":[117,117,128,143,163,191,37,37,37,53,78,78,97,97],"floor_reached":14,"playtime":567,"items_purged":[],"score":107,"play_id":"1395e96e-dcc5-4999-af16-09d772d7eee2","local_time":"20180721215655","is_ascension_mode":true,"campfire_choices":[{"data":"Seek","floor":8.0,"key":"SMITH"}],"neow_cost":"TEN_PERCENT_HP_LOSS","seed_source_timestamp":251803436572511,"circlet_count":0,"master_deck":["Strike_B","Strike_B","Strike_B","Strike_B","Defend_B","Defend_B","Defend_B","Defend_B+1","Zap+1","Dualcast","Seek+1","Streamline","Streamline","Genetic Algorithm","Leap","Biased Cognition","Sunder"],"special_seed":0,"relics":["Cracked Core","Bag of Marbles","Bag of Preparation","Pantograph","Shuriken"],"potions_floor_usage":[13],"damage_taken":[{"damage":1.0,"enemies":"Jaw Worm","floor":1.0,"turns":3.0},{"damage":0.0,"enemies":"2 Louse","floor":3.0,"turns":3.0},{"damage":0.0,"enemies":"Cultist","floor":4.0,"turns":2.0},{"damage":13.0,"enemies":"Lots of Slimes","floor":5.0,"turns":3.0},{"damage":23.0,"enemies":"Gremlin Nob","floor":6.0,"turns":4.0},{"damage":3.0,"enemies":"Blue Slaver","floor":10.0,"turns":3.0},{"damage":13.0,"enemies":"Lagavulin","floor":11.0,"turns":5.0},{"damage":0,"enemies":"Gremlin Gang","floor":13,"turns":4},{"damage":1,"enemies":"3 Louse","floor":14,"turns":1}],"seed_played":"3442360068874692399","potions_obtained":[{"floor":5.0,"key":"GamblersBrew"},{"floor":6.0,"key":"GamblersBrew"},{"floor":10.0,"key":"PowerPotion"}],"is_trial":false,"path_per_floor":["M","?","M","M","M","E","$","R","T","M","E","?","M"],"character_chosen":"DEFECT","items_purchased":["Bag of Preparation"],"campfire_rested":0,"item_purchase_floors":[7],"current_hp_per_floor":[67,53,53,53,40,17,17,17,17,14,1,1,1,0],"gold":97,"neow_bonus":"THREE_RARE_CARDS","is_prod":false,"is_daily":false,"chose_seed":false,"campfire_upgraded":1,"win_rate":0,"timestamp":1532224615,"path_taken":["M","?","M","?","M","E","?","R","T","?","E","?","M","M"],"build_version":"2018-07-19v2","purchased_purges":0,"victory":false,"max_hp_per_floor":[68,68,68,68,68,68,68,68,68,68,68,68,68,68],"card_choices":[{"not_picked":["Fission","Rainbow"],"picked":"Seek","floor":0.0},{"not_picked":["Stack","Conserve Battery"],"picked":"Streamline","floor":1.0},{"not_picked":["Barrage","Go for the Eyes"],"picked":"Streamline","floor":3.0},{"not_picked":["Ball Lightning","Stack","Capacitor"],"picked":"SKIP","floor":4.0},{"not_picked":["Loop","Darkness"],"picked":"Genetic Algorithm","floor":5.0},{"not_picked":["Rebound","Beam Cell","Stack"],"picked":"SKIP","floor":6.0},{"not_picked":["Reinforced Body","Barrage"],"picked":"Leap","floor":10.0},{"not_picked":["Thunder Strike","Conserve Battery","Steam Power"],"picked":"SKIP","floor":11.0},{"not_picked":["Turbo","Leap"],"picked":"Sunder","floor":13}],"player_experience":113277,"relics_obtained":[{"floor":6.0,"key":"Bag of Marbles"},{"floor":9.0,"key":"Pantograph"},{"floor":11.0,"key":"Shuriken"}],"event_choices":[{"event_name":"Shining Light","player_choice":"Entered Light","floor":2.0,"damage_taken":0.0},{"event_name":"Match and Keep!","player_choice":"1 cards matched","floor":12.0,"damage_taken":0.0}],"is_beta":false,"boss_relics":[],"items_purged_floors":[],"is_endless":false,"potions_floor_spawned":[5,6,10,11],"killed_by":"3 Louse","ascension_level":1}