{"gold_per_floor":[109,23,34,34,34,34,54,66,89,130,142,154,186,212,224,236],"floor_reached":16,"playtime":576,"items_purged":[],"score":190,"play_id":"1d243108-6bbc-45a0-a1b8-b53735e12462","local_time":"20190218035720","is_ascension_mode":true,"campfire_choices":[{"data":"Zap","floor":6,"key":"SMITH"},{"data":"White Noise","floor":11,"key":"SMITH"},{"floor":15,"key":"REST"}],"neow_cost":"NONE","seed_source_timestamp":60722263470449,"circlet_count":0,"master_deck":["AscendersBane","Strike_B","Strike_B","Strike_B","Strike_B","Defend_B","Defend_B+1","Defend_B","Defend_B","Zap+1","Dualcast+1","Gash","Self Repair","Streamline","Go for the Eyes","White Noise+1","Cold Snap","Coolheaded"],"relics":["Cracked Core","NeowsBlessing","Odd Mushroom","MawBank","Regal Pillow"],"potions_floor_usage":[10,10,16],"damage_taken":[{"damage":0,"enemies":"Cultist","floor":1,"turns":1},{"damage":0,"enemies":"2 Louse","floor":3,"turns":1},{"damage":0,"enemies":"The Mushroom Lair","floor":7,"turns":1},{"damage":7,"enemies":"Small Slimes","floor":8,"turns":3},{"damage":10,"enemies":"Lagavulin","floor":10,"turns":6},{"damage":26,"enemies":"Gremlin Gang","floor":13,"turns":4},{"damage":13,"enemies":"3 Louse","floor":14,"turns":3},{"damage":51,"enemies":"Hexaghost","floor":16,"turns":12}],"seed_played":"6849109042215804983","potions_obtained":[{"floor":3,"key":"AttackPotion"},{"floor":7,"key":"Weak Potion"},{"floor":14,"key":"Block Potion"}],"is_trial":false,"path_per_floor":["M","$","M","$","?","R","?","M","T","E","R","?","M","M","R","B"],"character_chosen":"DEFECT","items_purchased":["Self Repair"],"campfire_rested":1,"item_purchase_floors":[2],"current_hp_per_floor":[64,64,64,64,64,64,64,64,64,61,61,40,21,15,51,0],"gold":236,"neow_bonus":"THREE_ENEMY_KILL","is_prod":false,"is_daily":false,"chose_seed":false,"campfire_upgraded":2,"win_rate":0,"timestamp":1550483840,"path_taken":["M","$","?","$","?","R","?","M","T","E","R","?","M","M","R","BOSS"],"build_version":"2019-01-23","purchased_purges":0,"victory":false,"max_hp_per_floor":[71,71,71,71,71,71,71,71,71,71,71,71,71,71,71,71],"card_choices":[{"not_picked":["Redo","Doom and Gloom"],"picked":"Gash","floor":1},{"not_picked":["Loop","Turbo","Barrage"],"picked":"SKIP","floor":3},{"not_picked":["Turbo","Leap"],"picked":"Streamline","floor":7},{"not_picked":["Steam","Double Energy"],"picked":"Go for the Eyes","floor":8},{"not_picked":["Conserve Battery","Leap"],"picked":"White Noise","floor":10},{"not_picked":["Seek","Coolheaded"],"picked":"Cold Snap","floor":13},{"not_picked":["Barrage","Auto Shields"],"picked":"Coolheaded","floor":14}],"player_experience":609093,"relics_obtained":[{"floor":7,"key":"Odd Mushroom"},{"floor":9,"key":"MawBank"},{"floor":10,"key":"Regal Pillow"}],"event_choices":[{"damage_healed":0,"gold_gain":0,"player_choice":"Ignored","damage_taken":0,"max_hp_gain":0,"max_hp_loss":0,"event_name":"Golden Wing","floor":5,"gold_loss":0},{"damage_healed":0,"gold_gain":0,"player_choice":"Fought Mushrooms","damage_taken":0,"max_hp_gain":0,"max_hp_loss":0,"event_name":"Mushrooms","floor":7,"gold_loss":0},{"damage_healed":0,"gold_gain":0,"player_choice":"Entered Light","damage_taken":21,"max_hp_gain":0,"max_hp_loss":0,"event_name":"Shining Light","floor":12,"gold_loss":0,"cards_upgraded":["Defend_B","Dualcast"]}],"is_beta":false,"boss_relics":[],"items_purged_floors":[],"is_endless":false,"potions_floor_spawned":[3,7,14],"killed_by":"Hexaghost","ascension_level":18}