{"gold_per_floor":[363,2,21,21,31,60,60,25,80,99,99,59,71,71,71,144,144,162,162,4,16,16],"floor_reached":22,"playtime":1842,"items_purged":["Regret"],"score":340,"play_id":"8d0c9b04-5d7e-4763-b129-41a47eb02ba7","local_time":"20190126124613","is_ascension_mode":true,"campfire_choices":[{"floor":7.0,"key":"REST"},{"data":"Clothesline","floor":15.0,"key":"SMITH"}],"neow_cost":"CURSE","seed_source_timestamp":297944545856534,"circlet_count":0,"master_deck":["AscendersBane","Strike_R","Strike_R","Strike_R","Strike_R","Defend_R","Defend_R","Defend_R","Bash","Pain","Flame Barrier","Evolve","Rupture","Feel No Pain","Clothesline+1","Warcry","Offering","Wild Strike","Brutality","True Grit+1","Seeing Red"],"special_seed":0,"relics":["Burning Blood","Dead Branch","Oddly Smooth Stone","Tiny Chest","Shuriken","Busted Crown"],"potions_floor_usage":[22],"damage_taken":[{"damage":2.0,"enemies":"2 Louse","floor":1.0,"turns":2.0},{"damage":16.0,"enemies":"Jaw Worm","floor":3.0,"turns":7.0},{"damage":10.0,"enemies":"Small Slimes","floor":5.0,"turns":7.0},{"damage":28.0,"enemies":"3 Sentries","floor":6.0,"turns":10.0},{"damage":13.0,"enemies":"Exordium Thugs","floor":10.0,"turns":4.0},{"damage":2.0,"enemies":"Looter","floor":12.0,"turns":4.0},{"damage":13.0,"enemies":"Large Slime","floor":13.0,"turns":3.0},{"damage":49.0,"enemies":"Hexaghost","floor":16.0,"turns":9.0},{"damage":42.0,"enemies":"Shell Parasite","floor":18.0,"turns":4.0},{"damage":30.0,"enemies":"2 Thieves","floor":21.0,"turns":5.0},{"damage":15,"enemies":"Colosseum Slavers","floor":22,"turns":1}],"seed_played":"7297296158693716542","potions_obtained":[{"floor":5.0,"key":"GamblersBrew"},{"floor":6.0,"key":"AttackPotion"},{"floor":18.0,"key":"SneckoOil"}],"is_trial":false,"path_per_floor":["M","$","M","?","M","E","R","?","T","M","?","M","M","?","R","B",null,"M","?","$","M","?"],"character_chosen":"IRONCLAD","items_purchased":["Dead Branch","Evolve","Regen Potion"],"campfire_rested":1,"item_purchase_floors":[2,2,20],"current_hp_per_floor":[72,72,62,55,51,29,51,69,69,62,62,66,59,59,59,16,60,24,24,24,15,0],"gold":16,"neow_bonus":"TWO_FIFTY_GOLD","is_prod":false,"is_daily":false,"chose_seed":false,"campfire_upgraded":1,"win_rate":0,"timestamp":1548524773,"path_taken":["M","$","M","?","M","E","R","?","T","M","?","M","M","?","R","BOSS","M","?","?","M","?"],"build_version":"2019-01-23","purchased_purges":1,"victory":false,"max_hp_per_floor":[75,75,75,75,75,75,75,75,75,75,75,75,75,75,75,75,75,75,75,75,75,75],"card_choices":[{"not_picked":["Havoc","Reckless Charge"],"picked":"Flame Barrier","floor":1.0},{"not_picked":["Flex","Infernal Blade"],"picked":"Rupture","floor":3.0},{"not_picked":["Armaments","Intimidate"],"picked":"Feel No Pain","floor":5.0},{"not_picked":["Evolve","Anger"],"picked":"Clothesline","floor":6.0},{"not_picked":["Metallicize","Clash"],"picked":"Warcry","floor":10.0},{"not_picked":["Body Slam","Burning Pact"],"picked":"Offering","floor":12.0},{"not_picked":["Anger","Entrench"],"picked":"Wild Strike","floor":13.0},{"not_picked":["Demon Form","Dark Embrace"],"picked":"Brutality","floor":16.0},{"not_picked":[],"picked":"True Grit","floor":18.0},{"not_picked":[],"picked":"Seeing Red","floor":21.0}],"player_experience":573784,"relics_obtained":[{"floor":6.0,"key":"Oddly Smooth Stone"},{"floor":9.0,"key":"Tiny Chest"}],"event_choices":[{"cards_removed":["Defend_R"],"damage_healed":0.0,"max_hp_gain":0.0,"max_hp_loss":0.0,"gold_gain":0.0,"event_name":"Golden Wing","player_choice":"Card Removal","floor":4.0,"gold_loss":0.0,"damage_taken":7.0},{"damage_healed":18.0,"max_hp_gain":0.0,"max_hp_loss":0.0,"gold_gain":0.0,"event_name":"The Cleric","player_choice":"Healed","floor":8.0,"gold_loss":35.0,"damage_taken":0.0},{"cards_removed":["Strike_R"],"damage_healed":0.0,"max_hp_gain":0.0,"max_hp_loss":0.0,"gold_gain":0.0,"event_name":"Living Wall","player_choice":"Forget","floor":11.0,"gold_loss":0.0,"damage_taken":0.0},{"damage_healed":0.0,"max_hp_gain":0.0,"max_hp_loss":0.0,"gold_gain":0.0,"event_name":"Big Fish","player_choice":"Box","floor":14.0,"gold_loss":0.0,"damage_taken":0.0,"relics_obtained":["Shuriken"],"cards_obtained":["Regret"]},{"damage_healed":0.0,"max_hp_gain":0.0,"max_hp_loss":0.0,"gold_gain":0.0,"event_name":"Accursed Blacksmith","player_choice":"Forge","floor":19.0,"gold_loss":0.0,"damage_taken":0.0,"cards_upgraded":["True Grit"]},{"damage_healed":0,"gold_gain":0,"player_choice":"Fight","damage_taken":0,"max_hp_gain":0,"max_hp_loss":0,"event_name":"Colosseum","floor":22,"gold_loss":0}],"is_beta":false,"boss_relics":[{"not_picked":["Runic Dome","Empty Cage"],"picked":"Busted Crown"}],"items_purged_floors":[20],"is_endless":false,"potions_floor_spawned":[5,6,18],"killed_by":"Colosseum Slavers","ascension_level":17}