{"gold_per_floor":[11,11,11,11,31,65,65,92,117,117,117,142,142,161,161,232,232,245,77,95,105,105,105,30,55,79,95,95,109,109,128,128,128],"floor_reached":33,"playtime":1902,"items_purged":["Strike_G"],"score":566,"play_id":"9d4b290e-9edf-46ee-a4ae-5afffc1144e7","local_time":"20190504080743","is_ascension_mode":true,"campfire_choices":[{"floor":7.0,"key":"REST"},{"floor":10.0,"key":"REST"},{"floor":15.0,"key":"REST"},{"data":"A Thousand Cuts","floor":23.0,"key":"SMITH"},{"floor":28,"key":"REST"},{"floor":30,"key":"REST"},{"floor":32,"key":"REST"}],"neow_cost":"NO_GOLD","seed_source_timestamp":0,"circlet_count":0,"master_deck":["AscendersBane","Defend_G","Defend_G","Defend_G","Defend_G","Defend_G","Strike_G","Strike_G","Survivor","Neutralize","Riddle With Holes+1","Underhanded Strike","Predator","Dagger Throw","PiercingWail","A Thousand Cuts+1","Cloak And Dagger","Footwork","Dodge and Roll","Terror","Reflex","Shame","Predator","Dash","Noxious Fumes","Acrobatics"],"special_seed":0,"relics":["Ring of the Snake","Torii","Anchor","Potion Belt","Orichalcum","Snake Skull","HoveringKite","Prayer Wheel","StoneCalendar","Pen Nib"],"potions_floor_usage":[27,33,33],"damage_taken":[{"damage":1.0,"enemies":"Small Slimes","floor":1.0,"turns":4.0},{"damage":1.0,"enemies":"2 Louse","floor":5.0,"turns":2.0},{"damage":31.0,"enemies":"Gremlin Nob","floor":6.0,"turns":4.0},{"damage":31.0,"enemies":"Lagavulin","floor":8.0,"turns":7.0},{"damage":19.0,"enemies":"Gremlin Nob","floor":12.0,"turns":4.0},{"damage":0.0,"enemies":"Jaw Worm","floor":14.0,"turns":2.0},{"damage":25.0,"enemies":"Slime Boss","floor":16.0,"turns":10.0},{"damage":1.0,"enemies":"3 Byrds","floor":18.0,"turns":5.0},{"damage":4.0,"enemies":"Chosen","floor":20.0,"turns":7.0},{"damage":1.0,"enemies":"Centurion and Healer","floor":21.0,"turns":5.0},{"damage":42,"enemies":"Slavers","floor":25,"turns":8},{"damage":1,"enemies":"Snecko","floor":27,"turns":5},{"damage":1,"enemies":"Chosen and Byrds","floor":29,"turns":6},{"damage":20,"enemies":"Centurion and Healer","floor":31,"turns":6},{"damage":41,"enemies":"Champ","floor":33,"turns":9}],"seed_played":"9141613049108844764","potions_obtained":[{"floor":1.0,"key":"PowerPotion"},{"floor":5.0,"key":"FearPotion"},{"floor":8.0,"key":"SpeedPotion"},{"floor":13.0,"key":"GhostInAJar"},{"floor":13.0,"key":"Fire Potion"},{"floor":20.0,"key":"Energy Potion"},{"floor":27,"key":"SpeedPotion"},{"floor":29,"key":"Ancient Potion"}],"is_trial":false,"path_per_floor":["M","?","?","$","M","E","R","E","T","R","?","E","?","M","R","B",null,"M","$","M","M","?","R","?","E","T","M","R","M","R","M","R","B"],"character_chosen":"THE_SILENT","items_purchased":["Footwork","Dodge and Roll"],"campfire_rested":6,"item_purchase_floors":[19,19],"current_hp_per_floor":[58,58,51,51,50,19,38,7,7,26,26,7,7,7,26,1,50,49,49,45,44,44,44,44,2,2,1,20,19,38,18,37,0],"gold":128,"neow_bonus":"ONE_RARE_RELIC","is_prod":false,"is_daily":false,"chose_seed":false,"campfire_upgraded":1,"win_rate":0,"timestamp":1556975263,"path_taken":["M","?","?","?","M","E","R","E","T","R","?","E","?","?","R","BOSS","M","$","M","M","?","R","?","E","T","M","R","M","R","M","R","BOSS"],"build_version":"2019-01-23","purchased_purges":1,"victory":false,"max_hp_per_floor":[66,66,66,66,66,66,66,66,66,66,66,66,66,66,66,66,66,66,66,66,66,66,66,66,66,66,66,66,66,66,66,66,66],"card_choices":[{"not_picked":["Escape Plan","Setup"],"picked":"Riddle With Holes","floor":1.0},{"not_picked":["Acrobatics","PiercingWail"],"picked":"Underhanded Strike","floor":5.0},{"not_picked":["Acrobatics","Prepared"],"picked":"Predator","floor":6.0},{"not_picked":["Deflect","Underhanded Strike"],"picked":"Dagger Throw","floor":8.0},{"not_picked":["Distraction","Prepared","Reflex"],"picked":"SKIP","floor":12.0},{"not_picked":["Reflex","Acrobatics"],"picked":"PiercingWail","floor":14.0},{"not_picked":["Unload","Grand Finale"],"picked":"A Thousand Cuts","floor":16.0},{"not_picked":["Tactician","Flying Knee"],"picked":"Cloak And Dagger","floor":18.0},{"not_picked":["Backflip","Dagger Spray"],"picked":"Terror","floor":20.0},{"not_picked":["Quick Slash","Prepared"],"picked":"Reflex","floor":21.0},{"not_picked":["Dodge and Roll","Setup+1"],"picked":"Predator","floor":25},{"not_picked":["Eviscerate","Poisoned Stab+1"],"picked":"Dash","floor":27},{"not_picked":["Concentrate+1","Prepared","Heel Hook"],"picked":"SKIP","floor":27},{"not_picked":["Escape Plan","Flying Knee"],"picked":"Noxious Fumes","floor":29},{"not_picked":["Riddle With Holes","Underhanded Strike+1","Heel Hook+1"],"picked":"SKIP","floor":29},{"not_picked":["Prepared","Unload"],"picked":"Acrobatics","floor":31},{"not_picked":["Slice","Skewer","Outmaneuver+1"],"picked":"SKIP","floor":31}],"player_experience":1103842,"relics_obtained":[{"floor":6.0,"key":"Anchor"},{"floor":8.0,"key":"Potion Belt"},{"floor":9.0,"key":"Orichalcum"},{"floor":12.0,"key":"Snake Skull"},{"floor":25,"key":"StoneCalendar"},{"floor":26,"key":"Pen Nib"}],"event_choices":[{"damage_healed":0.0,"max_hp_gain":0.0,"max_hp_loss":0.0,"gold_gain":0.0,"event_name":"Living Wall","player_choice":"Grow","floor":2.0,"gold_loss":0.0,"damage_taken":0.0,"cards_upgraded":["Riddle With Holes"]},{"cards_removed":["Strike_G"],"damage_healed":0.0,"max_hp_gain":0.0,"max_hp_loss":0.0,"gold_gain":0.0,"event_name":"Golden Wing","player_choice":"Card Removal","floor":3.0,"gold_loss":0.0,"damage_taken":7.0},{"damage_healed":0.0,"max_hp_gain":0.0,"max_hp_loss":0.0,"gold_gain":0.0,"event_name":"Shining Light","player_choice":"Ignored","floor":11.0,"gold_loss":0.0,"damage_taken":0.0},{"damage_healed":0.0,"max_hp_gain":0.0,"max_hp_loss":0.0,"gold_gain":0.0,"event_name":"Lab","player_choice":"Got Potions","floor":13.0,"gold_loss":0.0,"damage_taken":0.0},{"damage_healed":0.0,"max_hp_gain":0.0,"max_hp_loss":0.0,"gold_gain":0.0,"event_name":"Addict","player_choice":"Stole Relic","floor":22.0,"gold_loss":0.0,"damage_taken":0.0,"relics_obtained":["Prayer Wheel"],"cards_obtained":["Shame"]},{"cards_removed":["Strike_G"],"damage_healed":0.0,"max_hp_gain":0.0,"max_hp_loss":0.0,"gold_gain":0.0,"event_name":"Beggar","player_choice":"Gave Gold","floor":24.0,"gold_loss":75.0,"damage_taken":0.0}],"is_beta":false,"boss_relics":[{"not_picked":["Lizard Tail","Philosopher\u0027s Stone"],"picked":"HoveringKite"}],"items_purged_floors":[19],"is_endless":false,"potions_floor_spawned":[1,5,8,20,27,29],"killed_by":"Champ","ascension_level":20}