{"gold_per_floor":[367,386,10,10,10,10,23,23,23,75,87,117,152,185,197,330,342,379,391,418,455,17,17,36,1,1,1,15,15,28,69,69,198,198,222,245,18,81,0,0,0,14,82,82,41,56,71,4,4,4],"floor_reached":50,"playtime":2333,"items_purged":[],"score":581,"play_id":"fb75075e-8bb1-4555-b274-41a7ee710876","local_time":"20181113221117","is_ascension_mode":false,"campfire_choices":[{"floor":6,"key":"REST"},{"floor":11,"key":"REST"},{"floor":15,"key":"REST"},{"data":"Buffer","floor":23,"key":"SMITH"},{"floor":29,"key":"REST"},{"floor":32,"key":"REST"},{"floor":41,"key":"REST"},{"floor":44,"key":"REST"},{"floor":49,"key":"REST"}],"neow_cost":"PERCENT_DAMAGE","seed_source_timestamp":112839332677860,"circlet_count":0,"master_deck":["Strike_B","Strike_B","Strike_B","Strike_B","Defend_B","Defend_B+1","Defend_B","Defend_B","Zap","Dualcast","Sweeping Beam","Streamline","Sunder+1","Stack+1","Hologram+1","Fusion+1","Chill+1","White Noise+1","Buffer+1","BootSequence+1","Chill+1","Loop+1","Turbo+1","Genetic Algorithm+1","Transmutation+1","All For One","Steam Power+1","Sunder","Ball Lightning","Rebound+1","FTL","Fission+1","Gash+1","Rip and Tear+1","Turbo+1","Leap+1","Parasite","Compile Driver+1","Auto Shields+1","Gash","Steam+1","Leap+1"],"relics":["Cracked Core","Toxic Egg 2","Golden Idol","Oddly Smooth Stone","MawBank","Inserter","Anchor","Bottled Tornado","Busted Crown","Chemical X","Ginger","Red Mask","Letter Opener"],"potions_floor_usage":[13,16,21,31,33,40,42,50],"damage_taken":[{"damage":2,"enemies":"2 Louse","floor":1,"turns":2},{"damage":8,"enemies":"Jaw Worm","floor":2,"turns":4},{"damage":0,"enemies":"Cultist","floor":7,"turns":3},{"damage":1,"enemies":"3 Louse","floor":12,"turns":3},{"damage":9,"enemies":"Large Slime","floor":13,"turns":5},{"damage":5,"enemies":"Blue Slaver","floor":14,"turns":3},{"damage":51,"enemies":"Hexaghost","floor":16,"turns":10},{"damage":6,"enemies":"Spheric Guardian","floor":18,"turns":4},{"damage":0,"enemies":"3 Byrds","floor":20,"turns":6},{"damage":12,"enemies":"Centurion and Healer","floor":21,"turns":7},{"damage":0,"enemies":"Sentry and Sphere","floor":24,"turns":9},{"damage":0,"enemies":"Cultist and Chosen","floor":28,"turns":4},{"damage":15,"enemies":"Snake Plant","floor":30,"turns":3},{"damage":16,"enemies":"Book of Stabbing","floor":31,"turns":8},{"damage":0,"enemies":"Automaton","floor":33,"turns":13},{"damage":0,"enemies":"3 Shapes","floor":35,"turns":5},{"damage":0,"enemies":"3 Darklings","floor":36,"turns":5},{"damage":52,"enemies":"2 Orb Walkers","floor":38,"turns":8},{"damage":0,"enemies":"Jaw Worm Horde","floor":40,"turns":1},{"damage":6,"enemies":"Writhing Mass","floor":42,"turns":7},{"damage":26,"enemies":"Maw","floor":46,"turns":7},{"damage":16,"enemies":"Jaw Worm Horde","floor":47,"turns":3},{"damage":44,"enemies":"Time Eater","floor":50,"turns":6}],"seed_played":"2671542623404334448","potions_obtained":[{"floor":2,"key":"AttackPotion"},{"floor":7,"key":"AttackPotion"},{"floor":16,"key":"Poison Potion"},{"floor":20,"key":"SmokeBomb"},{"floor":21,"key":"SpeedPotion"},{"floor":30,"key":"EssenceOfSteel"},{"floor":31,"key":"EssenceOfSteel"},{"floor":38,"key":"Poison Potion"},{"floor":47,"key":"Ancient Potion"}],"is_trial":false,"path_per_floor":["M","M","$","?","?","R","M","$","T","T","R","M","M","M","R","B",null,"M","?","M","M","$","R","M","$","T","$","M","R","M","E","R","B",null,"M","M","$","?","?","M","R","M","T","R","$","M","M","$","R","B"],"character_chosen":"DEFECT","items_purchased":["Toxic Egg 2","Sunder","Stack+1","Turbo+1","Genetic Algorithm+1","Transmutation+1","All For One","Sunder","Chemical X","Turbo+1","Auto Shields+1","Steam+1","Leap+1"],"campfire_rested":8,"item_purchase_floors":[3,3,3,22,22,22,22,25,37,37,45,48,48],"current_hp_per_floor":[52,44,44,29,29,51,51,51,51,51,73,72,63,58,75,24,75,69,69,69,57,57,57,57,57,57,57,57,75,60,44,66,66,75,75,75,75,23,23,23,45,39,39,61,61,35,19,19,41,0],"gold":4,"neow_bonus":"TWO_FIFTY_GOLD","is_prod":false,"is_daily":false,"chose_seed":false,"campfire_upgraded":1,"win_rate":0,"timestamp":1542143477,"path_taken":["M","M","$","?","?","R","M","$","T","?","R","M","?","M","R","BOSS","M","?","M","M","$","R","M","?","T","$","M","R","M","E","R","BOSS","M","M","$","?","?","M","R","M","T","R","?","?","M","$","R","BOSS"],"build_version":"2018-11-08","purchased_purges":0,"victory":false,"max_hp_per_floor":[75,75,75,75,75,75,75,75,75,75,75,75,75,75,75,75,75,75,75,75,75,75,75,75,75,75,75,75,75,75,75,75,75,75,75,75,75,75,75,75,75,75,75,75,75,75,75,75,75,75],"card_choices":[{"not_picked":["Recycle","Stack"],"picked":"Sweeping Beam","floor":1},{"not_picked":["Sweeping Beam","Heatsinks"],"picked":"Streamline","floor":2},{"not_picked":["Cold Snap","Reinforced Body+1"],"picked":"Hologram+1","floor":7},{"not_picked":["Compile Driver","Lockon"],"picked":"Fusion+1","floor":12},{"not_picked":["Lockon","Stack+1"],"picked":"Chill+1","floor":13},{"not_picked":["Steam+1","FTL"],"picked":"White Noise+1","floor":14},{"not_picked":["Core Surge","Amplify+1"],"picked":"Buffer","floor":16},{"not_picked":["Barrage+1","Rebound+1"],"picked":"BootSequence+1","floor":18},{"not_picked":["Steam+1","Gash"],"picked":"Chill+1","floor":20},{"not_picked":["Heatsinks","Barrage+1"],"picked":"Loop+1","floor":21},{"not_picked":["Leap+1","Steam+1"],"picked":"Steam Power+1","floor":24},{"not_picked":["Barrage","Reprogram+1"],"picked":"Ball Lightning","floor":28},{"not_picked":["Recycle+1","Reprogram+1"],"picked":"Rebound+1","floor":30},{"not_picked":["Beam Cell+1","Streamline"],"picked":"FTL","floor":31},{"not_picked":["All For One","Amplify+1"],"picked":"Fission+1","floor":33},{"not_picked":[],"picked":"Gash+1","floor":35},{"not_picked":[],"picked":"Rip and Tear+1","floor":36},{"not_picked":[],"picked":"Leap+1","floor":38},{"not_picked":[],"picked":"Compile Driver+1","floor":42},{"not_picked":[],"picked":"Gash","floor":46},{"not_picked":["Auto Shields+1"],"picked":"SKIP","floor":47}],"player_experience":286819,"relics_obtained":[{"floor":9,"key":"Oddly Smooth Stone"},{"floor":10,"key":"MawBank"},{"floor":26,"key":"Anchor"},{"floor":31,"key":"Bottled Tornado"},{"floor":38,"key":"Ginger"},{"floor":43,"key":"Letter Opener"}],"event_choices":[{"damage_healed":0,"gold_gain":0,"player_choice":"Entered Light","damage_taken":15,"max_hp_gain":0,"max_hp_loss":0,"event_name":"Shining Light","floor":4,"gold_loss":0,"cards_upgraded":["Sunder","Defend_B"]},{"damage_healed":0,"gold_gain":0,"player_choice":"Take Wound","damage_taken":0,"relics_obtained":["Golden Idol"],"max_hp_gain":0,"max_hp_loss":0,"event_name":"Golden Idol","floor":5,"gold_loss":0,"cards_obtained":["Injury"]},{"cards_removed":["Injury"],"damage_healed":0,"gold_gain":0,"player_choice":"Purged","damage_taken":0,"max_hp_gain":0,"max_hp_loss":0,"event_name":"Purifier","floor":19,"gold_loss":0},{"damage_healed":0,"gold_gain":0,"player_choice":"Fight","damage_taken":0,"max_hp_gain":0,"max_hp_loss":0,"event_name":"Mysterious Sphere","floor":38,"gold_loss":0},{"damage_healed":0,"gold_gain":0,"player_choice":"Paid","damage_taken":0,"relics_obtained":["Red Mask"],"max_hp_gain":0,"max_hp_loss":0,"event_name":"Tomb of Lord Red Mask","floor":39,"gold_loss":81}],"is_beta":false,"boss_relics":[{"not_picked":["Snecko Eye","Empty Cage"],"picked":"Inserter"},{"not_picked":["Black Star","Runic Dome"],"picked":"Busted Crown"}],"items_purged_floors":[],"is_endless":false,"potions_floor_spawned":[2,7,16,20,21,30,31,38,47],"killed_by":"Time Eater","ascension_level":0}