{"gold_per_floor":[114,131,77,77,96,96,122,132,132,132,152,10,10,23,23,101,101,120,45,45,45,45,45,45],"floor_reached":24,"playtime":875,"items_purged":["Strike_B"],"score":369,"play_id":"94738454-5635-4ef4-9684-ff2561e1ef9c","local_time":"20190228024020","is_ascension_mode":true,"campfire_choices":[{"data":"Sunder","floor":6,"key":"SMITH"},{"floor":15,"key":"REST"},{"floor":23,"key":"REST"}],"neow_cost":"NONE","seed_source_timestamp":919806996529855,"circlet_count":0,"master_deck":["AscendersBane","Strike_B","Strike_B","Defend_B","Defend_B","Defend_B","Defend_B","Zap","Dualcast","Sunder+1","Coolheaded","Melter","Beam Cell","Flash of Steel","Sunder","Gash","Core Surge","Go for the Eyes"],"relics":["Cracked Core","NeowsBlessing","Ginger","Gambling Chip","Sozu"],"potions_floor_usage":[16,16,22],"damage_taken":[{"damage":0,"enemies":"Jaw Worm","floor":1,"turns":1},{"damage":0,"enemies":"Cultist","floor":2,"turns":1},{"damage":0,"enemies":"Small Slimes","floor":5,"turns":1},{"damage":46,"enemies":"3 Sentries","floor":7,"turns":9},{"damage":8,"enemies":"Blue Slaver","floor":8,"turns":2},{"damage":4,"enemies":"Exordium Wildlife","floor":11,"turns":5},{"damage":8,"enemies":"Large Slime","floor":14,"turns":3},{"damage":39,"enemies":"Slime Boss","floor":16,"turns":8},{"damage":11,"enemies":"2 Thieves","floor":18,"turns":2},{"damage":7,"enemies":"Colosseum Slavers","floor":22,"turns":2},{"damage":47,"enemies":"Slavers","floor":24,"turns":2}],"seed_played":"516109551381687476","potions_obtained":[{"floor":1,"key":"Strength Potion"},{"floor":8,"key":"Regen Potion"},{"floor":16,"key":"Energy Potion"}],"is_trial":false,"path_per_floor":["M","M","$","?","M","R","E","M","T","?","M","$","?","M","R","B",null,"M","$","?","?","?","R","E"],"character_chosen":"DEFECT","items_purchased":["Coolheaded","Flash of Steel","Sunder"],"campfire_rested":2,"item_purchase_floors":[3,12,12],"current_hp_per_floor":[64,64,64,64,64,64,18,10,10,33,29,29,29,21,42,18,58,47,47,47,27,20,42,0],"gold":45,"neow_bonus":"THREE_ENEMY_KILL","is_prod":false,"is_daily":false,"chose_seed":false,"campfire_upgraded":1,"win_rate":0,"timestamp":1551343220,"path_taken":["M","M","$","?","?","R","E","M","T","?","M","$","?","M","R","BOSS","M","$","?","?","?","R","E"],"build_version":"2019-01-23","purchased_purges":1,"victory":false,"max_hp_per_floor":[71,71,71,71,71,71,71,71,71,71,71,71,71,71,71,71,71,71,71,71,76,76,76,76],"card_choices":[{"not_picked":["Ball Lightning","Tempest"],"picked":"Sunder","floor":1},{"not_picked":["Capacitor","Scrape","Sunder"],"picked":"SKIP","floor":2},{"not_picked":["Redo","Capacitor","Compile Driver"],"picked":"SKIP","floor":5},{"not_picked":["Barrage","Lockon","Scrape"],"picked":"SKIP","floor":7},{"not_picked":["Turbo","Rebound","Redo"],"picked":"SKIP","floor":8},{"not_picked":["Auto Shields","Static Discharge"],"picked":"Beam Cell","floor":11},{"not_picked":["Leap","Fusion"],"picked":"Gash","floor":14},{"not_picked":["Buffer","Rainbow"],"picked":"Core Surge","floor":16},{"not_picked":["Storm","Redo"],"picked":"Go for the Eyes","floor":18}],"player_experience":617448,"relics_obtained":[{"floor":7,"key":"Ginger"},{"floor":9,"key":"Gambling Chip"}],"event_choices":[{"damage_healed":0,"gold_gain":0,"cards_transformed":["Strike_B"],"player_choice":"Transformed","damage_taken":0,"max_hp_gain":0,"max_hp_loss":0,"event_name":"Transmorgrifier","floor":4,"gold_loss":0,"cards_obtained":["Melter"]},{"damage_healed":23,"gold_gain":0,"player_choice":"Banana","damage_taken":0,"max_hp_gain":0,"max_hp_loss":0,"event_name":"Big Fish","floor":10,"gold_loss":0},{"damage_healed":0,"gold_gain":0,"player_choice":"Leave","damage_taken":0,"max_hp_gain":0,"max_hp_loss":0,"event_name":"The Cleric","floor":13,"gold_loss":0},{"damage_healed":0,"gold_gain":0,"player_choice":"Ignored","damage_taken":0,"max_hp_gain":0,"max_hp_loss":0,"event_name":"Vampires","floor":20,"gold_loss":0},{"damage_healed":0,"gold_gain":0,"player_choice":"Shed Blood","damage_taken":25,"max_hp_gain":5,"max_hp_loss":0,"event_name":"Forgotten Altar","floor":21,"gold_loss":0},{"damage_healed":0,"gold_gain":0,"player_choice":"Fight","damage_taken":0,"max_hp_gain":0,"max_hp_loss":0,"event_name":"Colosseum","floor":22,"gold_loss":0},{"damage_healed":0,"gold_gain":0,"player_choice":"Fled From Nobs","damage_taken":0,"max_hp_gain":0,"max_hp_loss":0,"event_name":"Colosseum","floor":22,"gold_loss":0}],"is_beta":false,"boss_relics":[{"not_picked":["Velvet Choker","Calling Bell"],"picked":"Sozu"}],"items_purged_floors":[19],"is_endless":false,"potions_floor_spawned":[1,8,14,16,18],"killed_by":"Slavers","ascension_level":18}