{"gold_per_floor":[110,110,110,130,148,148,178,189,189,189,215,230,230,247,247,324,324,295,311,311,327,327,354,354,381,381,415,415,435,453,465,465,544,544,555,555,655,675,675,675,710,710,762,774,818,390,417,431,431,431,431,431,431,59,88,88],"floor_reached":57,"playtime":4694,"items_purged":["Strike_G"],"score":2945,"play_id":"d35e1b4d-0f32-4cc1-8828-068a86a64015","local_time":"20190413070559","is_ascension_mode":true,"campfire_choices":[{"data":"Deadly Poison","floor":6.0,"key":"SMITH"},{"floor":10.0,"key":"REST"},{"data":"After Image","floor":13.0,"key":"SMITH"},{"data":"Neutralize","floor":15.0,"key":"SMITH"},{"floor":24.0,"key":"REST"},{"data":"Poisoned Stab","floor":28.0,"key":"SMITH"},{"floor":32.0,"key":"RECALL"},{"floor":40.0,"key":"REST"},{"data":"Footwork","floor":42.0,"key":"SMITH"},{"floor":49.0,"key":"REST"},{"floor":53.0,"key":"REST"}],"neow_cost":"NONE","seed_source_timestamp":0,"circlet_count":0,"master_deck":["AscendersBane","Defend_G","Defend_G","Defend_G","Defend_G","Defend_G","Strike_G","Survivor","Neutralize+1","Dagger Spray+1","Deadly Poison+1","After Image+1","Deadly Poison+1","Backflip+1","Cloak And Dagger+1","Malaise+1","Night Terror+1","PiercingWail+1","Distraction+1","Catalyst+1","Adrenaline+1","Backflip+1","Deadly Poison+1","Cloak And Dagger+1","Malaise+1","Footwork+1","Good Instincts+1","Terror+1","Well Laid Plans","PiercingWail+1","PiercingWail+1","PiercingWail+1","Cloak And Dagger+1","Escape Plan+1","Cloak And Dagger+1"],"special_seed":0,"relics":["Ring of the Snake","Toxic Egg 2","Ice Cream","Du-Vu Doll","Cursed Key","MutagenicStrength","Omamori","Ornamental Fan","Kunai","Empty Cage","Tingsha","Boot","MawBank","Bottled Flame","Ninja Scroll","Blood Vial","Pantograph","Bronze Scales"],"potions_floor_usage":[56,56],"damage_taken":[{"damage":3.0,"enemies":"Small Slimes","floor":1.0,"turns":5.0},{"damage":3.0,"enemies":"2 Louse","floor":4.0,"turns":2.0},{"damage":2.0,"enemies":"Jaw Worm","floor":5.0,"turns":4.0},{"damage":37.0,"enemies":"3 Sentries","floor":7.0,"turns":8.0},{"damage":6.0,"enemies":"Large Slime","floor":8.0,"turns":5.0},{"damage":10.0,"enemies":"Lagavulin","floor":11.0,"turns":7.0},{"damage":0.0,"enemies":"2 Fungi Beasts","floor":12.0,"turns":3.0},{"damage":4.0,"enemies":"3 Louse","floor":14.0,"turns":3.0},{"damage":8.0,"enemies":"Slime Boss","floor":16.0,"turns":8.0},{"damage":11.0,"enemies":"2 Thieves","floor":18.0,"turns":4.0},{"damage":0.0,"enemies":"Chosen","floor":19.0,"turns":6.0},{"damage":6.0,"enemies":"Snake Plant","floor":21.0,"turns":4.0},{"damage":5.0,"enemies":"Book of Stabbing","floor":23.0,"turns":5.0},{"damage":0.0,"enemies":"Gremlin Leader","floor":25.0,"turns":5.0},{"damage":20.0,"enemies":"Slavers","floor":27.0,"turns":7.0},{"damage":0.0,"enemies":"3 Cultists","floor":29.0,"turns":3.0},{"damage":0.0,"enemies":"Cultist and Chosen","floor":30.0,"turns":3.0},{"damage":0.0,"enemies":"Shelled Parasite and Fungi","floor":31.0,"turns":4.0},{"damage":11.0,"enemies":"Collector","floor":33.0,"turns":8.0},{"damage":0.0,"enemies":"Orb Walker","floor":35.0,"turns":4.0},{"damage":2.0,"enemies":"Mind Bloom Boss Battle","floor":37.0,"turns":6.0},{"damage":8.0,"enemies":"3 Darklings","floor":38.0,"turns":8.0},{"damage":17.0,"enemies":"Reptomancer","floor":41.0,"turns":7.0},{"damage":0.0,"enemies":"Giant Head","floor":45.0,"turns":10.0},{"damage":17.0,"enemies":"Reptomancer","floor":47.0,"turns":6.0},{"damage":0.0,"enemies":"4 Shapes","floor":48.0,"turns":6.0},{"damage":9.0,"enemies":"Awakened One","floor":50.0,"turns":21.0},{"damage":25.0,"enemies":"Time Eater","floor":51.0,"turns":21.0},{"damage":22.0,"enemies":"Shield and Spear","floor":55.0,"turns":8.0},{"damage":46,"enemies":"The Heart","floor":56,"turns":11}],"seed_played":"4425612710204950910","potions_obtained":[{"floor":4.0,"key":"LiquidBronze"},{"floor":8.0,"key":"FearPotion"},{"floor":12.0,"key":"SpeedPotion"},{"floor":16.0,"key":"GhostInAJar"},{"floor":27.0,"key":"AttackPotion"},{"floor":31.0,"key":"AttackPotion"},{"floor":33.0,"key":"Dexterity Potion"},{"floor":38.0,"key":"PowerPotion"},{"floor":45.0,"key":"SmokeBomb"}],"is_trial":false,"path_per_floor":["M","?","?","M","M","R","E","M","T","R","E","M","R","M","R","B",null,"M","M","?","M","?","E","R","E","T","E","R","M","M","M","R","B",null,"M","?","?","M","?","R","E","R","T","?","E","$","E","M","R","B","B",null,"R","$","E","B",null],"character_chosen":"THE_SILENT","items_purchased":["Ninja Scroll","LiquidBronze","Pantograph","Cloak And Dagger+1","Escape Plan+1"],"campfire_rested":5,"item_purchase_floors":[46,46,54,54,54],"current_hp_per_floor":[62,62,62,59,57,57,20,14,14,35,25,25,25,21,21,13,57,46,46,46,40,54,49,70,70,70,50,50,50,50,50,50,39,64,64,59,57,49,49,70,53,53,53,53,53,53,36,38,59,52,29,61,72,72,50,26],"gold":88,"neow_bonus":"TEN_PERCENT_HP_BONUS","is_prod":false,"is_daily":false,"chose_seed":false,"campfire_upgraded":5,"win_rate":0,"timestamp":1555157159,"path_taken":["M","?","?","M","M","R","E","M","T","R","E","M","R","M","R","BOSS","M","M","?","M","?","E","R","E","T","E","R","M","M","M","R","BOSS","M","?","?","M","?","R","E","R","T","?","E","$","E","?","R","BOSS","BOSS","R","$","E","BOSS"],"build_version":"2019-01-23","purchased_purges":1,"victory":true,"max_hp_per_floor":[72,72,72,72,72,72,72,72,72,72,72,72,72,72,72,72,72,72,72,72,72,72,72,72,72,72,72,72,72,72,72,72,72,72,72,72,72,72,72,72,72,72,72,72,72,72,72,72,72,72,72,72,72,72,72,72],"card_choices":[{"not_picked":["Backflip","Cloak And Dagger"],"picked":"Dagger Spray","floor":1.0},{"not_picked":["Blade Dance","Escape Plan"],"picked":"Poisoned Stab","floor":4.0},{"not_picked":["Infinite Blades","Riddle With Holes"],"picked":"Deadly Poison","floor":5.0},{"not_picked":["Flying Knee","Expertise"],"picked":"After Image","floor":7.0},{"not_picked":["Blade Dance+1","Dagger Throw"],"picked":"Deadly Poison+1","floor":8.0},{"not_picked":["Prepared+1","Masterful Stab"],"picked":"Backflip+1","floor":11.0},{"not_picked":["Prepared+1","Flying Knee"],"picked":"Cloak And Dagger+1","floor":12.0},{"not_picked":["Predator","Deadly Poison+1"],"picked":"Malaise+1","floor":14.0},{"not_picked":["Unload","Doppelganger+1"],"picked":"Night Terror+1","floor":16.0},{"not_picked":["Cloak And Dagger+1","Outmaneuver+1"],"picked":"PiercingWail+1","floor":18.0},{"not_picked":["Sucker Punch","Dash"],"picked":"Distraction+1","floor":19.0},{"not_picked":["Terror+1","Deadly Poison+1"],"picked":"Catalyst+1","floor":21.0},{"not_picked":["Quick Slash","Bane","Setup+1"],"picked":"SKIP","floor":23.0},{"not_picked":["Outmaneuver+1","Poisoned Stab"],"picked":"Adrenaline+1","floor":25.0},{"not_picked":["Dagger Throw","Poisoned Stab"],"picked":"Backflip+1","floor":27.0},{"not_picked":["Quick Slash","Poisoned Stab"],"picked":"Deadly Poison+1","floor":29.0},{"not_picked":["Bane","Outmaneuver+1"],"picked":"Cloak And Dagger+1","floor":30.0},{"not_picked":["Bouncing Flask+1","Underhanded Strike","Bane"],"picked":"SKIP","floor":31.0},{"not_picked":["Storm of Steel+1","A Thousand Cuts"],"picked":"Malaise+1","floor":33.0},{"not_picked":["Acrobatics+1","Predator"],"picked":"Footwork","floor":35.0},{"not_picked":["Chrysalis+1","Forethought+1"],"picked":"Good Instincts+1","floor":36.0},{"not_picked":["Choke","Outmaneuver+1"],"picked":"Terror+1","floor":37.0},{"not_picked":["Infinite Blades","Dagger Throw","Deadly Poison+1"],"picked":"SKIP","floor":38.0},{"not_picked":["Distraction+1","Prepared+1"],"picked":"Well Laid Plans","floor":41.0},{"not_picked":["Tools of the Trade","Infinite Blades"],"picked":"PiercingWail+1","floor":45.0},{"not_picked":["Cloak And Dagger+1","Expertise+1"],"picked":"PiercingWail+1","floor":47.0},{"not_picked":["Bouncing Flask+1","Backflip+1"],"picked":"PiercingWail+1","floor":48.0},{"not_picked":["Outmaneuver+1","Flying Knee"],"picked":"Cloak And Dagger+1","floor":55.0}],"player_experience":1038763,"relics_obtained":[{"floor":7.0,"key":"Toxic Egg 2"},{"floor":9.0,"key":"Ice Cream"},{"floor":11.0,"key":"Du-Vu Doll"},{"floor":23.0,"key":"Omamori"},{"floor":25.0,"key":"Ornamental Fan"},{"floor":27.0,"key":"Kunai"},{"floor":37.0,"key":"Tingsha"},{"floor":41.0,"key":"Boot"},{"floor":43.0,"key":"MawBank"},{"floor":45.0,"key":"Bottled Flame"},{"floor":47.0,"key":"Blood Vial"},{"floor":55.0,"key":"Bronze Scales"}],"event_choices":[{"damage_healed":0.0,"max_hp_gain":0.0,"max_hp_loss":0.0,"gold_gain":0.0,"event_name":"Living Wall","player_choice":"Grow","floor":2.0,"gold_loss":0.0,"damage_taken":0.0,"cards_upgraded":["Dagger Spray"]},{"damage_healed":0.0,"max_hp_gain":0.0,"max_hp_loss":0.0,"gold_gain":0.0,"event_name":"Liars Game","player_choice":"Ignored","floor":3.0,"gold_loss":0.0,"damage_taken":0.0},{"damage_healed":0.0,"max_hp_gain":0.0,"max_hp_loss":0.0,"gold_gain":0.0,"event_name":"Drug Dealer","player_choice":"Inject Mutagens","floor":20.0,"gold_loss":0.0,"damage_taken":0.0,"relics_obtained":["MutagenicStrength"]},{"damage_healed":14.0,"max_hp_gain":0.0,"max_hp_loss":0.0,"gold_gain":0.0,"event_name":"The Library","player_choice":"Heal","floor":22.0,"gold_loss":0.0,"damage_taken":0.0},{"damage_healed":0.0,"max_hp_gain":0.0,"max_hp_loss":0.0,"gold_gain":0.0,"event_name":"SensoryStone","player_choice":"Memory 2","floor":36.0,"gold_loss":0.0,"damage_taken":5.0},{"damage_healed":0.0,"max_hp_gain":0.0,"max_hp_loss":0.0,"gold_gain":0.0,"event_name":"MindBloom","player_choice":"Fight","floor":37.0,"gold_loss":0.0,"damage_taken":0.0},{"cards_removed":["Poisoned Stab"],"damage_healed":0.0,"max_hp_gain":0.0,"max_hp_loss":0.0,"gold_gain":0.0,"event_name":"Falling","player_choice":"Removed Attack","floor":39.0,"gold_loss":0.0,"damage_taken":0.0},{"cards_removed":["Strike_G"],"damage_healed":0.0,"max_hp_gain":0.0,"max_hp_loss":0.0,"gold_gain":0.0,"event_name":"Purifier","player_choice":"Purged","floor":44.0,"gold_loss":0.0,"damage_taken":0.0}],"is_beta":false,"boss_relics":[{"not_picked":["Velvet Choker","White Beast Statue"],"picked":"Cursed Key"},{"not_picked":["Eternal Feather","Calling Bell"],"picked":"Empty Cage"}],"items_purged_floors":[46],"is_endless":false,"potions_floor_spawned":[4,8,12,16,19,21,27,29,31,33,37,38,45,48],"ascension_level":20}