{"gold_per_floor":[412,141,141,154,154,154,173,202,281,281,9,9,34,48,48,137,137,162,183,183,204,48,48],"floor_reached":23,"playtime":1046,"items_purged":["Injury","Parasite"],"score":382,"play_id":"acf34feb-1f47-4c67-9397-c3df8acaa32e","local_time":"20190504060849","is_ascension_mode":true,"campfire_choices":[{"data":"Bash","floor":6.0,"key":"SMITH"},{"floor":12.0,"key":"REST"},{"data":"The Bomb","floor":15.0,"key":"SMITH"}],"neow_cost":"NONE","seed_source_timestamp":2885925354093420,"circlet_count":0,"master_deck":["AscendersBane","Strike_R","Strike_R","Strike_R","Strike_R","Strike_R","Defend_R","Defend_R","Defend_R","Defend_R","Bash+1","Shrug It Off","Seeing Red","Shrug It Off","The Bomb+1","Flame Barrier","Feed","Warcry","Entrench","Shrug It Off"],"special_seed":0,"relics":["Calling Bell","Old Coin","Meat on the Bone","Bag of Marbles","Kunai","Anchor","Pear","Golden Idol","Cursed Key"],"potions_floor_usage":[16,21,23],"damage_taken":[{"damage":4.0,"enemies":"Small Slimes","floor":1.0,"turns":4.0},{"damage":18.0,"enemies":"Cultist","floor":4.0,"turns":5.0},{"damage":11.0,"enemies":"Jaw Worm","floor":7.0,"turns":8.0},{"damage":41.0,"enemies":"Lagavulin","floor":8.0,"turns":10.0},{"damage":17.0,"enemies":"Looter","floor":13.0,"turns":4.0},{"damage":6.0,"enemies":"Exordium Wildlife","floor":14.0,"turns":4.0},{"damage":30,"enemies":"Slime Boss","floor":16,"turns":7},{"damage":27,"enemies":"3 Byrds","floor":18,"turns":4},{"damage":31,"enemies":"Chosen","floor":19,"turns":6},{"damage":9,"enemies":"Snake Plant","floor":21,"turns":3},{"damage":37,"enemies":"Book of Stabbing","floor":23,"turns":4}],"seed_played":"1264219344932640903","potions_obtained":[{"floor":7.0,"key":"Energy Potion"},{"floor":14.0,"key":"SteroidPotion"},{"floor":19,"key":"Explosive Potion"},{"floor":21,"key":"Strength Potion"}],"is_trial":false,"path_per_floor":["M","$","?","M","?","R","M","E","T","?","$","R","M","M","R","B",null,"M","M","T","M","$","E"],"character_chosen":"IRONCLAD","items_purchased":["Kunai","The Bomb","Shrug It Off"],"campfire_rested":1,"item_purchase_floors":[2,11,22],"current_hp_per_floor":[64,64,64,46,46,46,47,18,28,28,28,51,46,40,40,22,63,48,32,32,35,35,0],"gold":48,"neow_bonus":"BOSS_RELIC","is_prod":false,"is_daily":false,"chose_seed":false,"campfire_upgraded":2,"win_rate":0,"timestamp":1556968129,"path_taken":["M","$","?","?","?","R","M","E","T","?","?","R","M","M","R","BOSS","M","M","?","M","$","E"],"build_version":"2019-01-23","purchased_purges":2,"victory":false,"max_hp_per_floor":[75,75,75,75,75,75,75,75,85,77,77,77,77,77,77,77,77,77,80,80,80,77,77],"card_choices":[{"not_picked":["Clash","Wild Strike","Perfected Strike"],"picked":"SKIP","floor":1.0},{"not_picked":["Evolve","Havoc"],"picked":"Shrug It Off","floor":4.0},{"not_picked":["Havoc","Heavy Blade"],"picked":"Seeing Red","floor":7.0},{"not_picked":["Body Slam","Dual Wield"],"picked":"Shrug It Off","floor":8.0},{"not_picked":["Dark Embrace","Hemokinesis","Pommel Strike"],"picked":"SKIP","floor":13.0},{"not_picked":["Pommel Strike","Havoc"],"picked":"Flame Barrier","floor":14.0},{"not_picked":["Impervious","Demon Form"],"picked":"Feed","floor":16},{"not_picked":["Clash","Body Slam"],"picked":"Warcry","floor":18},{"not_picked":["Limit Break","Armaments"],"picked":"Entrench","floor":19},{"not_picked":["Wild Strike","Thunderclap","Corruption"],"picked":"SKIP","floor":21}],"player_experience":678916,"relics_obtained":[{"floor":0.0,"key":"Old Coin"},{"floor":0.0,"key":"Meat on the Bone"},{"floor":0.0,"key":"Bag of Marbles"},{"floor":8.0,"key":"Anchor"},{"floor":9.0,"key":"Pear"}],"event_choices":[{"cards_removed":["Normality"],"damage_healed":0.0,"max_hp_gain":0.0,"max_hp_loss":0.0,"gold_gain":0.0,"event_name":"Purifier","player_choice":"Purged","floor":3.0,"gold_loss":0.0,"damage_taken":0.0},{"damage_healed":0.0,"max_hp_gain":0.0,"max_hp_loss":0.0,"gold_gain":0.0,"event_name":"Liars Game","player_choice":"Ignored","floor":5.0,"gold_loss":0.0,"damage_taken":0.0},{"damage_healed":0.0,"max_hp_gain":0.0,"max_hp_loss":8.0,"gold_gain":0.0,"event_name":"Golden Idol","player_choice":"Lose Max HP","floor":10.0,"gold_loss":0.0,"damage_taken":0.0,"relics_obtained":["Golden Idol"]}],"is_beta":false,"boss_relics":[{"not_picked":["Orrery","Empty Cage"],"picked":"Cursed Key"}],"items_purged_floors":[11,22],"is_endless":false,"potions_floor_spawned":[7,14,19,21],"killed_by":"Book of Stabbing","ascension_level":20}