{"gold_per_floor":[117,129,129,79,93,126,143,161,161,161,194,207,218,244,244,344,344,356,368,368,382,402,432,442,442],"floor_reached":25,"playtime":1501,"items_purged":[],"score":274,"play_id":"6c1d1916-c230-42de-89d5-2b65869c5414","local_time":"20180718225558","is_ascension_mode":true,"campfire_choices":[{"data":"Spot Weakness","floor":15,"key":"SMITH"}],"neow_cost":"NONE","seed_source_timestamp":102243402729497,"circlet_count":0,"master_deck":["Strike_R+1","Strike_R+1","Defend_R+1","Defend_R+1","Defend_R+1","Defend_R+1","Bash","Cleave","Body Slam","Iron Wave","Battle Trance","Headbutt","Spot Weakness+1","Twin Strike","Offering","Juggernaut","Havoc+1","Metallicize","Body Slam+1","Flex+1","Armaments"],"relics":["Burning Blood","Self Forming Clay","Happy Flower","Vajra","Bottled Flame","Smiling Mask","White Beast Statue","Art of War"],"potions_floor_usage":[11,12,16,21,21,23,25,25,25],"damage_taken":[{"damage":8,"enemies":"Jaw Worm","floor":1,"turns":4},{"damage":0,"enemies":"Small Slimes","floor":2,"turns":3},{"damage":1,"enemies":"Cultist","floor":5,"turns":3},{"damage":43,"enemies":"Lagavulin","floor":6,"turns":9},{"damage":11,"enemies":"Blue Slaver","floor":7,"turns":5},{"damage":7,"enemies":"3 Louse","floor":8,"turns":4},{"damage":14,"enemies":"Gremlin Nob","floor":11,"turns":4},{"damage":0,"enemies":"Lots of Slimes","floor":12,"turns":2},{"damage":6,"enemies":"Large Slime","floor":13,"turns":6},{"damage":3,"enemies":"3 Sentries","floor":14,"turns":5},{"damage":20,"enemies":"The Guardian","floor":16,"turns":9},{"damage":17,"enemies":"Chosen","floor":18,"turns":6},{"damage":5,"enemies":"Spheric Guardian","floor":19,"turns":3},{"damage":11,"enemies":"Snecko","floor":21,"turns":3},{"damage":21,"enemies":"Chosen and Byrds","floor":22,"turns":6},{"damage":32,"enemies":"Slavers","floor":23,"turns":5},{"damage":16,"enemies":"Centurion and Healer","floor":24,"turns":5},{"damage":14,"enemies":"Book of Stabbing","floor":25,"turns":3}],"seed_played":"-3789762629364207375","potions_obtained":[{"floor":1,"key":"Energy Potion"},{"floor":7,"key":"Strength Potion"},{"floor":8,"key":"SteroidPotion"},{"floor":12,"key":"LiquidBronze"},{"floor":13,"key":"Strength Potion"},{"floor":14,"key":"SneckoOil"},{"floor":18,"key":"GamblersBrew"},{"floor":21,"key":"GamblersBrew"},{"floor":22,"key":"Poison Potion"},{"floor":23,"key":"LiquidBronze"}],"is_trial":false,"path_per_floor":["M","M","?","?","M","E","M","M","T","?","E","M","M","E","R","B",null,"M","M","?","M","M","E","M"],"character_chosen":"IRONCLAD","items_purchased":[],"campfire_rested":0,"item_purchase_floors":[],"current_hp_per_floor":[78,80,62,62,67,30,25,24,24,24,16,22,22,25,25,11,80,69,70,70,65,50,24,14,0],"gold":442,"neow_bonus":"REMOVE_CARD","is_prod":false,"is_daily":false,"chose_seed":false,"campfire_upgraded":1,"win_rate":0,"timestamp":1531968958,"path_taken":["M","M","?","?","M","E","?","M","T","?","E","M","M","E","R","BOSS","M","M","?","M","?","E","M","E"],"build_version":"2018-07-12","purchased_purges":0,"victory":false,"max_hp_per_floor":[80,80,80,80,80,80,80,80,80,80,80,80,80,80,80,80,80,80,80,80,80,80,80,80,80],"card_choices":[{"not_picked":["Corruption","Perfected Strike"],"picked":"Cleave","floor":1},{"not_picked":["Rage","Wild Strike"],"picked":"Body Slam","floor":2},{"not_picked":["Twin Strike","Thunderclap","Wild Strike"],"picked":"SKIP","floor":5},{"not_picked":["Combust","Heavy Blade","Shockwave"],"picked":"SKIP","floor":6},{"not_picked":["Whirlwind","Heavy Blade"],"picked":"Iron Wave","floor":7},{"not_picked":["Dark Embrace","Feel No Pain"],"picked":"Battle Trance","floor":8},{"not_picked":["Perfected Strike","Sever Soul"],"picked":"Headbutt","floor":11},{"not_picked":["Sword Boomerang","Clash"],"picked":"Spot Weakness","floor":12},{"not_picked":["Uppercut","Iron Wave"],"picked":"Twin Strike","floor":13},{"not_picked":["True Grit","Seeing Red"],"picked":"Offering","floor":14},{"not_picked":["Demon Form","Berserk"],"picked":"Juggernaut","floor":16},{"not_picked":["Burning Pact","Clothesline"],"picked":"Havoc+1","floor":18},{"not_picked":["Clash+1","Clothesline","Anger"],"picked":"SKIP","floor":19},{"not_picked":["Ghostly Armor","Body Slam+1"],"picked":"Metallicize","floor":21},{"not_picked":["Rupture","Sword Boomerang"],"picked":"Body Slam+1","floor":22},{"not_picked":["Wild Strike","Double Tap"],"picked":"Flex+1","floor":23},{"not_picked":["Corruption","Body Slam+1"],"picked":"Armaments","floor":24}],"player_experience":88159,"relics_obtained":[{"floor":6,"key":"Happy Flower"},{"floor":9,"key":"Vajra"},{"floor":11,"key":"Bottled Flame"},{"floor":14,"key":"Smiling Mask"},{"floor":23,"key":"Art of War"}],"event_choices":[{"event_name":"Scrap Ooze","player_choice":"success","floor":3,"damage_taken":18},{"event_name":"The Cleric","player_choice":"Card Removal","floor":4,"damage_taken":0},{"event_name":"Purifier","player_choice":"One Purge","floor":10,"damage_taken":0},{"event_name":"Back to Basics","player_choice":"Simplicity","floor":20,"damage_taken":0}],"boss_relics":[{"not_picked":["Runic Pyramid","Philosopher\u0027s Stone"],"picked":"White Beast Statue"}],"items_purged_floors":[],"is_endless":false,"potions_floor_spawned":[1,7,8,12,13,14,18,19,21,22,23,24],"killed_by":"Book of Stabbing","ascension_level":2}