{"gold_per_floor":[99,99,99,99,29,29,29,29,29,29,29,29,29,9,9,9,9,9,9,9,9,9,9,9,9,9,9,9,9,9,9,9,9,9,9,9,9,9,9,9,9,9,9,9,9,9,9,9,9,9,9,9,9,9,9,9],"floor_reached":57,"playtime":3928,"items_purged":[],"score":3067,"play_id":"617aeaa8-d940-4cea-a25f-4c1be7c44fdf","local_time":"20190404083231","is_ascension_mode":true,"campfire_choices":[{"floor":7.0,"key":"REST"},{"floor":10.0,"key":"REST"},{"data":"Envenom","floor":15.0,"key":"SMITH"},{"data":"1","floor":24.0,"key":"LIFT"},{"data":"2","floor":32.0,"key":"LIFT"},{"data":"3","floor":40.0,"key":"LIFT"},{"data":"Wraith Form v2","floor":42.0,"key":"SMITH"},{"floor":47.0,"key":"RECALL"},{"data":"Caltrops","floor":49.0,"key":"SMITH"},{"floor":53.0,"key":"REST"}],"neow_cost":"NONE","seed_source_timestamp":0,"circlet_count":0,"master_deck":["AscendersBane","Defend_G","Defend_G","Defend_G","Defend_G","Defend_G","Strike_G","Survivor","Neutralize","Cloak And Dagger","Choke","Choke","Wraith Form v2+1","Escape Plan","Envenom+1","Calculated Gamble","Deadly Poison","Storm of Steel","Riddle With Holes","Cloak And Dagger","Dodge and Roll","Backflip","Caltrops+1","Footwork","Tools of the Trade","Footwork+1","Riddle With Holes+1","Heel Hook+1","Cloak And Dagger+1","Well Laid Plans+1","Sucker Punch+1","Corpse Explosion","Backflip+1","Skewer+1","Envenom"],"special_seed":0,"relics":["Ectoplasm","Bag of Marbles","PreservedInsect","Art of War","Meat on the Bone","Paper Crane","Snecko Eye","Girya","Blue Candle","Ninja Scroll","Du-Vu Doll","Letter Opener","Red Mask","Ancient Tea Set","Snake Skull","Astrolabe","Anchor","Lantern","Pen Nib","Tingsha","Bag of Preparation"],"potions_floor_usage":[56,56],"damage_taken":[{"damage":2.0,"enemies":"Jaw Worm","floor":1.0,"turns":6.0},{"damage":0.0,"enemies":"Small Slimes","floor":3.0,"turns":5.0},{"damage":5.0,"enemies":"2 Louse","floor":4.0,"turns":3.0},{"damage":48.0,"enemies":"Gremlin Nob","floor":6.0,"turns":5.0},{"damage":0.0,"enemies":"Large Slime","floor":8.0,"turns":4.0},{"damage":1.0,"enemies":"Lagavulin","floor":11.0,"turns":5.0},{"damage":36.0,"enemies":"3 Sentries","floor":13.0,"turns":6.0},{"damage":0.0,"enemies":"Looter","floor":14.0,"turns":2.0},{"damage":39.0,"enemies":"Slime Boss","floor":16.0,"turns":13.0},{"damage":13.0,"enemies":"Shell Parasite","floor":18.0,"turns":4.0},{"damage":29.0,"enemies":"Colosseum Slavers","floor":19.0,"turns":3.0},{"damage":1.0,"enemies":"Colosseum Nobs","floor":19.0,"turns":3.0},{"damage":4.0,"enemies":"3 Byrds","floor":21.0,"turns":4.0},{"damage":0.0,"enemies":"3 Cultists","floor":22.0,"turns":4.0},{"damage":11.0,"enemies":"Gremlin Leader","floor":23.0,"turns":4.0},{"damage":8.0,"enemies":"Book of Stabbing","floor":25.0,"turns":2.0},{"damage":7.0,"enemies":"Masked Bandits","floor":27.0,"turns":3.0},{"damage":11.0,"enemies":"Slavers","floor":29.0,"turns":5.0},{"damage":0.0,"enemies":"Chosen and Byrds","floor":30.0,"turns":3.0},{"damage":0.0,"enemies":"Snecko","floor":31.0,"turns":2.0},{"damage":22.0,"enemies":"Champ","floor":33.0,"turns":9.0},{"damage":0.0,"enemies":"3 Darklings","floor":35.0,"turns":2.0},{"damage":0.0,"enemies":"Orb Walker","floor":36.0,"turns":1.0},{"damage":7.0,"enemies":"Jaw Worm Horde","floor":39.0,"turns":2.0},{"damage":0.0,"enemies":"Giant Head","floor":41.0,"turns":4.0},{"damage":0.0,"enemies":"Nemesis","floor":44.0,"turns":1.0},{"damage":0.0,"enemies":"Reptomancer","floor":46.0,"turns":1.0},{"damage":0.0,"enemies":"Giant Head","floor":48.0,"turns":5.0},{"damage":42.0,"enemies":"Awakened One","floor":50.0,"turns":15.0},{"damage":17.0,"enemies":"Time Eater","floor":51.0,"turns":7.0},{"damage":0.0,"enemies":"Shield and Spear","floor":55.0,"turns":2.0},{"damage":62,"enemies":"The Heart","floor":56,"turns":8}],"seed_played":"6823413759169853966","potions_obtained":[{"floor":4.0,"key":"Regen Potion"},{"floor":11.0,"key":"AttackPotion"},{"floor":13.0,"key":"SmokeBomb"},{"floor":14.0,"key":"Strength Potion"},{"floor":21.0,"key":"LiquidBronze"},{"floor":23.0,"key":"Weak Potion"},{"floor":48.0,"key":"GhostInAJar"},{"floor":55.0,"key":"AttackPotion"}],"is_trial":false,"path_per_floor":["M","?","M","M","?","E","R","M","T","R","E","T","E","M","R","B",null,"M","?","?","M","M","E","R","E","T","?","T","E","M","M","R","B",null,"M","M","?","$","M","R","E","R","T","E","?","E","R","E","R","B","B",null,"R","$","E","B",null],"character_chosen":"THE_SILENT","items_purchased":[],"campfire_rested":3,"item_purchase_floors":[],"current_hp_per_floor":[57,57,57,52,52,18,37,37,37,56,55,55,31,43,43,16,54,41,35,35,43,43,44,44,36,36,41,41,42,42,42,42,32,58,58,58,58,58,51,51,51,51,51,51,51,51,51,51,51,21,16,54,66,66,66,16],"gold":9,"neow_bonus":"BOSS_RELIC","is_prod":false,"is_daily":false,"chose_seed":false,"campfire_upgraded":3,"win_rate":0,"timestamp":1554384751,"path_taken":["M","?","M","M","?","E","R","M","T","R","E","?","E","M","R","BOSS","M","?","?","M","M","E","R","E","T","?","?","E","M","M","R","BOSS","M","M","?","$","M","R","E","R","T","E","?","E","R","E","R","BOSS","BOSS","R","$","E","BOSS"],"build_version":"2019-01-23","purchased_purges":0,"victory":true,"max_hp_per_floor":[66,66,66,66,66,66,66,66,66,66,66,66,66,66,66,66,66,66,66,66,66,66,66,66,66,66,66,66,66,66,66,66,66,66,66,66,66,66,66,66,66,66,66,66,66,66,66,66,66,66,66,66,66,66,66,66],"card_choices":[{"not_picked":["Prepared","Slice"],"picked":"Cloak And Dagger","floor":1.0},{"not_picked":["Quick Slash","Underhanded Strike"],"picked":"Choke","floor":3.0},{"not_picked":["Dagger Throw","Caltrops"],"picked":"Choke","floor":4.0},{"not_picked":["Deadly Poison","Prepared"],"picked":"Wraith Form v2","floor":6.0},{"not_picked":["Catalyst","Finisher"],"picked":"Escape Plan","floor":8.0},{"not_picked":["Underhanded Strike","Dash"],"picked":"Envenom","floor":11.0},{"not_picked":["Blade Dance","Finisher"],"picked":"Calculated Gamble","floor":13.0},{"not_picked":["Prepared","Flechettes"],"picked":"Deadly Poison","floor":14.0},{"not_picked":["Tools of the Trade","Burst"],"picked":"Storm of Steel","floor":16.0},{"not_picked":["Accuracy","Escape Plan"],"picked":"Riddle With Holes","floor":18.0},{"not_picked":["Outmaneuver","Quick Slash"],"picked":"Cloak And Dagger","floor":21.0},{"not_picked":["Acrobatics","Expertise","Deadly Poison"],"picked":"SKIP","floor":22.0},{"not_picked":["Slice","Endless Agony"],"picked":"Dodge and Roll","floor":23.0},{"not_picked":["Setup","Tactician","Flechettes"],"picked":"SKIP","floor":25.0},{"not_picked":["Acrobatics","Prepared+1"],"picked":"Backflip","floor":27.0},{"not_picked":["Deadly Poison","Setup"],"picked":"Caltrops","floor":29.0},{"not_picked":["Underhanded Strike+1","Escape Plan+1"],"picked":"Footwork","floor":30.0},{"not_picked":["Poisoned Stab","Underhanded Strike","Caltrops"],"picked":"SKIP","floor":31.0},{"not_picked":["Envenom","Venomology"],"picked":"Tools of the Trade","floor":33.0},{"not_picked":["Outmaneuver","Underhanded Strike"],"picked":"Cloak And Dagger+1","floor":35.0},{"not_picked":["Poisoned Stab","Cloak And Dagger"],"picked":"Well Laid Plans+1","floor":36.0},{"not_picked":["Dagger Throw","Slice","Outmaneuver"],"picked":"SKIP","floor":39.0},{"not_picked":["Grand Finale","Flechettes","Dagger Spray+1"],"picked":"SKIP","floor":41.0},{"not_picked":["Bane","Setup+1"],"picked":"Sucker Punch+1","floor":44.0},{"not_picked":["Endless Agony","Deflect"],"picked":"Backflip+1","floor":46.0},{"not_picked":["Sucker Punch","Noxious Fumes"],"picked":"Skewer+1","floor":48.0},{"not_picked":["Dagger Spray+1","Slice"],"picked":"Envenom","floor":55.0}],"player_experience":990067,"relics_obtained":[{"floor":6.0,"key":"Bag of Marbles"},{"floor":9.0,"key":"PreservedInsect"},{"floor":11.0,"key":"Art of War"},{"floor":12.0,"key":"Meat on the Bone"},{"floor":13.0,"key":"Paper Crane"},{"floor":19.0,"key":"Girya"},{"floor":19.0,"key":"Blue Candle"},{"floor":23.0,"key":"Ninja Scroll"},{"floor":25.0,"key":"Du-Vu Doll"},{"floor":26.0,"key":"Letter Opener"},{"floor":27.0,"key":"Red Mask"},{"floor":28.0,"key":"Ancient Tea Set"},{"floor":29.0,"key":"Snake Skull"},{"floor":41.0,"key":"Anchor"},{"floor":44.0,"key":"Lantern"},{"floor":46.0,"key":"Pen Nib"},{"floor":48.0,"key":"Tingsha"},{"floor":55.0,"key":"Bag of Preparation"}],"event_choices":[{"damage_healed":0.0,"max_hp_gain":0.0,"max_hp_loss":0.0,"gold_gain":0.0,"event_name":"Liars Game","player_choice":"Ignored","floor":2.0,"gold_loss":0.0,"damage_taken":0.0},{"damage_healed":0.0,"max_hp_gain":0.0,"max_hp_loss":0.0,"gold_gain":0.0,"event_name":"World of Goop","player_choice":"Left Gold","floor":5.0,"gold_loss":70.0,"damage_taken":0.0},{"damage_healed":0.0,"max_hp_gain":0.0,"max_hp_loss":0.0,"gold_gain":0.0,"event_name":"Colosseum","player_choice":"Fight","floor":19.0,"gold_loss":0.0,"damage_taken":0.0},{"damage_healed":0.0,"max_hp_gain":0.0,"max_hp_loss":0.0,"gold_gain":0.0,"event_name":"Colosseum","player_choice":"Fought Nobs","floor":19.0,"gold_loss":0.0,"damage_taken":0.0},{"damage_healed":0.0,"max_hp_gain":0.0,"max_hp_loss":0.0,"gold_gain":50.0,"event_name":"Nest","player_choice":"Stole From Cult","floor":20.0,"gold_loss":0.0,"damage_taken":0.0},{"damage_healed":0.0,"max_hp_gain":0.0,"max_hp_loss":0.0,"gold_gain":0.0,"event_name":"Masked Bandits","player_choice":"Fought Bandits","floor":27.0,"gold_loss":0.0,"damage_taken":0.0},{"damage_healed":0.0,"max_hp_gain":0.0,"max_hp_loss":0.0,"gold_gain":222.0,"event_name":"Tomb of Lord Red Mask","player_choice":"Wore Mask","floor":37.0,"gold_loss":0.0,"damage_taken":0.0},{"damage_healed":0.0,"max_hp_gain":0.0,"max_hp_loss":0.0,"gold_gain":0.0,"cards_transformed":["Strike_G"],"event_name":"Transmorgrifier","player_choice":"Transformed","floor":45.0,"gold_loss":0.0,"damage_taken":0.0,"cards_obtained":["Corpse Explosion"]}],"is_beta":false,"boss_relics":[{"not_picked":["Cursed Key","Empty Cage"],"picked":"Snecko Eye"},{"not_picked":["Runic Dome","WristBlade"],"picked":"Astrolabe"}],"items_purged_floors":[],"is_endless":false,"potions_floor_spawned":[4,11,13,14,16,21,23,25,27,31,33,35,48,55],"ascension_level":20}