{"gold_per_floor":[115,115,290,12,12,44,63,10,10,42,54,66,96,121,133,245,257,289,317,244,268,44,44,44,44,44,70,84,84,100,110,110,205,205,221,221,1220,1238,709,734,734,752,752,762,762,780,794,5,5,5],"floor_reached":51,"playtime":2321,"items_purged":["Doubt","Normality","Normality"],"score":807,"play_id":"3a0e938f-4365-4d3e-90a7-8eb2428b8b00","local_time":"20180901000350","is_ascension_mode":false,"campfire_choices":[{"floor":12,"key":"REST"},{"data":"Perfected Strike","floor":15,"key":"SMITH"},{"data":"Chrysalis","floor":23,"key":"SMITH"},{"floor":29,"key":"REST"},{"floor":32,"key":"REST"},{"floor":41,"key":"REST"},{"floor":45,"key":"REST"},{"floor":49,"key":"REST"}],"neow_cost":"NONE","seed_source_timestamp":1096725232947277,"circlet_count":0,"master_deck":["Strike_R","Strike_R","Strike_R","Strike_R","Strike_R","Defend_R","Defend_R","Defend_R","Defend_R","Bash","Perfected Strike+1","Wild Strike","Feel No Pain","True Grit","Clothesline","Infernal Blade","Pommel Strike","Headbutt","Flex","Thunderclap","Infernal Blade","Immolate","Sentinel+1","Body Slam","Armaments","Chrysalis+1","Body Slam","Chrysalis+1","Shockwave+1","Pommel Strike+1","Headbutt+1","Clothesline+1","Immolate+1","Whirlwind+1","Cleave+1","Carnage+1","Uppercut+1","Feel No Pain+1","Clothesline+1","Fire Breathing","Battle Trance+1","Apotheosis","Dropkick+1","Shockwave","Sword Boomerang+1","Immolate+1"],"relics":["Philosopher\u0027s Stone","Pantograph","Mercury Hourglass","MawBank","Snecko Eye","Bag of Preparation","Incense Burner","Molten Egg 2","Lizard Tail","Medical Kit","Strawberry","Self Forming Clay","Bottled Tornado","DollysMirror"],"potions_floor_usage":[16,18,19,27,27,31,33,42,47,50,50,50],"damage_taken":[{"damage":0,"enemies":"2 Louse","floor":1,"turns":2},{"damage":20,"enemies":"Lagavulin","floor":6,"turns":5},{"damage":3,"enemies":"Cultist","floor":7,"turns":3},{"damage":16,"enemies":"Gremlin Nob","floor":10,"turns":3},{"damage":8,"enemies":"Jaw Worm","floor":13,"turns":2},{"damage":0,"enemies":"3 Louse","floor":14,"turns":2},{"damage":0,"enemies":"Slime Boss","floor":16,"turns":4},{"damage":3,"enemies":"Shell Parasite","floor":18,"turns":2},{"damage":25,"enemies":"3 Byrds","floor":19,"turns":3},{"damage":0,"enemies":"Sentry and Sphere","floor":21,"turns":1},{"damage":41,"enemies":"Slavers","floor":27,"turns":4},{"damage":10,"enemies":"Centurion and Healer","floor":28,"turns":5},{"damage":16,"enemies":"Snake Plant","floor":30,"turns":4},{"damage":4,"enemies":"Chosen and Byrds","floor":31,"turns":4},{"damage":79,"enemies":"Automaton","floor":33,"turns":11},{"damage":21,"enemies":"3 Shapes","floor":35,"turns":2},{"damage":10,"enemies":"3 Darklings","floor":38,"turns":3},{"damage":46,"enemies":"2 Orb Walkers","floor":40,"turns":4},{"damage":52,"enemies":"Spire Growth","floor":42,"turns":5},{"damage":7,"enemies":"Sphere and 2 Shapes","floor":44,"turns":2},{"damage":6,"enemies":"4 Shapes","floor":46,"turns":2},{"damage":4,"enemies":"Transient","floor":47,"turns":5},{"damage":81,"enemies":"Awakened One","floor":50,"turns":9}],"seed_played":"-4592409386088824128","potions_obtained":[{"floor":1,"key":"PowerPotion"},{"floor":2,"key":"AttackPotion"},{"floor":2,"key":"Strength Potion"},{"floor":10,"key":"Ancient Potion"},{"floor":16,"key":"Poison Potion"},{"floor":18,"key":"Weak Potion"},{"floor":19,"key":"SteroidPotion"},{"floor":21,"key":"PowerPotion"},{"floor":30,"key":"PowerPotion"},{"floor":35,"key":"SpeedPotion"},{"floor":42,"key":"Energy Potion"},{"floor":47,"key":"Strength Potion"}],"is_trial":false,"path_per_floor":["M","?","?","$","?","E","M","$","T","E","?","R","M","M","R","B",null,"M","M","?","M","$","R","?","?","T","E","M","R","M","M","R","B",null,"M","?","?","M","$","E","R","M","T","M","R","M","M","$","R","B"],"character_chosen":"IRONCLAD","items_purchased":["Wild Strike","Feel No Pain","Havoc","True Grit","Headbutt","Chrysalis","Body Slam","Medical Kit","Carnage+1","Strawberry","Apotheosis","Dropkick+1","Shockwave","EssenceOfSteel","SkillPotion","Sword Boomerang+1","DollysMirror"],"campfire_rested":6,"item_purchase_floors":[4,4,4,4,8,22,22,39,39,39,48,48,48,48,48,48,48],"current_hp_per_floor":[80,80,80,80,80,60,57,57,57,41,46,70,62,62,62,80,80,77,52,52,52,52,52,52,78,78,37,27,51,35,31,55,1,80,59,59,59,49,56,10,36,31,31,24,50,44,40,40,66,6],"gold":5,"neow_bonus":"BOSS_RELIC","is_prod":false,"is_daily":false,"chose_seed":false,"campfire_upgraded":2,"win_rate":0,"timestamp":1535753030,"path_taken":["M","?","?","$","?","E","M","$","T","E","?","R","M","M","R","BOSS","M","M","?","M","$","R","?","?","T","E","M","R","M","M","R","BOSS","M","?","?","M","$","E","R","M","T","M","R","M","?","$","R","BOSS"],"build_version":"2018-08-30","purchased_purges":3,"victory":true,"max_hp_per_floor":[80,80,80,80,80,80,80,80,80,80,80,80,80,80,80,80,80,80,80,80,80,80,80,80,80,80,80,80,80,80,80,80,80,80,80,80,80,80,87,87,87,87,87,87,87,87,87,87,87,87],"card_choices":[{"not_picked":["Searing Blow","Pommel Strike"],"picked":"Perfected Strike","floor":1},{"not_picked":["Heavy Blade","Combust"],"picked":"Infernal Blade","floor":6},{"not_picked":["Cleave","Twin Strike"],"picked":"Pommel Strike","floor":7},{"not_picked":["Shrug It Off","Iron Wave"],"picked":"Flex","floor":10},{"not_picked":["Hemokinesis","Burning Pact"],"picked":"Thunderclap","floor":13},{"not_picked":["Burning Pact","Wild Strike"],"picked":"Infernal Blade","floor":14},{"not_picked":["Berserk","Fiend Fire"],"picked":"Immolate","floor":16},{"not_picked":["Anger","True Grit"],"picked":"Sentinel+1","floor":18},{"not_picked":["Rupture+1","Havoc"],"picked":"Body Slam","floor":19},{"not_picked":["Metallicize","Perfected Strike"],"picked":"Armaments","floor":21},{"not_picked":["Hemokinesis","Seeing Red"],"picked":"Shockwave+1","floor":27},{"not_picked":["Brutality","Rupture"],"picked":"Pommel Strike+1","floor":28},{"not_picked":["Shockwave","Twin Strike+1"],"picked":"Headbutt+1","floor":30},{"not_picked":["Headbutt+1","True Grit"],"picked":"Clothesline+1","floor":31},{"not_picked":["Berserk","Limit Break"],"picked":"Immolate+1","floor":33},{"not_picked":["Flame Barrier+1","Headbutt+1"],"picked":"Whirlwind+1","floor":35},{"not_picked":["Clothesline+1","True Grit"],"picked":"Cleave+1","floor":38},{"not_picked":["Anger+1","Rupture+1"],"picked":"Uppercut+1","floor":40},{"not_picked":["Headbutt+1","Corruption+1"],"picked":"Feel No Pain+1","floor":42},{"not_picked":["Shrug It Off","Thunderclap+1"],"picked":"Clothesline+1","floor":44},{"not_picked":["Flex+1","Havoc"],"picked":"Fire Breathing","floor":46},{"not_picked":["Shockwave","Sword Boomerang+1"],"picked":"Battle Trance+1","floor":47}],"player_experience":212370,"relics_obtained":[{"floor":6,"key":"Pantograph"},{"floor":9,"key":"Mercury Hourglass"},{"floor":10,"key":"MawBank"},{"floor":26,"key":"Incense Burner"},{"floor":27,"key":"Molten Egg 2"},{"floor":40,"key":"Self Forming Clay"},{"floor":43,"key":"Bottled Tornado"}],"event_choices":[{"event_name":"The Lab","player_choice":"Got Potions","floor":2,"damage_taken":0},{"event_name":"Liars Game","player_choice":"agreed","floor":3,"damage_taken":0},{"event_name":"Match and Keep!","player_choice":"1 cards matched","floor":5,"damage_taken":0},{"event_name":"Bonfire Elementals","player_choice":"COMMON","floor":11,"damage_taken":0},{"event_name":"Addict","player_choice":"Obtained Relic","floor":20,"damage_taken":0},{"event_name":"Duplicator","player_choice":"One dupe","floor":24,"damage_taken":0},{"event_name":"The Library","player_choice":"Heal","floor":25,"damage_taken":0},{"event_name":"Tomb of Lord Red Mask","player_choice":"Ignored","floor":36,"damage_taken":0},{"event_name":"MindBloom","player_choice":"Gold","floor":37,"damage_taken":0}],"is_beta":false,"boss_relics":[{"not_picked":["Pandora\u0027s Box","Empty Cage"],"picked":"Snecko Eye"},{"not_picked":["White Beast Statue","Eternal Feather"],"picked":"Lizard Tail"}],"items_purged_floors":[4,39,48],"is_endless":false,"potions_floor_spawned":[1,6,10,16,18,19,21,30,35,42,47],"ascension_level":0}