{"gold_per_floor":[109,125,148,108,118,118,134,152,152,170,187,187,187,187,187,289,289],"floor_reached":17,"playtime":486,"items_purged":[],"score":149,"play_id":"04e4a3e4-7df9-4d5a-8550-269ff36d27e5","local_time":"20190219120446","is_ascension_mode":false,"campfire_choices":[{"data":"Armaments","floor":6.0,"key":"SMITH"},{"data":"Havoc","floor":12.0,"key":"SMITH"},{"floor":15.0,"key":"REST"}],"neow_cost":"NONE","seed_source_timestamp":52000877268273,"circlet_count":0,"master_deck":["Strike_R","Strike_R","Strike_R","Strike_R","Strike_R","Defend_R","Defend_R","Defend_R","Defend_R","Bash","Clash","Havoc+1","Pommel Strike","Infernal Blade","Armaments+1","Cleave","Pommel Strike","Battle Trance","Thunderclap","Body Slam","Clash","Infernal Blade","Shrug It Off","Immolate"],"special_seed":0,"relics":["Orrery","Dream Catcher","Bottled Lightning","FaceOfCleric","Fusion Hammer"],"potions_floor_usage":[16,16,16],"damage_taken":[{"damage":6.0,"enemies":"Cultist","floor":1.0,"turns":3.0},{"damage":0.0,"enemies":"2 Louse","floor":2.0,"turns":2.0},{"damage":0.0,"enemies":"Small Slimes","floor":5.0,"turns":2.0},{"damage":16.0,"enemies":"Red Slaver","floor":7.0,"turns":4.0},{"damage":2.0,"enemies":"Blue Slaver","floor":8.0,"turns":2.0},{"damage":16.0,"enemies":"Gremlin Gang","floor":10.0,"turns":3.0},{"damage":0.0,"enemies":"2 Fungi Beasts","floor":11.0,"turns":2.0},{"damage":61,"enemies":"Hexaghost","floor":16,"turns":11}],"seed_played":"7323868640212011571","potions_obtained":[{"floor":4.0,"key":"BloodPotion"},{"floor":4.0,"key":"AttackPotion"},{"floor":4.0,"key":"Weak Potion"},{"floor":5.0,"key":"PowerPotion"},{"floor":16,"key":"FearPotion"}],"is_trial":false,"path_per_floor":["M","M","T","?","M","R","M","M","T","M","M","R","?","$","R","B",null],"character_chosen":"IRONCLAD","items_purchased":[],"campfire_rested":1,"item_purchase_floors":[],"current_hp_per_floor":[74,74,74,74,74,74,58,56,56,40,40,40,40,40,64,4,81],"gold":289,"neow_bonus":"BOSS_RELIC","is_prod":false,"is_daily":false,"chose_seed":false,"campfire_upgraded":2,"win_rate":0,"timestamp":1550595886,"path_taken":["M","M","?","?","M","R","M","?","T","M","M","R","?","$","R","BOSS"],"build_version":"2019-01-23","purchased_purges":0,"victory":false,"max_hp_per_floor":[80,80,80,80,80,80,80,80,80,80,80,80,80,80,80,81,81],"card_choices":[{"not_picked":["Havoc","Sword Boomerang"],"picked":"Clash","floor":0.0},{"not_picked":["Flex","Sword Boomerang"],"picked":"Havoc","floor":0.0},{"not_picked":["Infernal Blade","Wild Strike"],"picked":"Pommel Strike","floor":0.0},{"not_picked":["Inflame","Wild Strike"],"picked":"Infernal Blade","floor":0.0},{"not_picked":["Whirlwind","Anger"],"picked":"Armaments","floor":0.0},{"not_picked":["Whirlwind","Iron Wave"],"picked":"Cleave","floor":1.0},{"not_picked":["Burning Pact","Flex"],"picked":"Pommel Strike","floor":2.0},{"not_picked":["Berserk","Armaments"],"picked":"Battle Trance","floor":5.0},{"not_picked":["Infernal Blade","Warcry"],"picked":"Thunderclap","floor":7.0},{"not_picked":["Corruption","Sever Soul"],"picked":"Body Slam","floor":8.0},{"not_picked":["Warcry","Pommel Strike"],"picked":"Clash","floor":10.0},{"not_picked":["Brutality","Searing Blow"],"picked":"Infernal Blade","floor":11.0},{"not_picked":["Cleave","Flex"],"picked":"Shrug It Off","floor":15.0},{"not_picked":["Berserk","Double Tap"],"picked":"Immolate","floor":16}],"player_experience":665100,"relics_obtained":[{"floor":3.0,"key":"Dream Catcher"},{"floor":9.0,"key":"Bottled Lightning"}],"event_choices":[{"damage_healed":0.0,"max_hp_gain":0.0,"max_hp_loss":0.0,"gold_gain":0.0,"event_name":"The Woman in Blue","player_choice":"Bought 3 Potions","floor":4.0,"gold_loss":0.0,"damage_taken":0.0},{"damage_healed":0.0,"max_hp_gain":0.0,"max_hp_loss":0.0,"gold_gain":0.0,"event_name":"FaceTrader","player_choice":"Trade","floor":13.0,"gold_loss":0.0,"damage_taken":0.0,"relics_obtained":["FaceOfCleric"]}],"is_beta":false,"boss_relics":[{"not_picked":["Lizard Tail","Calling Bell"],"picked":"Fusion Hammer"}],"items_purged_floors":[],"is_endless":false,"potions_floor_spawned":[5,8,11,16],"ascension_level":0}