{"gold_per_floor":[361,361,1,20,37,70,70,99,123,123,155,166,46,62,62,79,79,99,47,47,59,70,125,138,166,166,166,184,184,214,230,230,325,325,337,337,356,356,356,386,386,50,119,147,147,177,193,203,203,203],"floor_reached":51,"playtime":2570,"items_purged":[],"score":1288,"play_id":"0ef4f358-cdb7-4bfe-b829-0425b1d37881","local_time":"20181019193341","is_ascension_mode":true,"campfire_choices":[{"floor":7.0,"key":"REST"},{"data":"Sword Boomerang","floor":10.0,"key":"SMITH"},{"floor":15.0,"key":"REST"},{"floor":32.0,"key":"REST"},{"floor":41.0,"key":"REST"},{"floor":49,"key":"REST"}],"neow_cost":"CURSE","seed_source_timestamp":326093231331005,"circlet_count":0,"master_deck":["Strike_R","Strike_R","Strike_R","Strike_R","Strike_R","Defend_R","Defend_R","Defend_R","Defend_R","Bash+1","AscendersBane","Shockwave","Sword Boomerang+1","Battle Trance","Spot Weakness+1","Metallicize","Infernal Blade","Whirlwind","Shrug It Off","Limit Break","Heavy Blade+1","Shrug It Off","Pummel","Fiend Fire","J.A.X.","Headbutt+1","Sword Boomerang+1","Flex+1","Shrug It Off+1","Flash of Steel+1","Deep Breath","Madness","Madness","Twin Strike+1","Seeing Red","Rupture","Disarm+1","Sword Boomerang+1","Impervious","Armaments+1","Shrug It Off"],"special_seed":0,"relics":["Black Blood","Vajra","Toy Ornithopter","Potion Belt","Dream Catcher","PreservedInsect","Ginger","Mercury Hourglass","Fusion Hammer","Tiny Chest","Bottled Tornado","Nloth\u0027s Gift","Red Skull","Anchor","War Paint","Whetstone","Meat on the Bone","Girya","Gambling Chip","Orichalcum"],"potions_floor_usage":[50,50,50,50,50],"damage_taken":[{"damage":12.0,"enemies":"Cultist","floor":1.0,"turns":4.0},{"damage":11.0,"enemies":"2 Louse","floor":4.0,"turns":4.0},{"damage":7.0,"enemies":"Small Slimes","floor":5.0,"turns":3.0},{"damage":40.0,"enemies":"3 Sentries","floor":6.0,"turns":7.0},{"damage":25.0,"enemies":"Lagavulin","floor":8.0,"turns":7.0},{"damage":26.0,"enemies":"3 Sentries","floor":11.0,"turns":5.0},{"damage":13.0,"enemies":"Gremlin Gang","floor":12.0,"turns":4.0},{"damage":7.0,"enemies":"Red Slaver","floor":14.0,"turns":2.0},{"damage":9.0,"enemies":"Hexaghost","floor":16.0,"turns":7.0},{"damage":9.0,"enemies":"Shell Parasite","floor":18.0,"turns":4.0},{"damage":0.0,"enemies":"3 Byrds","floor":21.0,"turns":3.0},{"damage":10.0,"enemies":"Centurion and Healer","floor":22.0,"turns":2.0},{"damage":32.0,"enemies":"Slavers","floor":23.0,"turns":4.0},{"damage":5.0,"enemies":"Snecko","floor":24.0,"turns":4.0},{"damage":6.0,"enemies":"Book of Stabbing","floor":25.0,"turns":3.0},{"damage":3.0,"enemies":"Sentry and Sphere","floor":28.0,"turns":3.0},{"damage":17.0,"enemies":"Gremlin Leader","floor":30.0,"turns":6.0},{"damage":9.0,"enemies":"Shelled Parasite and Fungi","floor":31.0,"turns":3.0},{"damage":24.0,"enemies":"Champ","floor":33.0,"turns":5.0},{"damage":27.0,"enemies":"3 Shapes","floor":35.0,"turns":4.0},{"damage":0.0,"enemies":"3 Darklings","floor":37.0,"turns":1.0},{"damage":41.0,"enemies":"Reptomancer","floor":40.0,"turns":5.0},{"damage":34,"enemies":"Nemesis","floor":44,"turns":3},{"damage":0,"enemies":"Mind Bloom Boss Battle","floor":45,"turns":3},{"damage":29,"enemies":"Giant Head","floor":46,"turns":5},{"damage":12,"enemies":"Spire Growth","floor":47,"turns":5},{"damage":43,"enemies":"Maw","floor":48,"turns":5},{"damage":52,"enemies":"Awakened One","floor":50,"turns":9}],"seed_played":"9073089106515574990","potions_obtained":[{"floor":4.0,"key":"Swift Potion"},{"floor":5.0,"key":"SpeedPotion"},{"floor":6.0,"key":"Dexterity Potion"},{"floor":12.0,"key":"SkillPotion"},{"floor":18.0,"key":"SkillPotion"},{"floor":23.0,"key":"Block Potion"},{"floor":25.0,"key":"PowerPotion"},{"floor":28.0,"key":"Energy Potion"},{"floor":36.0,"key":"AttackPotion"},{"floor":36.0,"key":"SteroidPotion"},{"floor":36.0,"key":"Explosive Potion"},{"floor":37.0,"key":"Explosive Potion"},{"floor":40.0,"key":"FearPotion"},{"floor":44,"key":"LiquidBronze"},{"floor":48,"key":"Weak Potion"}],"is_trial":false,"path_per_floor":["M","?","$","M","M","E","R","E","T","R","E","M","$","T","R","B",null,"M","$","?","M","M","E","M","E","T","?","M","?","E","M","R","B",null,"M","?","M","?","?","E","R","$","T","E","?","E","M","M","R","B"],"character_chosen":"IRONCLAD","items_purchased":["Vajra","Toy Ornithopter","Whirlwind","Block Potion","Strength Potion","War Paint","Whetstone","Rupture"],"campfire_rested":5,"item_purchase_floors":[3,3,13,13,19,42,42,42],"current_hp_per_floor":[66,66,66,61,60,26,50,41,41,41,26,19,19,18,42,44,71,68,68,68,79,76,54,55,60,70,70,73,73,62,59,86,73,86,69,69,89,79,68,42,69,69,69,57,67,60,58,37,64,59],"gold":203,"neow_bonus":"TWO_FIFTY_GOLD","is_prod":false,"is_daily":false,"chose_seed":false,"campfire_upgraded":1,"win_rate":0,"timestamp":1539992021,"path_taken":["M","?","$","?","M","E","R","E","T","R","E","M","?","?","R","BOSS","M","$","?","M","M","E","M","E","T","?","M","?","E","?","R","BOSS","M","?","M","?","?","E","R","$","T","E","?","E","M","M","R","BOSS"],"build_version":"2018-10-18","purchased_purges":0,"victory":true,"max_hp_per_floor":[80,80,80,80,80,80,80,80,80,80,80,80,80,80,80,80,80,80,80,80,80,80,80,80,80,90,90,90,90,90,90,90,90,90,90,90,90,90,90,90,90,90,90,90,90,90,90,90,90,90],"card_choices":[{"not_picked":["Second Wind","Uppercut"],"picked":"Shockwave","floor":1.0},{"not_picked":["Reckless Charge","Clash"],"picked":"Sword Boomerang","floor":4.0},{"not_picked":["Body Slam","Uppercut"],"picked":"Battle Trance","floor":5.0},{"not_picked":["Perfected Strike","Power Through"],"picked":"Spot Weakness","floor":6.0},{"not_picked":["Inflame","Carnage"],"picked":"Metallicize","floor":8.0},{"not_picked":["Anger","Intimidate","Body Slam"],"picked":"SKIP","floor":11.0},{"not_picked":["Twin Strike","Warcry"],"picked":"Infernal Blade","floor":12.0},{"not_picked":["Pummel","Warcry"],"picked":"Shrug It Off","floor":15.0},{"not_picked":["Berserk","Demon Form"],"picked":"Limit Break","floor":16.0},{"not_picked":["Searing Blow","Sword Boomerang+1"],"picked":"Heavy Blade+1","floor":18.0},{"not_picked":["Carnage+1","Sever Soul","Headbutt+1"],"picked":"SKIP","floor":21.0},{"not_picked":["Flame Barrier","Flex"],"picked":"Pummel","floor":22.0},{"not_picked":["Havoc","Metallicize","Fire Breathing"],"picked":"SKIP","floor":23.0},{"not_picked":["Evolve+1","Iron Wave","Sentinel"],"picked":"SKIP","floor":24.0},{"not_picked":["Thunderclap+1","Headbutt"],"picked":"Fiend Fire","floor":25.0},{"not_picked":["Sever Soul+1","Havoc","Body Slam"],"picked":"SKIP","floor":28.0},{"not_picked":["Warcry","Rage+1"],"picked":"Headbutt+1","floor":30.0},{"not_picked":["Burning Pact+1","Armaments"],"picked":"Sword Boomerang+1","floor":31.0},{"not_picked":["Combust","Body Slam+1"],"picked":"Flex+1","floor":35.0},{"not_picked":["Wild Strike+1","Havoc+1"],"picked":"Shrug It Off","floor":37.0},{"not_picked":["Swift Strike","Dark Shackles"],"picked":"Flash of Steel","floor":38.0},{"not_picked":["Good Instincts","Flash of Steel"],"picked":"Deep Breath","floor":38.0},{"not_picked":["Perfected Strike+1","Barricade"],"picked":"Twin Strike+1","floor":40.0},{"not_picked":["Blood for Blood+1","Pommel Strike"],"picked":"Seeing Red","floor":41.0},{"not_picked":["Sword Boomerang+1","Armaments"],"picked":"Disarm+1","floor":44},{"not_picked":["Pommel Strike","Flex"],"picked":"Sword Boomerang+1","floor":45},{"not_picked":["Sword Boomerang+1","Anger+1"],"picked":"Impervious","floor":46},{"not_picked":["Perfected Strike","Flex","Clash"],"picked":"SKIP","floor":47},{"not_picked":["Barricade","Havoc"],"picked":"Armaments+1","floor":48},{"not_picked":["Blood for Blood","Uppercut"],"picked":"Shrug It Off","floor":49}],"player_experience":367143,"relics_obtained":[{"floor":6.0,"key":"Potion Belt"},{"floor":8.0,"key":"Dream Catcher"},{"floor":9.0,"key":"PreservedInsect"},{"floor":11.0,"key":"Ginger"},{"floor":14.0,"key":"Mercury Hourglass"},{"floor":23.0,"key":"Tiny Chest"},{"floor":25.0,"key":"Bottled Tornado"},{"floor":26.0,"key":"Pear"},{"floor":30.0,"key":"Red Skull"},{"floor":40.0,"key":"Anchor"},{"floor":43,"key":"Meat on the Bone"},{"floor":44,"key":"Girya"},{"floor":45,"key":"Gambling Chip"},{"floor":46,"key":"Orichalcum"}],"event_choices":[{"cards_removed":["Pain"],"damage_healed":0.0,"max_hp_gain":0.0,"max_hp_loss":0.0,"gold_gain":0.0,"event_name":"Living Wall","player_choice":"Forget","floor":2.0,"gold_loss":0.0,"damage_taken":0.0},{"damage_healed":0.0,"max_hp_gain":0.0,"max_hp_loss":0.0,"gold_gain":0.0,"event_name":"The Library","player_choice":"Read","floor":20.0,"gold_loss":0.0,"damage_taken":0.0,"cards_obtained":["Shrug It Off"]},{"damage_healed":0.0,"max_hp_gain":0.0,"max_hp_loss":0.0,"gold_gain":0.0,"event_name":"Drug Dealer","player_choice":"Obtain J.A.X.","floor":27.0,"gold_loss":0.0,"damage_taken":0.0,"cards_obtained":["J.A.X."]},{"damage_healed":0.0,"max_hp_gain":0.0,"max_hp_loss":0.0,"gold_gain":0.0,"event_name":"N\u0027loth","player_choice":"Traded Relic","floor":29.0,"relics_lost":["Pear"],"gold_loss":0.0,"damage_taken":0.0,"relics_obtained":["Nloth\u0027s Gift"]},{"damage_healed":0.0,"max_hp_gain":0.0,"max_hp_loss":0.0,"gold_gain":0.0,"event_name":"The Lab","player_choice":"Got Potions","floor":36.0,"gold_loss":0.0,"damage_taken":0.0},{"damage_healed":0.0,"max_hp_gain":0.0,"max_hp_loss":0.0,"gold_gain":0.0,"event_name":"SensoryStone","player_choice":"Memory 3","floor":38.0,"gold_loss":0.0,"damage_taken":10.0},{"damage_healed":0.0,"max_hp_gain":0.0,"max_hp_loss":0.0,"gold_gain":0.0,"event_name":"Winding Halls","player_choice":"Embrace Madness","floor":39.0,"gold_loss":0.0,"damage_taken":11.0,"cards_obtained":["Madness","Madness"]},{"damage_healed":0,"gold_gain":0,"player_choice":"Fight","damage_taken":0,"max_hp_gain":0,"max_hp_loss":0,"event_name":"MindBloom","floor":45,"gold_loss":0}],"is_beta":false,"boss_relics":[{"not_picked":["Calling Bell","Tiny House"],"picked":"Fusion Hammer"},{"not_picked":["Velvet Choker","Runic Pyramid"],"picked":"Black Blood"}],"items_purged_floors":[],"is_endless":false,"potions_floor_spawned":[4,5,6,12,18,23,25,28,37,40,44,48],"ascension_level":10}