{"gold_per_floor":[145,164,182,197,209,243,243,273,298,54,73,93,128,139,139,241,241,251,31,31,31,44,44,61,61,61,90,90,90,90,105,105,205,205,220,120,139,139,139,139,151,162,162,162,162,179,198,198,198,198],"floor_reached":50,"playtime":1208,"items_purged":["Strike_R","Strike_R"],"score":510,"play_id":"eb64ae91-babd-4be4-9c96-1cdeabf9a6da","local_time":"20190402152407","is_ascension_mode":true,"campfire_choices":[{"floor":7.0,"key":"REST"},{"data":"Carnage","floor":15.0,"key":"SMITH"},{"data":"Bash","floor":23.0,"key":"SMITH"},{"data":"Corruption","floor":29.0,"key":"SMITH"},{"data":"Hemokinesis","floor":32.0,"key":"SMITH"},{"data":"Limit Break","floor":40.0,"key":"SMITH"},{"data":"Immolate","floor":44.0,"key":"SMITH"},{"data":"Spot Weakness","floor":49,"key":"SMITH"}],"neow_cost":"NONE","seed_source_timestamp":0,"circlet_count":0,"master_deck":["Strike_R","Strike_R","Strike_R","Defend_R","Bash+1","Carnage+1","Iron Wave","Thunderclap","Hemokinesis+1","Corruption+1","Spot Weakness","Cleave","Spot Weakness+1","Battle Trance","Immolate+1","Havoc+1","Wild Strike+1","Sword Boomerang","Shrug It Off+1","Limit Break+1","Reaper+1","Warcry+1","Double Tap+1","Sword Boomerang+1","Dramatic Entrance"],"special_seed":0,"relics":["Burning Blood","Tiny Chest","Happy Flower","Mummified Hand","PreservedInsect","Meat on the Bone","Centennial Puzzle","Coffee Dripper","Pen Nib","Nilry\u0027s Codex","MutagenicStrength","Ornamental Fan","Bronze Scales","Astrolabe","Bottled Flame","Pantograph","CultistMask","Singing Bowl"],"potions_floor_usage":[50,50,50],"damage_taken":[{"damage":6.0,"enemies":"Cultist","floor":1.0,"turns":3.0},{"damage":7.0,"enemies":"2 Louse","floor":2.0,"turns":2.0},{"damage":11.0,"enemies":"Jaw Worm","floor":3.0,"turns":3.0},{"damage":13.0,"enemies":"3 Louse","floor":4.0,"turns":3.0},{"damage":14.0,"enemies":"Blue Slaver","floor":5.0,"turns":3.0},{"damage":54.0,"enemies":"3 Sentries","floor":6.0,"turns":7.0},{"damage":17.0,"enemies":"Gremlin Nob","floor":8.0,"turns":3.0},{"damage":6.0,"enemies":"Large Slime","floor":11.0,"turns":3.0},{"damage":14.0,"enemies":"Red Slaver","floor":12.0,"turns":3.0},{"damage":37.0,"enemies":"Lagavulin","floor":13.0,"turns":6.0},{"damage":10.0,"enemies":"Looter","floor":14.0,"turns":3.0},{"damage":39.0,"enemies":"Slime Boss","floor":16.0,"turns":7.0},{"damage":13.0,"enemies":"Chosen","floor":18.0,"turns":3.0},{"damage":20.0,"enemies":"2 Thieves","floor":22.0,"turns":3.0},{"damage":6.0,"enemies":"Shelled Parasite and Fungi","floor":24.0,"turns":2.0},{"damage":11.0,"enemies":"Book of Stabbing","floor":27.0,"turns":2.0},{"damage":6.0,"enemies":"Sentry and Sphere","floor":31.0,"turns":3.0},{"damage":22.0,"enemies":"Automaton","floor":33.0,"turns":6.0},{"damage":10.0,"enemies":"3 Darklings","floor":35.0,"turns":3.0},{"damage":2.0,"enemies":"Orb Walker","floor":37.0,"turns":1.0},{"damage":27.0,"enemies":"Writhing Mass","floor":41.0,"turns":4.0},{"damage":0.0,"enemies":"Transient","floor":42.0,"turns":5.0},{"damage":27.0,"enemies":"Maw","floor":46.0,"turns":4.0},{"damage":7.0,"enemies":"Spire Growth","floor":47.0,"turns":2.0},{"damage":86,"enemies":"Donu and Deca","floor":50,"turns":3}],"seed_played":"8618788559481015267","potions_obtained":[{"floor":1.0,"key":"Ancient Potion"},{"floor":2.0,"key":"Energy Potion"},{"floor":11.0,"key":"Regen Potion"},{"floor":16.0,"key":"Block Potion"},{"floor":18.0,"key":"Swift Potion"},{"floor":33.0,"key":"Energy Potion"},{"floor":41.0,"key":"PowerPotion"},{"floor":47,"key":"Swift Potion"}],"is_trial":false,"path_per_floor":["M","M","M","M","M","E","R","E","T","$","M","M","E","M","R","B",null,"M","$","?","$","M","R","M","?","T","E","?","R","$","M","R","B",null,"M","$","M","?","T","R","M","M","T","R","?","M","M","T","R","B"],"character_chosen":"IRONCLAD","items_purchased":["Meat on the Bone","Pen Nib"],"campfire_rested":1,"item_purchase_floors":[10,19],"current_hp_per_floor":[80,79,74,67,59,11,35,24,24,24,36,40,21,29,29,23,80,73,73,57,57,55,55,55,55,55,50,50,50,50,50,50,46,80,76,76,80,80,80,80,65,80,80,80,80,67,78,78,78,0],"gold":198,"neow_bonus":"RANDOM_COMMON_RELIC","is_prod":false,"is_daily":false,"chose_seed":false,"campfire_upgraded":7,"win_rate":0,"timestamp":1554233047,"path_taken":["M","M","M","M","M","E","R","E","T","?","?","M","E","M","R","BOSS","M","$","?","$","M","R","M","?","T","E","?","R","?","M","R","BOSS","M","$","M","?","?","R","?","M","T","R","?","M","M","?","R","BOSS"],"build_version":"2019-01-23","purchased_purges":2,"victory":false,"max_hp_per_floor":[80,80,80,80,80,80,80,80,80,80,80,80,80,80,80,80,80,80,80,80,80,80,80,80,80,80,80,80,80,80,80,80,80,80,80,80,80,80,80,80,80,80,80,80,80,80,80,80,80,80],"card_choices":[{"not_picked":["Thunderclap","Whirlwind"],"picked":"Carnage","floor":1.0},{"not_picked":["Sword Boomerang","Armaments"],"picked":"Iron Wave","floor":2.0},{"not_picked":["Seeing Red","Metallicize"],"picked":"Thunderclap","floor":3.0},{"not_picked":["True Grit","Heavy Blade"],"picked":"Hemokinesis","floor":4.0},{"not_picked":["Pummel","Rampage"],"picked":"Corruption","floor":5.0},{"not_picked":["Sword Boomerang","Metallicize","Armaments"],"picked":"SKIP","floor":6.0},{"not_picked":["Headbutt","Wild Strike"],"picked":"Spot Weakness","floor":8.0},{"not_picked":["Inflame","Rampage"],"picked":"Cleave","floor":11.0},{"not_picked":["Warcry","True Grit"],"picked":"Spot Weakness","floor":12.0},{"not_picked":["Flame Barrier","Demon Form"],"picked":"Battle Trance","floor":13.0},{"not_picked":["Thunderclap","Iron Wave","Combust"],"picked":"SKIP","floor":14.0},{"not_picked":["Reaper","Brutality"],"picked":"Immolate","floor":16.0},{"not_picked":["Anger","True Grit"],"picked":"Havoc+1","floor":18.0},{"not_picked":["Twin Strike","Iron Wave","Power Through"],"picked":"SKIP","floor":22.0},{"not_picked":["Body Slam","Headbutt"],"picked":"Wild Strike+1","floor":24.0},{"not_picked":["Thunderclap","True Grit"],"picked":"Sword Boomerang","floor":27.0},{"not_picked":["Anger","Intimidate"],"picked":"Shrug It Off+1","floor":31.0},{"not_picked":["Feed","Exhume"],"picked":"Limit Break","floor":33.0},{"not_picked":["Shrug It Off+1","Anger","Havoc+1"],"picked":"SKIP","floor":35.0},{"not_picked":["Rage+1","Metallicize+1"],"picked":"Sword Boomerang+1","floor":37.0},{"not_picked":["Forethought","Magnetism"],"picked":"Dramatic Entrance","floor":38.0},{"not_picked":["Sever Soul+1","Twin Strike","Anger"],"picked":"SKIP","floor":41.0},{"not_picked":["Clash","Havoc","Rupture+1"],"picked":"SKIP","floor":42.0},{"not_picked":["Blood for Blood","Anger+1","Flex+1"],"picked":"SKIP","floor":46.0},{"not_picked":["Havoc+1","Anger","Flex+1"],"picked":"SKIP","floor":47}],"player_experience":674944,"relics_obtained":[{"floor":6.0,"key":"Happy Flower"},{"floor":8.0,"key":"Mummified Hand"},{"floor":9.0,"key":"PreservedInsect"},{"floor":13.0,"key":"Centennial Puzzle"},{"floor":20.0,"key":"Nilry\u0027s Codex"},{"floor":26.0,"key":"Ornamental Fan"},{"floor":27.0,"key":"Bronze Scales"},{"floor":39.0,"key":"Bottled Flame"},{"floor":43.0,"key":"Pantograph"},{"floor":48,"key":"Singing Bowl"}],"event_choices":[{"damage_healed":0.0,"max_hp_gain":0.0,"max_hp_loss":0.0,"gold_gain":0.0,"event_name":"Cursed Tome","player_choice":"Obtained Book","floor":20.0,"gold_loss":0.0,"damage_taken":16.0},{"damage_healed":0.0,"max_hp_gain":0.0,"max_hp_loss":0.0,"gold_gain":0.0,"event_name":"Drug Dealer","player_choice":"Inject Mutagens","floor":25.0,"gold_loss":0.0,"damage_taken":0.0,"relics_obtained":["MutagenicStrength"]},{"damage_healed":0.0,"max_hp_gain":0.0,"max_hp_loss":0.0,"gold_gain":0.0,"event_name":"Ghosts","player_choice":"Ignored","floor":28.0,"gold_loss":0.0,"damage_taken":0.0},{"damage_healed":0.0,"max_hp_gain":0.0,"max_hp_loss":0.0,"gold_gain":0.0,"event_name":"SensoryStone","player_choice":"Memory 1","floor":38.0,"gold_loss":0.0,"damage_taken":0.0},{"damage_healed":0.0,"max_hp_gain":0.0,"max_hp_loss":0.0,"gold_gain":0.0,"event_name":"FaceTrader","player_choice":"Trade","floor":45.0,"gold_loss":0.0,"damage_taken":0.0,"relics_obtained":["CultistMask"]}],"is_beta":false,"boss_relics":[{"not_picked":["Runic Cube","White Beast Statue"],"picked":"Coffee Dripper"},{"not_picked":["Empty Cage","Orrery"],"picked":"Astrolabe"}],"items_purged_floors":[19,36],"is_endless":false,"potions_floor_spawned":[1,2,11,13,16,18,33,37,41,47],"killed_by":"Donu and Deca","ascension_level":1}