{"gold_per_floor":[215,59,59,59,59,59,59,72,127,137,155,165,165,115,115,218,218,237,32,107,121,171,188,206,224,224,255,265,280,280,300,300,300],"floor_reached":33,"playtime":999,"items_purged":[],"score":261,"play_id":"9884ca4e-7233-4679-ab60-1d0f1ef49d7e","local_time":"20190211155620","is_ascension_mode":false,"campfire_choices":[{"data":"Perfected Strike","floor":6.0,"key":"SMITH"},{"data":"True Grit","floor":13.0,"key":"SMITH"},{"data":"True Grit","floor":15.0,"key":"SMITH"},{"floor":30,"key":"REST"},{"floor":32,"key":"REST"}],"neow_cost":"NONE","seed_source_timestamp":171857358199375,"circlet_count":0,"master_deck":["Strike_R+1","Strike_R","Strike_R","Strike_R+1","Defend_R","Defend_R","Defend_R","Defend_R","Bash","Wild Strike","Sever Soul","Inflame","Perfected Strike+1","True Grit+1","Battle Trance","Headbutt","True Grit+1","Dark Embrace","Evolve","Twin Strike","Wild Strike","Power Through+1","Headbutt+1","Carnage","Cleave"],"special_seed":0,"relics":["Burning Blood","WarpedTongs","Bag of Marbles","Sozu","OrangePellets","Frozen Egg 2","Dodecahedron"],"potions_floor_usage":[27,33,33],"damage_taken":[{"damage":1.0,"enemies":"2 Louse","floor":1.0,"turns":3.0},{"damage":8.0,"enemies":"Jaw Worm","floor":8.0,"turns":2.0},{"damage":1.0,"enemies":"Cultist","floor":10.0,"turns":3.0},{"damage":7.0,"enemies":"2 Fungi Beasts","floor":11.0,"turns":2.0},{"damage":3.0,"enemies":"Large Slime","floor":12.0,"turns":3.0},{"damage":54.0,"enemies":"Hexaghost","floor":16.0,"turns":9.0},{"damage":0.0,"enemies":"Spheric Guardian","floor":18.0,"turns":2.0},{"damage":13.0,"enemies":"Shell Parasite","floor":21.0,"turns":3.0},{"damage":0,"enemies":"Snecko","floor":23,"turns":4},{"damage":52,"enemies":"Chosen and Byrds","floor":24,"turns":7},{"damage":8,"enemies":"3 Cultists","floor":25,"turns":5},{"damage":25,"enemies":"Slavers","floor":27,"turns":5},{"damage":4,"enemies":"Centurion and Healer","floor":28,"turns":5},{"damage":7,"enemies":"Snake Plant","floor":29,"turns":4},{"damage":18,"enemies":"Cultist and Chosen","floor":31,"turns":5},{"damage":56,"enemies":"Collector","floor":33,"turns":6}],"seed_played":"-8594050127115918284","potions_obtained":[{"floor":1.0,"key":"Explosive Potion"},{"floor":10.0,"key":"BloodPotion"},{"floor":12.0,"key":"Fire Potion"}],"is_trial":false,"path_per_floor":["M","$","?","?","$","R","?","M","T","M","M","M","R","?","R","B",null,"M","$","?","M","?","M","M","M","T","E","M","M","R","M","R","B"],"character_chosen":"IRONCLAD","items_purchased":["Sever Soul","Inflame","OrangePellets"],"campfire_rested":2,"item_purchase_floors":[2,2,19],"current_hp_per_floor":[80,80,64,64,64,64,64,62,62,67,66,69,69,69,69,21,80,80,80,72,65,65,71,25,23,23,12,14,13,37,25,49,0],"gold":300,"neow_bonus":"HUNDRED_GOLD","is_prod":false,"is_daily":false,"chose_seed":false,"campfire_upgraded":3,"win_rate":0,"timestamp":1549918580,"path_taken":["M","$","?","?","$","R","?","M","T","M","?","M","R","?","R","BOSS","M","$","?","?","?","M","M","?","T","E","M","M","R","M","R","BOSS"],"build_version":"2019-01-23","purchased_purges":0,"victory":false,"max_hp_per_floor":[80,80,80,80,80,80,80,80,80,80,80,80,80,80,80,80,80,80,80,80,80,80,80,80,80,80,80,80,80,80,80,80,80],"card_choices":[{"not_picked":["Iron Wave","Pommel Strike"],"picked":"Wild Strike","floor":1.0},{"not_picked":["Thunderclap","Iron Wave"],"picked":"True Grit","floor":8.0},{"not_picked":["Second Wind","Headbutt"],"picked":"Battle Trance","floor":10.0},{"not_picked":["Sword Boomerang","Clothesline"],"picked":"Headbutt","floor":11.0},{"not_picked":["Armaments","Feel No Pain"],"picked":"True Grit","floor":12.0},{"not_picked":["Feed","Double Tap"],"picked":"Dark Embrace","floor":16.0},{"not_picked":["Rage","Entrench","Clothesline"],"picked":"SKIP","floor":18.0},{"not_picked":["Pommel Strike+1","Clothesline+1"],"picked":"Evolve","floor":21.0},{"not_picked":["Shockwave+1","Entrench"],"picked":"Twin Strike","floor":23},{"not_picked":["Flame Barrier+1","Rampage"],"picked":"Wild Strike","floor":24},{"not_picked":["Clash","Exhume"],"picked":"Power Through+1","floor":25},{"not_picked":["Reckless Charge+1","Iron Wave"],"picked":"Headbutt+1","floor":27},{"not_picked":["Armaments","Clothesline+1","Headbutt"],"picked":"SKIP","floor":28},{"not_picked":["Shrug It Off","Spot Weakness+1"],"picked":"Carnage","floor":29},{"not_picked":["Metallicize+1","Searing Blow"],"picked":"Cleave","floor":31}],"player_experience":656588,"relics_obtained":[{"floor":9.0,"key":"Bag of Marbles"},{"floor":26,"key":"Frozen Egg 2"},{"floor":27,"key":"Dodecahedron"}],"event_choices":[{"damage_healed":0.0,"max_hp_gain":0.0,"max_hp_loss":0.0,"gold_gain":0.0,"event_name":"Shining Light","player_choice":"Entered Light","floor":3.0,"gold_loss":0.0,"damage_taken":16.0,"cards_upgraded":["Strike_R","Strike_R"]},{"damage_healed":0.0,"max_hp_gain":0.0,"max_hp_loss":0.0,"gold_gain":0.0,"cards_transformed":["Strike_R"],"event_name":"Living Wall","player_choice":"Change","floor":4.0,"gold_loss":0.0,"damage_taken":0.0,"cards_obtained":["Perfected Strike"]},{"damage_healed":0.0,"max_hp_gain":0.0,"max_hp_loss":0.0,"gold_gain":0.0,"event_name":"Accursed Blacksmith","player_choice":"Rummage","floor":7.0,"gold_loss":0.0,"damage_taken":0.0,"relics_obtained":["WarpedTongs"],"cards_obtained":["Pain"]},{"cards_removed":["Pain"],"damage_healed":0.0,"max_hp_gain":0.0,"max_hp_loss":0.0,"gold_gain":0.0,"event_name":"The Cleric","player_choice":"Card Removal","floor":14.0,"gold_loss":50.0,"damage_taken":0.0},{"damage_healed":0.0,"max_hp_gain":0.0,"max_hp_loss":0.0,"gold_gain":75.0,"event_name":"FaceTrader","player_choice":"Touch","floor":20.0,"gold_loss":0.0,"damage_taken":8.0},{"damage_healed":0,"gold_gain":100,"player_choice":"Bet on Murderer","damage_taken":0,"max_hp_gain":0,"max_hp_loss":0,"event_name":"The Joust","floor":22,"gold_loss":50}],"is_beta":false,"boss_relics":[{"not_picked":["Velvet Choker","Busted Crown"],"picked":"Sozu"}],"items_purged_floors":[],"is_endless":false,"potions_floor_spawned":[1,10,12,18,24,25,27,29],"killed_by":"Collector","ascension_level":0}