{"gold_per_floor":[112,112,112,177,190,219,219,284,308,308,327,377,390,400,400,497,497,511,561,526,542,552,579,711,781,855,183,245,273,285,297,297,395,395,407,457,7,57,77,77,127,24,48,108,127,0,19,69,69,69],"floor_reached":51,"playtime":2517,"items_purged":[],"score":976,"play_id":"45e5be76-a395-4c25-8e0b-3759e788eadb","local_time":"20180717005410","is_ascension_mode":false,"campfire_choices":[{"floor":7.0,"key":"REST"},{"data":"Accuracy","floor":10.0,"key":"SMITH"},{"floor":15.0,"key":"REST"},{"floor":32.0,"key":"REST"},{"data":"Cloak And Dagger","floor":40.0,"key":"SMITH"},{"data":"Expertise","floor":49.0,"key":"SMITH"}],"neow_cost":"FIFTY_PERCENT_DAMAGE","seed_source_timestamp":503597305993059,"circlet_count":0,"master_deck":["Defend_G+1","Defend_G+1","Defend_G+1","Defend_G+1","Defend_G+1","Strike_G+1","Strike_G+1","Strike_G+1","Strike_G+1","Strike_G+1","Survivor+1","Neutralize+1","Terror+1","Infinite Blades+1","Blade Dance+1","Accuracy+1","Accuracy+1","Blade Dance+1","Backflip+1","Bullet Time+1","Blade Dance+1","Burst+1","Secret Technique+1","Flying Knee+1","Backstab+1","Adrenaline+1","Outmaneuver","Flash of Steel","Cloak And Dagger+1","Expertise+1","Blade Dance","Quick Slash","A Thousand Cuts"],"special_seed":0,"relics":["Ring of the Snake","Thread and Needle","Regal Pillow","SsserpentHead","Bag of Preparation","Tiny Chest","Dream Catcher","Bag of Marbles","Black Star","Question Card","Boot","Strawberry","Paper Crane","Dodecahedron","Bottled Tornado","Ninja Scroll","Bottled Lightning","Mercury Hourglass","White Beast Statue","Mark of the Bloom","Sundial","Blood Vial","Potion Belt","Bronze Scales","Red Mask"],"potions_floor_usage":[50,50,50,50],"damage_taken":[{"damage":0.0,"enemies":"2 Louse","floor":1.0,"turns":2.0},{"damage":0.0,"enemies":"Small Slimes","floor":4.0,"turns":3.0},{"damage":0.0,"enemies":"Cultist","floor":5.0,"turns":4.0},{"damage":16.0,"enemies":"3 Sentries","floor":6.0,"turns":10.0},{"damage":27.0,"enemies":"Lagavulin","floor":8.0,"turns":6.0},{"damage":0.0,"enemies":"Large Slime","floor":11.0,"turns":3.0},{"damage":0.0,"enemies":"Red Slaver","floor":13.0,"turns":2.0},{"damage":0.0,"enemies":"Exordium Wildlife","floor":14.0,"turns":5.0},{"damage":0.0,"enemies":"The Guardian","floor":16.0,"turns":8.0},{"damage":6.0,"enemies":"2 Thieves","floor":18.0,"turns":5.0},{"damage":0.0,"enemies":"Shell Parasite","floor":21.0,"turns":5.0},{"damage":18.0,"enemies":"Snake Plant","floor":22.0,"turns":7.0},{"damage":11.0,"enemies":"Slavers","floor":23.0,"turns":5.0},{"damage":0.0,"enemies":"Centurion and Healer","floor":25.0,"turns":4.0},{"damage":0.0,"enemies":"3 Cultists","floor":28.0,"turns":2.0},{"damage":0.0,"enemies":"Gremlin Leader","floor":29.0,"turns":3.0},{"damage":0.0,"enemies":"Snecko","floor":30.0,"turns":3.0},{"damage":0.0,"enemies":"Chosen and Byrds","floor":31.0,"turns":3.0},{"damage":42.0,"enemies":"Champ","floor":33.0,"turns":7.0},{"damage":0.0,"enemies":"3 Darklings","floor":35.0,"turns":2.0},{"damage":0.0,"enemies":"Flame Bruiser 1 Orb","floor":39.0,"turns":1.0},{"damage":0.0,"enemies":"Spire Growth","floor":44.0,"turns":2.0},{"damage":0.0,"enemies":"Flame Bruiser 2 Orb","floor":45.0,"turns":1.0},{"damage":0.0,"enemies":"Transient","floor":47.0,"turns":5.0},{"damage":0,"enemies":"Donu and Deca","floor":50,"turns":3}],"seed_played":"4429453908554510012","potions_obtained":[{"floor":1.0,"key":"Swift Potion"},{"floor":8.0,"key":"AttackPotion"},{"floor":13.0,"key":"Weak Potion"},{"floor":14.0,"key":"GamblersBrew"},{"floor":18.0,"key":"GhostInAJar"},{"floor":25.0,"key":"GhostInAJar"},{"floor":29.0,"key":"EssenceOfSteel"},{"floor":30.0,"key":"Ancient Potion"},{"floor":33.0,"key":"GhostInAJar"},{"floor":35.0,"key":"SteroidPotion"},{"floor":44.0,"key":"LiquidBronze"},{"floor":45.0,"key":"PowerPotion"},{"floor":47.0,"key":"GhostInAJar"}],"is_trial":false,"path_per_floor":["M","?","?","M","M","E","R","E","T","R","M","T","M","M","R","B",null,"M","?","?","M","M","E","T","M","T","$","M","E","M","M","R","B",null,"M","?","$","?","M","R","T","$","T","M","M","?","M","?","R","B"],"character_chosen":"THE_SILENT","items_purchased":["Bottled Tornado","Ninja Scroll","Secret Technique","Sundial","Outmaneuver","Flash of Steel","Potion Belt"],"campfire_rested":3,"item_purchase_floors":[27,27,27,37,37,37,42],"current_hp_per_floor":[35,28,28,28,28,12,48,21,21,21,21,21,21,21,57,57,70,64,64,64,64,46,42,42,42,42,42,42,42,42,42,77,35,77,77,77,77,77,77,77,77,77,77,77,77,77,77,77,77,77],"gold":69,"neow_bonus":"ONE_RARE_RELIC","is_prod":false,"is_daily":false,"chose_seed":false,"campfire_upgraded":3,"win_rate":0,"timestamp":1531803250,"path_taken":["M","?","?","?","M","E","R","E","T","R","M","?","M","M","R","BOSS","M","?","?","M","M","E","?","?","T","$","?","E","M","M","R","BOSS","M","?","$","?","M","R","?","?","T","?","M","?","M","?","R","BOSS"],"build_version":"2018-07-12","purchased_purges":0,"victory":true,"max_hp_per_floor":[70,70,70,70,70,70,70,70,70,70,70,70,70,70,70,70,70,70,70,70,70,70,77,77,77,77,77,77,77,77,77,77,77,77,77,77,77,77,77,77,77,77,77,77,77,77,77,77,77,77],"card_choices":[{"not_picked":["Underhanded Strike","Deadly Poison"],"picked":"Terror","floor":1.0},{"not_picked":["Dagger Spray","Finisher"],"picked":"Infinite Blades","floor":4.0},{"not_picked":["PiercingWail","Underhanded Strike"],"picked":"Blade Dance","floor":5.0},{"not_picked":["Eviscerate","Outmaneuver"],"picked":"Accuracy","floor":6.0},{"not_picked":["Outmaneuver","Poisoned Stab","Deflect"],"picked":"SKIP","floor":8.0},{"not_picked":["Prepared","Cloak And Dagger"],"picked":"Accuracy","floor":11.0},{"not_picked":["Underhanded Strike","Poisoned Stab"],"picked":"Blade Dance","floor":13.0},{"not_picked":["Prepared","Dodge and Roll"],"picked":"Backflip","floor":14.0},{"not_picked":["Glass Knife","Unload"],"picked":"Bullet Time","floor":16.0},{"not_picked":["Poisoned Stab","Slice","Leg Sweep+1"],"picked":"SKIP","floor":18.0},{"not_picked":["Bane","Endless Agony","Poisoned Stab","Unload"],"picked":"SKIP","floor":21.0},{"not_picked":["Backflip","Acrobatics+1","Leg Sweep"],"picked":"Blade Dance+1","floor":22.0},{"not_picked":["Slice+1","Underhanded Strike","Sucker Punch","Crippling Poison"],"picked":"SKIP","floor":23.0},{"not_picked":["All Out Attack","Underhanded Strike","PiercingWail"],"picked":"Burst","floor":25.0},{"not_picked":["Dagger Throw","Dodge and Roll+1","Bane","Caltrops"],"picked":"SKIP","floor":28.0},{"not_picked":["Die Die Die","Underhanded Strike+1","Deflect+1","Outmaneuver"],"picked":"SKIP","floor":29.0},{"not_picked":["Bane","Noxious Fumes","Expertise","Dagger Spray"],"picked":"SKIP","floor":30.0},{"not_picked":["Quick Slash+1","Underhanded Strike","Slice"],"picked":"Flying Knee","floor":31.0},{"not_picked":["Deflect","Infinite Blades","Burst"],"picked":"Backstab+1","floor":32.0},{"not_picked":["Night Terror","Tools of the Trade","Doppelganger"],"picked":"Adrenaline","floor":33.0},{"not_picked":["Reflex","Slice","Flying Knee","Noxious Fumes+1"],"picked":"SKIP","floor":35.0},{"not_picked":["Finisher+1","Deadly Poison+1","Flechettes"],"picked":"Cloak And Dagger","floor":39.0},{"not_picked":["Dagger Throw","Well Laid Plans+1","Underhanded Strike","Poisoned Stab"],"picked":"SKIP","floor":44.0},{"not_picked":["Caltrops","Prepared","Sucker Punch"],"picked":"Expertise","floor":45.0},{"not_picked":["Underhanded Strike+1","Prepared","Caltrops"],"picked":"Blade Dance","floor":47.0}],"player_experience":75830,"relics_obtained":[{"floor":6.0,"key":"Bag of Preparation"},{"floor":8.0,"key":"Tiny Chest"},{"floor":9.0,"key":"Dream Catcher"},{"floor":12.0,"key":"Bag of Marbles"},{"floor":23.0,"key":"Boot"},{"floor":23.0,"key":"Strawberry"},{"floor":24.0,"key":"Paper Crane"},{"floor":26.0,"key":"Dodecahedron"},{"floor":29.0,"key":"Bottled Lightning"},{"floor":29.0,"key":"Mercury Hourglass"},{"floor":41.0,"key":"Blood Vial"},{"floor":43.0,"key":"Bronze Scales"}],"event_choices":[{"event_name":"Scrap Ooze","player_choice":"success","floor":2.0,"damage_taken":7.0},{"event_name":"FaceTrader","player_choice":"Trade","floor":3.0,"damage_taken":0.0},{"event_name":"Upgrade Shrine","player_choice":"Upgraded","floor":19.0,"damage_taken":0.0},{"event_name":"Addict","player_choice":"Obtained Relic","floor":20.0,"damage_taken":0.0},{"event_name":"MindBloom","player_choice":"Upgrade","floor":36.0,"damage_taken":0.0},{"event_name":"Accursed Blacksmith","player_choice":"Ignore","floor":38.0,"damage_taken":0.0},{"event_name":"Tomb of Lord Red Mask","player_choice":"Paid","floor":46.0,"damage_taken":0.0},{"event_name":"Match and Keep!","player_choice":"2 cards matched","floor":48.0,"damage_taken":0.0}],"boss_relics":[{"not_picked":["Eternal Feather","Runic Dome"],"picked":"Black Star"},{"not_picked":["Velvet Choker","Coffee Dripper"],"picked":"White Beast Statue"}],"items_purged_floors":[],"is_endless":false,"potions_floor_spawned":[1,8,13,14,18,25,29,30,33,35,39,44,45,47],"ascension_level":0}