{"gold_per_floor":[118,135,145,155,455,455,483,56,56,56,84,84,116,16,16,120,120,140,140,3,18,29,29,60,60,87,64,96,96,96],"floor_reached":30,"playtime":1578,"items_purged":["Regret","Strike_R"],"score":479,"play_id":"6e5d0ade-24df-44b5-bf66-856c3f615d63","local_time":"20181102152900","is_ascension_mode":true,"campfire_choices":[{"data":"Pommel Strike","floor":6.0,"key":"SMITH"},{"floor":10,"key":"REST"},{"floor":12,"key":"REST"},{"data":"Armaments","floor":15,"key":"SMITH"},{"data":"Immolate","floor":23,"key":"SMITH"}],"neow_cost":"NONE","seed_source_timestamp":468233843756310,"circlet_count":0,"master_deck":["AscendersBane","Strike_R","Strike_R","Strike_R","Strike_R","Defend_R","Defend_R","Defend_R","Defend_R","Bash","Cleave","Feel No Pain","Heavy Blade","Pommel Strike+1","Sever Soul","Sentinel","Flex","True Grit","Evolve","True Grit","Armaments+1","Immolate+1","Inflame","Feel No Pain","Inflame+1","Whirlwind+1","Spot Weakness+1","Shame","Wild Strike","Reckless Charge"],"special_seed":0,"relics":["Burning Blood","NeowsBlessing","Old Coin","Question Card","Sling","Dream Catcher","Bottled Tornado","Ancient Tea Set","Bag of Marbles","Cursed Key","Magic Flower","Matryoshka","Strawberry","Boot","Calipers"],"potions_floor_usage":[21,21,30],"damage_taken":[{"damage":0.0,"enemies":"Cultist","floor":1.0,"turns":1.0},{"damage":0.0,"enemies":"Jaw Worm","floor":2.0,"turns":1.0},{"damage":0.0,"enemies":"2 Louse","floor":3.0,"turns":1.0},{"damage":21.0,"enemies":"Blue Slaver","floor":4.0,"turns":4.0},{"damage":42.0,"enemies":"3 Sentries","floor":7.0,"turns":9.0},{"damage":32,"enemies":"Lagavulin","floor":11,"turns":5},{"damage":0,"enemies":"Gremlin Nob","floor":13,"turns":2},{"damage":25,"enemies":"Slime Boss","floor":16,"turns":10},{"damage":2,"enemies":"Chosen","floor":18,"turns":6},{"damage":6,"enemies":"2 Thieves","floor":21,"turns":3},{"damage":13,"enemies":"Cultist and Chosen","floor":22,"turns":5},{"damage":34,"enemies":"Slavers","floor":24,"turns":5},{"damage":36,"enemies":"Book of Stabbing","floor":28,"turns":4},{"damage":40,"enemies":"Shelled Parasite and Fungi","floor":30,"turns":3}],"seed_played":"1472676806874279263","potions_obtained":[{"floor":11,"key":"Swift Potion"},{"floor":13,"key":"Strength Potion"},{"floor":28,"key":"EssenceOfSteel"}],"is_trial":false,"path_per_floor":["M","M","M","M","?","R","E","E","$","T","R","E","R","E","$","R","B",null,"M","?","$","M","M","R","E","?","T","$","E","$","M"],"character_chosen":"IRONCLAD","items_purchased":["Sentinel","Sling","Dream Catcher","Armaments","Feel No Pain","Wild Strike"],"campfire_rested":2,"item_purchase_floors":[8,8,8,14,20,27],"current_hp_per_floor":[78,80,80,65,65,65,29,29,29,53,27,51,57,57,57,38,70,74,74,74,74,67,67,39,39,46,46,19,19,0],"gold":96,"neow_bonus":"THREE_ENEMY_KILL","is_prod":false,"is_daily":false,"chose_seed":false,"campfire_upgraded":3,"win_rate":0,"timestamp":1541186940,"path_taken":["M","M","?","?","?","R","E","$","T","R","E","R","E","?","R","BOSS","M","?","$","M","M","R","E","?","T","$","E","$","M"],"build_version":"2018-11-01","purchased_purges":2,"victory":false,"max_hp_per_floor":[80,80,80,80,80,80,80,80,80,80,80,80,80,80,80,80,80,80,80,80,80,80,80,80,80,87,87,87,87,87],"card_choices":[{"not_picked":["Wild Strike","Iron Wave"],"picked":"Cleave","floor":1.0},{"not_picked":["Anger","Rage"],"picked":"Feel No Pain","floor":2.0},{"not_picked":["Twin Strike","Armaments"],"picked":"Heavy Blade","floor":3.0},{"not_picked":["Perfected Strike","Iron Wave"],"picked":"Pommel Strike","floor":4.0},{"not_picked":["Sever Soul","Searing Blow","Havoc"],"picked":"SKIP","floor":7},{"not_picked":["Searing Blow","Havoc"],"picked":"Sever Soul","floor":7},{"not_picked":["Wild Strike","Clothesline","Heavy Blade"],"picked":"Flex","floor":10},{"not_picked":["Rupture","Rampage","Bloodletting"],"picked":"True Grit","floor":11},{"not_picked":["Fire Breathing","Sever Soul","Cleave"],"picked":"Evolve","floor":12},{"not_picked":["Carnage","Body Slam","Impervious"],"picked":"True Grit","floor":13},{"not_picked":["Berserk","Offering","Double Tap"],"picked":"Immolate","floor":16},{"not_picked":["Sword Boomerang","Rage","Combust","Warcry"],"picked":"SKIP","floor":18},{"not_picked":["Fire Breathing","Seeing Red+1","Heavy Blade"],"picked":"Inflame+1","floor":21},{"not_picked":["Sword Boomerang","Body Slam","Rage+1"],"picked":"Whirlwind+1","floor":22},{"not_picked":["Sword Boomerang","Uppercut+1","Havoc+1"],"picked":"Spot Weakness+1","floor":24},{"not_picked":["Headbutt","Perfected Strike","Carnage"],"picked":"Reckless Charge","floor":28}],"player_experience":403393,"relics_obtained":[{"floor":7,"key":"Question Card"},{"floor":9,"key":"Bottled Tornado"},{"floor":11,"key":"Ancient Tea Set"},{"floor":13,"key":"Bag of Marbles"},{"floor":24,"key":"Magic Flower"},{"floor":26,"key":"Strawberry"},{"floor":26,"key":"Boot"},{"floor":28,"key":"Calipers"}],"event_choices":[{"damage_healed":0.0,"max_hp_gain":0.0,"max_hp_loss":0.0,"gold_gain":0.0,"event_name":"Big Fish","player_choice":"Box","floor":5.0,"gold_loss":0.0,"damage_taken":0.0,"relics_obtained":["Old Coin"],"cards_obtained":["Regret"]},{"damage_healed":0,"gold_gain":0,"player_choice":"Read","damage_taken":0,"max_hp_gain":0,"max_hp_loss":0,"event_name":"The Library","floor":19,"gold_loss":0,"cards_obtained":["Inflame"]},{"damage_healed":0,"gold_gain":0,"player_choice":"Opened","damage_taken":0,"relics_obtained":["Matryoshka"],"max_hp_gain":0,"max_hp_loss":0,"event_name":"The Mausoleum","floor":25,"gold_loss":0}],"is_beta":false,"boss_relics":[{"not_picked":["Ectoplasm","Runic Pyramid"],"picked":"Cursed Key"}],"items_purged_floors":[14,20],"is_endless":false,"potions_floor_spawned":[11,13,28],"killed_by":"Shelled Parasite and Fungi","ascension_level":11}