{"gold_per_floor":[16,16,33,33,48,48,67,67,67,87,87,117,117,17,17,118,118,132,132,142,159,159,159,59,59,108,125,199,199,199,215,215,317,317,333,74,86,86,102,102,122,132,157,0,12,12,27,27,27,27,27,27,27,61,61],"floor_reached":56,"playtime":3371,"items_purged":["Strike_R","Strike_R"],"score":1149,"play_id":"ad88fb3a-d176-47c5-b7cb-7e094bc480da","local_time":"20190502233329","is_ascension_mode":false,"campfire_choices":[{"data":"Evolve","floor":6.0,"key":"SMITH"},{"data":"Disarm","floor":8.0,"key":"SMITH"},{"data":"True Grit","floor":15.0,"key":"SMITH"},{"data":"Armaments","floor":23,"key":"SMITH"},{"data":"Havoc","floor":25,"key":"SMITH"},{"data":"Fiend Fire","floor":29,"key":"SMITH"},{"floor":32,"key":"REST"},{"data":"Corruption","floor":40,"key":"SMITH"},{"data":"Sentinel","floor":46,"key":"SMITH"},{"floor":49,"key":"RECALL"},{"data":"Second Wind","floor":52,"key":"SMITH"}],"neow_cost":"NO_GOLD","seed_source_timestamp":509153411514600,"circlet_count":0,"master_deck":["Strike_R","Defend_R","Defend_R","Defend_R","Defend_R","Bash+1","Headbutt","Shrug It Off","Evolve+1","Disarm+1","Wild Strike","Fiend Fire+1","True Grit+1","Fiend Fire","Armaments+1","Havoc+1","Fiend Fire","Second Wind+1","Disarm+1","Wild Strike+1","Pain","Clumsy","Decay","Battle Trance","Corruption+1","Second Wind+1","Reckless Charge+1","Sentinel+1","Finesse","Master of Strategy","Second Wind+1"],"special_seed":0,"relics":["Burning Blood","Dead Branch","Blue Candle","Pantograph","Singing Bowl","Red Skull","Sozu","Happy Flower","Nilry\u0027s Codex","Calling Bell","Strawberry","Mercury Hourglass","Charon\u0027s Ashes","OrangePellets","Art of War","Red Mask","Whetstone"],"potions_floor_usage":[],"damage_taken":[{"damage":3.0,"enemies":"Small Slimes","floor":1.0,"turns":3.0},{"damage":6.0,"enemies":"2 Louse","floor":3.0,"turns":3.0},{"damage":0.0,"enemies":"Cultist","floor":5.0,"turns":4.0},{"damage":10.0,"enemies":"Looter","floor":7.0,"turns":4.0},{"damage":11.0,"enemies":"Exordium Wildlife","floor":10.0,"turns":5.0},{"damage":20.0,"enemies":"Gremlin Nob","floor":12.0,"turns":4.0},{"damage":36.0,"enemies":"The Guardian","floor":16.0,"turns":10.0},{"damage":5.0,"enemies":"3 Byrds","floor":18.0,"turns":6.0},{"damage":4.0,"enemies":"2 Thieves","floor":20.0,"turns":4.0},{"damage":11,"enemies":"3 Cultists","floor":21,"turns":5},{"damage":15,"enemies":"Shelled Parasite and Fungi","floor":27,"turns":5},{"damage":9,"enemies":"Snake Plant","floor":31,"turns":3},{"damage":75,"enemies":"Collector","floor":33,"turns":11},{"damage":1,"enemies":"3 Darklings","floor":35,"turns":2},{"damage":12,"enemies":"3 Shapes","floor":37,"turns":3},{"damage":8,"enemies":"Maw","floor":39,"turns":4},{"damage":1,"enemies":"Sphere and 2 Shapes","floor":41,"turns":1},{"damage":1,"enemies":"Writhing Mass","floor":42,"turns":1},{"damage":8,"enemies":"3 Darklings","floor":45,"turns":3},{"damage":1,"enemies":"4 Shapes","floor":47,"turns":2},{"damage":19,"enemies":"Donu and Deca","floor":50,"turns":4},{"damage":8,"enemies":"Shield and Spear","floor":54,"turns":4},{"damage":32,"enemies":"The Heart","floor":55,"turns":6}],"seed_played":"-1833391078667697117","potions_obtained":[{"floor":5.0,"key":"SteroidPotion"},{"floor":12.0,"key":"Strength Potion"},{"floor":16.0,"key":"BloodPotion"}],"is_trial":false,"path_per_floor":["M","?","M","?","M","R","M","R","T","M","?","E","T","$","R","B",null,"M","?","M","M","?","R","$","R","T","M","T","R","?","M","R","B",null,"M","$","M","?","M","R","M","M","T","?","M","R","M","?","R","B",null,"R","$","E","B",null],"character_chosen":"IRONCLAD","items_purchased":["True Grit","Corruption","OrangePellets"],"campfire_rested":1,"item_purchase_floors":[14,36,36],"current_hp_per_floor":[80,85,85,85,85,85,81,81,81,76,69,55,55,55,55,50,85,85,69,71,66,66,66,66,66,66,57,57,57,41,38,65,23,99,99,99,93,93,93,93,98,101,101,101,101,101,105,97,97,94,107,107,107,105,81],"gold":61,"neow_bonus":"ONE_RARE_RELIC","is_prod":false,"is_daily":false,"chose_seed":false,"campfire_upgraded":9,"win_rate":0,"timestamp":1556854409,"path_taken":["M","?","M","?","M","R","?","R","T","M","?","E","?","$","R","BOSS","M","?","M","M","?","R","$","R","T","M","?","R","?","M","R","BOSS","M","$","M","?","M","R","M","M","T","?","M","R","M","?","R","BOSS","R","$","E","BOSS"],"build_version":"2019-01-23","purchased_purges":2,"victory":true,"max_hp_per_floor":[80,85,85,85,85,85,85,85,85,85,85,85,85,85,85,85,85,85,90,90,90,90,90,90,90,90,90,90,90,90,90,90,92,99,99,99,99,99,101,101,101,101,101,101,103,103,105,107,107,107,107,107,107,107,107],"card_choices":[{"not_picked":["Twin Strike","Pummel"],"picked":"Headbutt","floor":1.0},{"not_picked":["Dropkick","Clothesline"],"picked":"Shrug It Off","floor":3.0},{"not_picked":["Shockwave","Twin Strike"],"picked":"Evolve","floor":5.0},{"not_picked":["Searing Blow","Dropkick"],"picked":"Disarm","floor":7.0},{"not_picked":["Headbutt","Havoc"],"picked":"Wild Strike","floor":10.0},{"not_picked":["Shrug It Off","Heavy Blade"],"picked":"Fiend Fire","floor":12.0},{"not_picked":["Impervious","Reaper"],"picked":"Fiend Fire","floor":16.0},{"not_picked":["Headbutt","Clash+1"],"picked":"Armaments","floor":18.0},{"not_picked":["Thunderclap","Flex+1"],"picked":"Havoc","floor":20},{"not_picked":["Spot Weakness","Cleave"],"picked":"Fiend Fire","floor":21},{"not_picked":["Burning Pact","Thunderclap"],"picked":"Disarm+1","floor":27},{"not_picked":["Body Slam","Cleave"],"picked":"Wild Strike","floor":31},{"not_picked":["Limit Break","Bludgeon","Brutality"],"picked":"Singing Bowl","floor":33},{"not_picked":["Clothesline+1","Bloodletting"],"picked":"Battle Trance","floor":35},{"not_picked":["Pommel Strike","Headbutt"],"picked":"Second Wind+1","floor":37},{"not_picked":["Pommel Strike","Twin Strike","Rampage+1"],"picked":"Singing Bowl","floor":39},{"not_picked":["Rupture","Flame Barrier+1"],"picked":"Reckless Charge+1","floor":41},{"not_picked":["Havoc+1","Shrug It Off+1"],"picked":"Sentinel","floor":42},{"not_picked":["Body Slam+1","Wild Strike+1","Blood for Blood"],"picked":"Singing Bowl","floor":45},{"not_picked":["Headbutt+1","Immolate","Armaments+1"],"picked":"Singing Bowl","floor":47},{"not_picked":["Impatience","Dark Shackles"],"picked":"Finesse","floor":48},{"not_picked":["Metamorphosis","Swift Strike","Blind"],"picked":"Singing Bowl","floor":48},{"not_picked":["Apotheosis","Swift Strike"],"picked":"Master of Strategy","floor":48},{"not_picked":["Pommel Strike+1","Uppercut"],"picked":"Second Wind+1","floor":54}],"player_experience":334064,"relics_obtained":[{"floor":9.0,"key":"Blue Candle"},{"floor":12.0,"key":"Singing Bowl"},{"floor":13.0,"key":"Red Skull"},{"floor":26,"key":"Happy Flower"},{"floor":30,"key":"Nilry\u0027s Codex"},{"floor":34,"key":"Strawberry"},{"floor":34,"key":"Mercury Hourglass"},{"floor":34,"key":"Charon\u0027s Ashes"},{"floor":43,"key":"Art of War"},{"floor":54,"key":"Whetstone"}],"event_choices":[{"damage_healed":0.0,"max_hp_gain":5.0,"max_hp_loss":0.0,"gold_gain":0.0,"event_name":"Big Fish","player_choice":"Donut","floor":2.0,"gold_loss":0.0,"damage_taken":0.0},{"cards_removed":["Strike_R"],"damage_healed":0.0,"max_hp_gain":0.0,"max_hp_loss":0.0,"gold_gain":0.0,"event_name":"Bonfire Elementals","player_choice":"Offered Basic","floor":4.0,"gold_loss":0.0,"damage_taken":0.0},{"damage_healed":0.0,"max_hp_gain":0.0,"max_hp_loss":0.0,"gold_gain":0.0,"event_name":"Scrap Ooze","player_choice":"Success","floor":11.0,"gold_loss":0.0,"damage_taken":7.0,"relics_obtained":["Pantograph"]},{"damage_healed":0.0,"max_hp_gain":5.0,"max_hp_loss":0.0,"gold_gain":0.0,"event_name":"Forgotten Altar","player_choice":"Shed Blood","floor":19.0,"gold_loss":0.0,"damage_taken":21.0},{"damage_healed":0,"gold_gain":0,"player_choice":"Read","damage_taken":0,"max_hp_gain":0,"max_hp_loss":0,"event_name":"The Library","floor":22,"gold_loss":0,"cards_obtained":["Second Wind"]},{"damage_healed":0,"gold_gain":0,"player_choice":"Obtained Book","damage_taken":16,"max_hp_gain":0,"max_hp_loss":0,"event_name":"Cursed Tome","floor":30,"gold_loss":0},{"cards_removed":["Strike_R"],"damage_healed":0,"gold_gain":0,"player_choice":"Removed Attack","damage_taken":0,"max_hp_gain":0,"max_hp_loss":0,"event_name":"Falling","floor":38,"gold_loss":0},{"damage_healed":0,"gold_gain":0,"player_choice":"Paid","damage_taken":0,"relics_obtained":["Red Mask"],"max_hp_gain":0,"max_hp_loss":0,"event_name":"Tomb of Lord Red Mask","floor":44,"gold_loss":157},{"damage_healed":0,"gold_gain":0,"player_choice":"Memory 3","damage_taken":10,"max_hp_gain":0,"max_hp_loss":0,"event_name":"SensoryStone","floor":48,"gold_loss":0}],"is_beta":false,"boss_relics":[{"not_picked":["White Beast Statue","Ectoplasm"],"picked":"Sozu"},{"not_picked":["Eternal Feather","Coffee Dripper"],"picked":"Calling Bell"}],"items_purged_floors":[14,24],"is_endless":false,"potions_floor_spawned":[5,12,16,18,20,27,35,37,42,45],"ascension_level":0}