{"gold_per_floor":[110,260,4,4,4,4,39,4,4,39,57,67,67,79,79,155,155,173,173,184,24,24,24,35,49,49,63,63,63,79,99,99,178,178,198,211,229,229,229,229,247,247,327,327,343,362,362,15,15,15],"floor_reached":51,"playtime":4546,"items_purged":["Doubt","Chill"],"score":1203,"play_id":"7c92c2b7-2af4-4fda-82fe-4ca43954cfc8","local_time":"20190114012040","is_ascension_mode":true,"campfire_choices":[{"data":"Redo","floor":6.0,"key":"SMITH"},{"data":"Defragment","floor":13.0,"key":"SMITH"},{"data":"Streamline","floor":15.0,"key":"SMITH"},{"data":"Chaos","floor":23.0,"key":"SMITH"},{"data":"Capacitor","floor":28.0,"key":"SMITH"},{"data":"Hyperbeam","floor":32.0,"key":"SMITH"},{"floor":40.0,"key":"REST"},{"floor":42.0,"key":"REST"},{"data":"Hologram","floor":44.0,"key":"SMITH"},{"floor":49,"key":"REST"}],"neow_cost":"NONE","seed_source_timestamp":83624086707922,"circlet_count":0,"master_deck":["AscendersBane","Dualcast","Defragment+1","Redo+1","Streamline+1","Defragment+1","Cold Snap","Reinforced Body","Capacitor+1","Cold Snap","Core Surge","Consume","Chaos+1","BootSequence","Melter","Loop","Hyperbeam+1","Glacier","Leap","Heatsinks","Cold Snap","Hologram+1","Biased Cognition","Echo Form","Cold Snap","Panacea"],"special_seed":0,"relics":["Cracked Core","NeowsBlessing","DataDisk","Vajra","Singing Bowl","Orichalcum","Pandora\u0027s Box","Dodecahedron","Philosopher\u0027s Stone","Pantograph","OrangePellets"],"potions_floor_usage":[50],"damage_taken":[{"damage":0.0,"enemies":"2 Louse","floor":1.0,"turns":1.0},{"damage":0.0,"enemies":"Lagavulin","floor":7.0,"turns":1.0},{"damage":0.0,"enemies":"Gremlin Nob","floor":10.0,"turns":1.0},{"damage":6.0,"enemies":"Jaw Worm","floor":11.0,"turns":2.0},{"damage":0.0,"enemies":"Small Slimes","floor":12.0,"turns":4.0},{"damage":6.0,"enemies":"Looter","floor":14.0,"turns":3.0},{"damage":4.0,"enemies":"Hexaghost","floor":16.0,"turns":10.0},{"damage":1.0,"enemies":"Chosen","floor":18.0,"turns":5.0},{"damage":0.0,"enemies":"Spheric Guardian","floor":20.0,"turns":2.0},{"damage":3.0,"enemies":"Centurion and Healer","floor":24.0,"turns":9.0},{"damage":4.0,"enemies":"Snake Plant","floor":25.0,"turns":5.0},{"damage":0.0,"enemies":"Shelled Parasite and Fungi","floor":27.0,"turns":9.0},{"damage":3.0,"enemies":"Sentry and Sphere","floor":30.0,"turns":4.0},{"damage":3.0,"enemies":"Centurion and Healer","floor":31.0,"turns":8.0},{"damage":7.0,"enemies":"Automaton","floor":33.0,"turns":13.0},{"damage":24.0,"enemies":"3 Darklings","floor":35.0,"turns":4.0},{"damage":2.0,"enemies":"3 Shapes","floor":36.0,"turns":7.0},{"damage":29.0,"enemies":"Transient","floor":37.0,"turns":5.0},{"damage":2.0,"enemies":"Jaw Worm Horde","floor":41.0,"turns":4.0},{"damage":0.0,"enemies":"Maw","floor":45.0,"turns":9.0},{"damage":18,"enemies":"Spire Growth","floor":46,"turns":5},{"damage":28,"enemies":"Time Eater","floor":50,"turns":12}],"seed_played":"4395555984729980571","potions_obtained":[{"floor":7.0,"key":"EntropicBrew"},{"floor":10.0,"key":"Weak Potion"},{"floor":16.0,"key":"SkillPotion"},{"floor":35.0,"key":"Swift Potion"},{"floor":41.0,"key":"Swift Potion"},{"floor":45.0,"key":"FearPotion"},{"floor":46,"key":"Strength Potion"}],"is_trial":false,"path_per_floor":["M","?","$","?","?","R","E","$","T","E","M","M","R","M","R","B",null,"M","?","M","$","?","R","M","M","T","M","R","?","M","M","R","B",null,"M","M","M","?","?","R","M","R","T","R","M","M","?","$","R","B",null],"character_chosen":"DEFECT","items_purchased":["DataDisk","Defragment","Redo","Defragment","Heatsinks","Cold Snap","OrangePellets","Energy Potion"],"campfire_rested":3,"item_purchase_floors":[3,3,3,8,21,21,48,48],"current_hp_per_floor":[64,64,64,64,64,64,64,64,64,64,58,58,58,52,52,48,65,66,66,66,66,66,66,63,61,61,63,63,77,76,73,73,66,76,52,52,25,25,25,49,49,74,74,74,76,60,54,54,81,65],"gold":15,"neow_bonus":"THREE_ENEMY_KILL","is_prod":false,"is_daily":false,"chose_seed":false,"campfire_upgraded":7,"win_rate":0,"timestamp":1547446840,"path_taken":["M","?","$","?","?","R","E","$","T","E","?","M","R","M","R","BOSS","M","?","M","$","?","R","M","M","T","M","R","?","M","M","R","BOSS","M","M","M","?","?","R","M","R","T","R","M","M","?","$","R","BOSS"],"build_version":"2019-01-10","purchased_purges":2,"victory":true,"max_hp_per_floor":[71,71,71,71,71,71,71,71,71,71,71,71,71,71,71,71,71,73,73,73,73,73,73,73,75,75,77,77,77,79,79,79,79,79,79,81,83,83,83,83,85,85,85,85,87,89,93,93,93,93],"card_choices":[{"not_picked":["Heatsinks","Compile Driver"],"picked":"Leap","floor":1.0},{"not_picked":["Coolheaded","Sweeping Beam"],"picked":"Streamline","floor":7.0},{"not_picked":["Static Discharge","Heatsinks"],"picked":"Cold Snap","floor":10.0},{"not_picked":["Hologram","Recycle"],"picked":"Reinforced Body","floor":11.0},{"not_picked":["Beam Cell","Steam Power"],"picked":"Capacitor","floor":12.0},{"not_picked":["Turbo","Hologram"],"picked":"Cold Snap","floor":14.0},{"not_picked":["Rainbow","Thunder Strike"],"picked":"Core Surge","floor":16.0},{"not_picked":["Streamline","Hello World","Redo"],"picked":"Singing Bowl","floor":18.0},{"not_picked":["Compile Driver+1","Ball Lightning"],"picked":"Chill","floor":20.0},{"not_picked":["Skim","Cold Snap"],"picked":"Hologram","floor":24.0},{"not_picked":["Coolheaded","Conserve Battery","Sweeping Beam+1"],"picked":"Singing Bowl","floor":25.0},{"not_picked":["Leap","Coolheaded","Reprogram"],"picked":"Singing Bowl","floor":27.0},{"not_picked":["Aggregate","Compile Driver","Darkness+1"],"picked":"Singing Bowl","floor":30.0},{"not_picked":["Compile Driver","Self Repair"],"picked":"Biased Cognition","floor":31.0},{"not_picked":["Core Surge","Electrodynamics"],"picked":"Echo Form","floor":33.0},{"not_picked":["Compile Driver+1","Ball Lightning"],"picked":"Cold Snap","floor":35.0},{"not_picked":["Steam","Recycle+1","Rebound"],"picked":"Singing Bowl","floor":36.0},{"not_picked":["Stack","Heatsinks","Double Energy"],"picked":"Singing Bowl","floor":37.0},{"not_picked":["Auto Shields","Hologram","Steam Power+1"],"picked":"Singing Bowl","floor":41.0},{"not_picked":["Fusion+1","Steam Power","Cold Snap"],"picked":"Singing Bowl","floor":45.0},{"not_picked":["FTL","Heatsinks","Barrage"],"picked":"Singing Bowl","floor":46},{"not_picked":["Blind","Bandage Up","Swift Strike"],"picked":"Singing Bowl","floor":47},{"not_picked":["Dark Shackles","Mind Blast","Dramatic Entrance"],"picked":"Singing Bowl","floor":47},{"not_picked":["Apotheosis","Deep Breath"],"picked":"Panacea","floor":47}],"player_experience":537649,"relics_obtained":[{"floor":7.0,"key":"Vajra"},{"floor":9.0,"key":"Singing Bowl"},{"floor":10.0,"key":"Orichalcum"},{"floor":26.0,"key":"Dodecahedron"},{"floor":43.0,"key":"Pantograph"}],"event_choices":[{"damage_healed":0.0,"max_hp_gain":0.0,"max_hp_loss":0.0,"gold_gain":150.0,"event_name":"Liars Game","player_choice":"AGREE","floor":2.0,"gold_loss":0.0,"damage_taken":0.0,"cards_obtained":["Doubt"]},{"damage_healed":0.0,"max_hp_gain":0.0,"max_hp_loss":0.0,"gold_gain":0.0,"event_name":"The Cleric","player_choice":"Leave","floor":4.0,"gold_loss":0.0,"damage_taken":0.0},{"damage_healed":0.0,"max_hp_gain":0.0,"max_hp_loss":0.0,"gold_gain":0.0,"event_name":"Living Wall","player_choice":"Grow","floor":5.0,"gold_loss":0.0,"damage_taken":0.0,"cards_upgraded":["Defragment"]},{"damage_healed":0.0,"max_hp_gain":0.0,"max_hp_loss":0.0,"gold_gain":0.0,"cards_transformed":["Blizzard","Undo"],"event_name":"Drug Dealer","player_choice":"Became Test Subject","floor":19.0,"gold_loss":0.0,"damage_taken":0.0,"cards_obtained":["Glacier","Leap"]},{"cards_removed":["Zap"],"damage_healed":0.0,"max_hp_gain":0.0,"max_hp_loss":0.0,"gold_gain":0.0,"event_name":"Back to Basics","player_choice":"Elegance","floor":22.0,"gold_loss":0.0,"damage_taken":0.0},{"damage_healed":15.0,"max_hp_gain":0.0,"max_hp_loss":0.0,"gold_gain":0.0,"event_name":"The Library","player_choice":"Heal","floor":29.0,"gold_loss":0.0,"damage_taken":0.0},{"damage_healed":0.0,"max_hp_gain":0.0,"max_hp_loss":0.0,"gold_gain":0.0,"event_name":"Tomb of Lord Red Mask","player_choice":"Ignored","floor":38.0,"gold_loss":0.0,"damage_taken":0.0},{"cards_removed":["Leap"],"damage_healed":0.0,"max_hp_gain":0.0,"max_hp_loss":0.0,"gold_gain":0.0,"event_name":"Falling","player_choice":"Removed Skill","floor":39.0,"gold_loss":0.0,"damage_taken":0.0},{"damage_healed":0,"gold_gain":0,"player_choice":"Memory 3","damage_taken":10,"max_hp_gain":0,"max_hp_loss":0,"event_name":"SensoryStone","floor":47,"gold_loss":0}],"is_beta":false,"boss_relics":[{"not_picked":["Eternal Feather","Inserter"],"picked":"Pandora\u0027s Box"},{"not_picked":["Runic Pyramid","FrozenCore"],"picked":"Philosopher\u0027s Stone"}],"items_purged_floors":[21,48],"is_endless":false,"potions_floor_spawned":[7,10,16,20,24,35,41,45,46],"ascension_level":15}