{"gold_per_floor":[362,51,67,84,97,132,149,168,168,168,12,12,24,24,24,123,123,136,136,146,163,175,175,175,175,200,200],"floor_reached":27,"playtime":1161,"items_purged":["Normality"],"score":217,"play_id":"6246ff9d-bdcf-46a5-9692-60e4defb96bb","local_time":"20180730192332","is_ascension_mode":false,"campfire_choices":[{"floor":10,"key":"REST"},{"floor":15,"key":"REST"},{"floor":23,"key":"REST"},{"floor":25,"key":"REST"}],"neow_cost":"CURSE","seed_source_timestamp":46554087333165,"circlet_count":0,"master_deck":["Strike_B","Strike_B","Strike_B","Strike_B","Defend_B","Defend_B","Defend_B","Defend_B","Zap","Dualcast","Sunder","Rip and Tear","Conserve Battery","Auto Shields","Chill","Rebound","Sweeping Beam","Coolheaded","Sweeping Beam","FTL+1","Force Field","Redo","Machine Learning","Turbo+1","Streamline+1","Stack+1","Beam Cell+1"],"relics":["Cracked Core","Boot","Calipers","Molten Egg 2","Nuclear Battery","Anchor","Dream Catcher"],"potions_floor_usage":[6,8,8,21,22,22,27],"damage_taken":[{"damage":6,"enemies":"Cultist","floor":1,"turns":3},{"damage":6,"enemies":"Jaw Worm","floor":3,"turns":2},{"damage":10,"enemies":"Small Slimes","floor":4,"turns":3},{"damage":3,"enemies":"Blue Slaver","floor":5,"turns":3},{"damage":29,"enemies":"Gremlin Nob","floor":6,"turns":4},{"damage":3,"enemies":"Exordium Thugs","floor":7,"turns":3},{"damage":0,"enemies":"Exordium Wildlife","floor":8,"turns":3},{"damage":2,"enemies":"Large Slime","floor":13,"turns":5},{"damage":15,"enemies":"Slime Boss","floor":16,"turns":11},{"damage":11,"enemies":"3 Byrds","floor":18,"turns":5},{"damage":2,"enemies":"Shell Parasite","floor":20,"turns":4},{"damage":30,"enemies":"Centurion and Healer","floor":21,"turns":6},{"damage":17,"enemies":"Slaver and Parasite","floor":22,"turns":8},{"damage":60,"enemies":"Gremlin Leader","floor":27,"turns":8}],"seed_played":"-2946984124440993458","potions_obtained":[{"floor":1,"key":"Ancient Potion"},{"floor":5,"key":"AttackPotion"},{"floor":7,"key":"FocusPotion"},{"floor":16,"key":"GamblersBrew"},{"floor":18,"key":"SpeedPotion"},{"floor":21,"key":"Dexterity Potion"},{"floor":22,"key":"GamblersBrew"}],"is_trial":false,"path_per_floor":["M","$","M","M","M","E","M","M","T","R","$","?","M","$","R","B",null,"M","?","M","M","M","R","T","R","T"],"character_chosen":"DEFECT","items_purchased":["Rip and Tear","Conserve Battery","Boot","FTL+1","Force Field"],"campfire_rested":4,"item_purchase_floors":[2,2,2,11,11],"current_hp_per_floor":[69,69,63,53,50,21,18,18,18,40,40,40,38,38,60,45,75,64,64,62,32,15,37,37,59,59,0],"gold":200,"neow_bonus":"TWO_FIFTY_GOLD","is_prod":false,"is_daily":false,"chose_seed":false,"campfire_upgraded":0,"win_rate":0,"timestamp":1532971412,"path_taken":["M","$","M","M","M","E","?","?","T","R","$","?","M","$","R","BOSS","M","?","M","M","M","R","?","R","T","E"],"build_version":"2018-07-26","purchased_purges":1,"victory":false,"max_hp_per_floor":[75,75,75,75,75,75,75,75,75,75,75,75,75,75,75,75,75,75,75,75,75,75,75,75,75,75,75],"card_choices":[{"not_picked":["Conserve Battery","Tempest"],"picked":"Sunder","floor":1},{"not_picked":["Double Energy","Turbo"],"picked":"Auto Shields","floor":3},{"not_picked":["Barrage","Cold Snap"],"picked":"Chill","floor":4},{"not_picked":["Go for the Eyes","Stack"],"picked":"Rebound","floor":5},{"not_picked":["Defragment","Aggregate"],"picked":"Sweeping Beam","floor":6},{"not_picked":["Cold Snap","Chill"],"picked":"Coolheaded","floor":7},{"not_picked":["Barrage","Gash"],"picked":"Sweeping Beam","floor":8},{"not_picked":["Darkness","Force Field"],"picked":"Redo","floor":13},{"not_picked":["Amplify","Core Surge+1"],"picked":"Machine Learning","floor":16},{"not_picked":["Redo","Scrape+1"],"picked":"Turbo+1","floor":18},{"not_picked":["Coolheaded","Double Energy"],"picked":"Streamline+1","floor":20},{"not_picked":["Loop","Cold Snap+1"],"picked":"Stack+1","floor":21},{"not_picked":["Capacitor","Skim"],"picked":"Beam Cell+1","floor":22}],"player_experience":135763,"relics_obtained":[{"floor":6,"key":"Calipers"},{"floor":9,"key":"Molten Egg 2"},{"floor":24,"key":"Anchor"},{"floor":26,"key":"Dream Catcher"}],"event_choices":[{"event_name":"Shining Light","player_choice":"Ignored","floor":12,"damage_taken":0},{"event_name":"Ghosts","player_choice":"Ignored","floor":19,"damage_taken":0}],"is_beta":false,"boss_relics":[{"not_picked":["FrozenCore","Orrery"],"picked":"Nuclear Battery"}],"items_purged_floors":[2],"is_endless":false,"potions_floor_spawned":[1,5,7,16,18,21,22],"killed_by":"Gremlin Leader","ascension_level":0}