{"gold_per_floor":[366,366,13,13,38,38,79,79,132,166,25,38,51,94,94,190,190,190,190,190,190,190,190,190,190,190,190,190,190],"floor_reached":29,"playtime":1698,"items_purged":["Injury"],"score":518,"play_id":"08750c38-783a-40a9-bc75-7fd7a606dceb","local_time":"20190329142308","is_ascension_mode":true,"campfire_choices":[{"data":"Zap","floor":6.0,"key":"SMITH"},{"floor":8.0,"key":"REST"},{"data":"Defragment","floor":15.0,"key":"SMITH"},{"floor":23.0,"key":"REST"},{"data":"Fission","floor":25,"key":"SMITH"},{"floor":27,"key":"REST"}],"neow_cost":"PERCENT_DAMAGE","seed_source_timestamp":1370953462941476,"circlet_count":0,"master_deck":["AscendersBane","Strike_B","Strike_B","Strike_B","Strike_B","Defend_B","Defend_B","Defend_B+1","Defend_B","Zap+1","Dualcast+1","Sunder+1","Turbo","Self Repair","Self Repair","Defragment+1","Glacier","Rip and Tear","Creative AI","Fission+1","Genetic Algorithm","Ball Lightning","Hologram","FTL"],"special_seed":0,"relics":["Cracked Core","Golden Idol","Runic Capacitor","Ancient Tea Set","Mercury Hourglass","War Paint","Juzu Bracelet","Happy Flower","Ectoplasm","DataDisk","Cables"],"potions_floor_usage":[24,24,28],"damage_taken":[{"damage":4.0,"enemies":"Jaw Worm","floor":1.0,"turns":4.0},{"damage":15.0,"enemies":"3 Sentries","floor":7.0,"turns":6.0},{"damage":16.0,"enemies":"Lagavulin","floor":10.0,"turns":5.0},{"damage":0.0,"enemies":"Small Slimes","floor":12.0,"turns":1.0},{"damage":0.0,"enemies":"Cultist","floor":13.0,"turns":3.0},{"damage":23.0,"enemies":"3 Sentries","floor":14.0,"turns":5.0},{"damage":12.0,"enemies":"The Guardian","floor":16.0,"turns":9.0},{"damage":11.0,"enemies":"Spheric Guardian","floor":18.0,"turns":4.0},{"damage":28.0,"enemies":"3 Byrds","floor":20.0,"turns":4.0},{"damage":45.0,"enemies":"Centurion and Healer","floor":22.0,"turns":12.0},{"damage":28,"enemies":"Gremlin Leader","floor":24,"turns":6},{"damage":45,"enemies":"Shelled Parasite and Fungi","floor":28,"turns":5},{"damage":40,"enemies":"Slavers","floor":29,"turns":3}],"seed_played":"-3538859476512464208","potions_obtained":[{"floor":1.0,"key":"SkillPotion"},{"floor":12.0,"key":"GamblersBrew"},{"floor":14.0,"key":"PowerPotion"},{"floor":24,"key":"Ancient Potion"}],"is_trial":false,"path_per_floor":["M","?","$","?","T","R","E","R","T","E","$","M","M","E","R","B",null,"M","?","M","?","M","R","E","R","T","R","M","E"],"character_chosen":"DEFECT","items_purchased":["Runic Capacitor","Turbo","Defragment","Strength Potion"],"campfire_rested":3,"item_purchase_floors":[3,3,11,11],"current_hp_per_floor":[42,42,42,42,42,42,27,48,48,39,39,39,53,44,44,46,65,68,68,54,54,37,58,44,44,44,65,34,0],"gold":190,"neow_bonus":"TWO_FIFTY_GOLD","is_prod":false,"is_daily":false,"chose_seed":false,"campfire_upgraded":3,"win_rate":0,"timestamp":1553887388,"path_taken":["M","?","$","?","?","R","E","R","T","E","?","M","M","E","R","BOSS","M","?","M","?","M","R","E","R","T","R","M","E"],"build_version":"2019-01-23","purchased_purges":1,"victory":false,"max_hp_per_floor":[71,71,71,71,71,71,71,71,71,71,71,71,71,71,71,71,71,71,71,71,71,71,71,71,71,71,71,71,71],"card_choices":[{"not_picked":["Genetic Algorithm","Barrage"],"picked":"Sunder","floor":1.0},{"not_picked":["Hologram","Stack"],"picked":"Self Repair","floor":7.0},{"not_picked":["Redo","Force Field"],"picked":"Self Repair","floor":10.0},{"not_picked":["Beam Cell","Storm"],"picked":"Glacier","floor":12.0},{"not_picked":["Steam","Rebound"],"picked":"Rip and Tear","floor":13.0},{"not_picked":["Blizzard","Conserve Battery"],"picked":"Creative AI","floor":14.0},{"not_picked":["Amplify","Rainbow"],"picked":"Fission","floor":16.0},{"not_picked":["Force Field","Redo"],"picked":"Genetic Algorithm","floor":18.0},{"not_picked":["Gash","Rebound","Sweeping Beam"],"picked":"SKIP","floor":20.0},{"not_picked":["Steam","Skim"],"picked":"Ball Lightning","floor":22.0},{"not_picked":["Heatsinks","Compile Driver"],"picked":"Hologram","floor":24},{"not_picked":["Recycle","Turbo+1"],"picked":"FTL","floor":28}],"player_experience":956985,"relics_obtained":[{"floor":5.0,"key":"Ancient Tea Set"},{"floor":7.0,"key":"Mercury Hourglass"},{"floor":9.0,"key":"War Paint"},{"floor":10.0,"key":"Juzu Bracelet"},{"floor":14.0,"key":"Happy Flower"},{"floor":24,"key":"DataDisk"},{"floor":26,"key":"Cables"}],"event_choices":[{"damage_healed":0.0,"max_hp_gain":0.0,"max_hp_loss":0.0,"gold_gain":0.0,"event_name":"Golden Idol","player_choice":"Take Wound","floor":2.0,"gold_loss":0.0,"damage_taken":0.0,"relics_obtained":["Golden Idol"],"cards_obtained":["Injury"]},{"damage_healed":0.0,"max_hp_gain":0.0,"max_hp_loss":0.0,"gold_gain":0.0,"event_name":"Living Wall","player_choice":"Grow","floor":4.0,"gold_loss":0.0,"damage_taken":0.0,"cards_upgraded":["Sunder"]},{"damage_healed":0.0,"max_hp_gain":0.0,"max_hp_loss":0.0,"gold_gain":50.0,"event_name":"Golden Shrine","player_choice":"Pray","floor":19.0,"gold_loss":0.0,"damage_taken":0.0},{"damage_healed":0.0,"max_hp_gain":0.0,"max_hp_loss":0.0,"gold_gain":0.0,"event_name":"Vampires","player_choice":"Ignored","floor":21.0,"gold_loss":0.0,"damage_taken":0.0}],"is_beta":false,"boss_relics":[{"not_picked":["Lizard Tail","Orrery"],"picked":"Ectoplasm"}],"items_purged_floors":[3],"is_endless":false,"potions_floor_spawned":[1,12,14,24],"killed_by":"Slavers","ascension_level":20}