{"path_per_floor":["M","?","M","M","M","R","$","R","T","$","E","M","R","M","R","B",null,"M","?","M","?","M","R","M","$","T","M","R","?","E","M","R","B",null,"M","M","M","?","?","R","M","M","T","R","E","M","?","$","R"],"character_chosen":"IRONCLAD","items_purchased":["Battle Trance","Combust","Molten Egg 2","Weak Potion","Secret Weapon","Regen Potion","Rupture"],"gold_per_floor":[111,111,128,140,154,154,79,79,79,44,78,97,97,114,114,213,213,232,412,426,406,416,416,427,48,72,84,84,84,116,132,132,228,228,248,260,276,276,276,276,287,301,383,383,411,424,474,43,43],"floor_reached":50,"campfire_rested":4,"playtime":7659,"current_hp_per_floor":[77,61,61,67,68,68,68,68,68,68,65,68,68,61,61,36,87,75,35,37,37,39,65,56,56,56,57,57,57,60,41,67,36,87,87,51,50,50,72,72,60,45,55,84,66,40,29,29,58],"items_purged":["Strike_R","Defend_R"],"gold":43,"score":496,"play_id":"ac622050-31d8-433b-90b6-9e54d661511a","is_prod":false,"is_daily":false,"is_ascension_mode":false,"campfire_upgraded":6,"path_taken":["M","?","M","M","M","R","$","R","T","$","E","M","R","M","R","BOSS","M","?","M","?","?","R","M","$","T","M","R","?","E","M","R","BOSS","M","M","?","?","?","R","M","?","T","R","E","M","?","$","R","BOSS"],"build_version":"2018-02-12-PROD1","purchased_purges":2,"victory":false,"master_deck":["Strike_R","Strike_R+1","Strike_R","Defend_R+1","Defend_R","Impervious+1","Headbutt","Rampage+1","Bloodletting+1","Infernal Blade+1","Battle Trance","Metallicize","Demon Form+1","Blood for Blood","Fiend Fire","Flex+1","Perfected Strike+1","Spot Weakness+1","Rage+1","Twin Strike+1","Body Slam+1","Combust","True Grit","Intimidate","Barricade+1","Impervious","True Grit","Reckless Charge+1","Disarm","Writhe","Battle Trance+1","Warcry","Bloodletting+1","Fire Breathing","Rupture+1","Secret Weapon","Rupture"],"max_hp_per_floor":[80,80,80,80,80,80,80,80,80,80,87,87,87,87,87,87,87,87,87,87,87,87,87,87,87,87,87,87,87,87,87,87,87,87,87,87,87,87,87,87,87,87,97,97,97,97,97,97,97],"relics":["Burning Blood","Calipers","Strawberry","Astrolabe","Molten Egg 2","Bronze Scales","Orichalcum","Runic Cube","Pear","Lantern","Sundial"],"card_choices":[{"not_picked":["Clash","Perfected Strike"],"picked":"Headbutt"},{"not_picked":["Blood for Blood","Heavy Blade"],"picked":"Rampage"},{"not_picked":["Body Slam","Fire Breathing"],"picked":"Bloodletting"},{"not_picked":["Seeing Red","Heavy Blade"],"picked":"Infernal Blade"},{"not_picked":["Feel No Pain","Cleave"],"picked":"Metallicize"},{"not_picked":["Spot Weakness","Iron Wave"],"picked":"Demon Form"},{"not_picked":["Flex","Clash"],"picked":"Blood for Blood"},{"not_picked":["Reaper","Limit Break"],"picked":"Fiend Fire"},{"not_picked":["Body Slam","Feel No Pain"],"picked":"Rage"},{"not_picked":["Headbutt","Cleave"],"picked":"Twin Strike"},{"not_picked":["Sword Boomerang","Rage"],"picked":"Feel No Pain"},{"not_picked":["Cleave","Shockwave"],"picked":"Body Slam"},{"not_picked":["Warcry","Clash"],"picked":"True Grit"},{"not_picked":["Hemokinesis","Uppercut"],"picked":"Intimidate"},{"not_picked":["Body Slam","Metallicize"],"picked":"Barricade"},{"not_picked":["Brutality","Berserk"],"picked":"Impervious"},{"not_picked":["Iron Wave","Pommel Strike"],"picked":"True Grit"},{"not_picked":["Inflame","Flex"],"picked":"Reckless Charge"},{"not_picked":["Bloodletting","Flame Barrier"],"picked":"Disarm"},{"not_picked":["Sword Boomerang","Heavy Blade"],"picked":"Battle Trance"},{"not_picked":["Sword Boomerang","Headbutt"],"picked":"Warcry"},{"not_picked":["Armaments","Clothesline"],"picked":"Bloodletting"},{"not_picked":["Power Through","Cleave"],"picked":"Fire Breathing"},{"not_picked":["Flame Barrier","Barricade"],"picked":"Rupture"}],"player_experience":16719,"potions_floor_usage":[42,42,45,50,50,50],"damage_taken":[{"damage":9.0,"enemies":"2 Louse","floor":1.0,"turns":3.0},{"damage":6.0,"enemies":"Blue Slaver","floor":3.0,"turns":5.0},{"damage":0.0,"enemies":"Cultist","floor":4.0,"turns":3.0},{"damage":5.0,"enemies":"Looter","floor":5.0,"turns":4.0},{"damage":16.0,"enemies":"3 Sentries","floor":11.0,"turns":4.0},{"damage":3.0,"enemies":"3 Louse","floor":12.0,"turns":3.0},{"damage":13.0,"enemies":"Lots of Slimes","floor":14.0,"turns":4.0},{"damage":31.0,"enemies":"The Guardian","floor":16.0,"turns":8.0},{"damage":18.0,"enemies":"2 Thieves","floor":18.0,"turns":4.0},{"damage":4.0,"enemies":"3 Byrds","floor":20.0,"turns":5.0},{"damage":16.0,"enemies":"Centurion and Healer","floor":22.0,"turns":5.0},{"damage":15.0,"enemies":"Snecko","floor":24.0,"turns":5.0},{"damage":5.0,"enemies":"3 Cultists","floor":27.0,"turns":4.0},{"damage":3.0,"enemies":"Book of Stabbing","floor":30.0,"turns":4.0},{"damage":25.0,"enemies":"Centurion and Healer","floor":31.0,"turns":8.0},{"damage":37.0,"enemies":"Automaton","floor":33.0,"turns":10.0},{"damage":3.0,"enemies":"Orb Walker","floor":35.0,"turns":3.0},{"damage":42,"enemies":"Sphere and 2 Shapes","floor":36,"turns":5},{"damage":7,"enemies":"Maw","floor":37,"turns":9},{"damage":18,"enemies":"4 Shapes","floor":41,"turns":6},{"damage":21,"enemies":"3 Darklings","floor":42,"turns":8},{"damage":24,"enemies":"Giant Head","floor":45,"turns":8},{"damage":32,"enemies":"Sphere and 2 Shapes","floor":46,"turns":8},{"damage":17,"enemies":"Mysterious Sphere","floor":47,"turns":5},{"damage":88,"enemies":"Awakened One","floor":50,"turns":6}],"event_choices":[{"event_name":"Shining Light","player_choice":"Entered Light","floor":2.0,"damage_taken":0.0},{"event_name":"Knowing Skull","player_choice":"GOLD GOLD POTION POTION ","floor":19.0,"damage_taken":0.0},{"event_name":"The Woman in Blue","player_choice":"Bought 1 Potion","floor":21.0,"damage_taken":0.0},{"event_name":"The Mausoleum","player_choice":"No","floor":29.0,"damage_taken":0.0},{"event_name":"Winding Halls","player_choice":"Writhe","floor":39,"damage_taken":0},{"event_name":"Mysterious Sphere","player_choice":"Fight","floor":47,"damage_taken":0}],"boss_relics":[],"potions_floor_spawned":[4,11,14,20,27,33,37,41,42,47],"seed_played":"-8733731085688861625","killed_by":"Awakened One","ascension_level":0,"is_trial":false}