{"gold_per_floor":[115,129,95,95,112,143,158,158,158,333,333,22,22,350,350,350],"floor_reached":16,"playtime":630,"items_purged":[],"score":184,"play_id":"b9e74ede-92e6-43dc-a539-2c36260311b2","local_time":"20190105174016","is_ascension_mode":true,"campfire_choices":[{"data":"Combust","floor":8,"key":"SMITH"},{"data":"Cleave","floor":11,"key":"SMITH"},{"data":"Regret","floor":13,"key":"PURGE"},{"data":"Doubt","floor":15,"key":"PURGE"}],"neow_cost":"NONE","seed_source_timestamp":275638935559430,"circlet_count":0,"master_deck":["AscendersBane","Strike_R","Strike_R","Strike_R","Strike_R","Strike_R","Defend_R","Defend_R","Defend_R","Defend_R","Bash","Infernal Blade","Iron Wave","Combust+1","Clothesline","Cleave+1","Seeing Red","Flame Barrier"],"special_seed":0,"relics":["Burning Blood","NeowsBlessing","Thread and Needle","WingedGreaves","StoneCalendar","Peace Pipe","Old Coin"],"potions_floor_usage":[16],"damage_taken":[{"damage":0.0,"enemies":"Small Slimes","floor":1.0,"turns":1.0},{"damage":0.0,"enemies":"Jaw Worm","floor":2.0,"turns":1.0},{"damage":0.0,"enemies":"2 Louse","floor":5.0,"turns":1.0},{"damage":24.0,"enemies":"3 Sentries","floor":6.0,"turns":7.0},{"damage":9,"enemies":"Exordium Wildlife","floor":7,"turns":3},{"damage":29,"enemies":"Lagavulin","floor":14,"turns":7},{"damage":33,"enemies":"The Guardian","floor":16,"turns":10}],"seed_played":"9037163508886668030","potions_obtained":[{"floor":1.0,"key":"Fire Potion"},{"floor":2.0,"key":"GamblersBrew"},{"floor":14,"key":"SkillPotion"}],"is_trial":false,"path_per_floor":["M","M","$","?","M","E","M","R","T","?","R","$","R","E","R","B"],"character_chosen":"IRONCLAD","items_purchased":["Combust","Peace Pipe"],"campfire_rested":0,"item_purchase_floors":[3,12],"current_hp_per_floor":[74,75,75,75,75,57,54,54,54,54,54,54,54,31,31,0],"gold":350,"neow_bonus":"THREE_ENEMY_KILL","is_prod":false,"is_daily":false,"chose_seed":false,"campfire_upgraded":2,"win_rate":0,"timestamp":1546728016,"path_taken":["M","M","$","?","M","E","M","R","T","?","R","$","R","E","R","BOSS"],"build_version":"2019-01-03v4","purchased_purges":0,"victory":false,"max_hp_per_floor":[75,75,75,75,75,75,75,75,75,75,75,75,75,75,75,75],"card_choices":[{"not_picked":["Headbutt","Clash"],"picked":"Infernal Blade","floor":1.0},{"not_picked":["Flex","Heavy Blade"],"picked":"Iron Wave","floor":2.0},{"not_picked":["Shrug It Off","Pommel Strike"],"picked":"Clothesline","floor":5.0},{"not_picked":["Twin Strike","Thunderclap"],"picked":"Cleave","floor":6},{"not_picked":["Warcry","Armaments"],"picked":"Seeing Red","floor":7},{"not_picked":["Feel No Pain","Body Slam"],"picked":"Flame Barrier","floor":14}],"player_experience":511980,"relics_obtained":[{"floor":6,"key":"WingedGreaves"},{"floor":9,"key":"StoneCalendar"},{"floor":14,"key":"Old Coin"}],"event_choices":[{"damage_healed":0.0,"max_hp_gain":0.0,"max_hp_loss":0.0,"gold_gain":0.0,"event_name":"Big Fish","player_choice":"Box","floor":4.0,"gold_loss":0.0,"damage_taken":0.0,"relics_obtained":["Thread and Needle"],"cards_obtained":["Regret"]},{"damage_healed":0,"gold_gain":175,"player_choice":"AGREE","damage_taken":0,"max_hp_gain":0,"max_hp_loss":0,"event_name":"Liars Game","floor":10,"gold_loss":0,"cards_obtained":["Doubt"]}],"is_beta":false,"boss_relics":[],"items_purged_floors":[],"is_endless":false,"potions_floor_spawned":[1,2,14],"killed_by":"The Guardian","ascension_level":14}