{"gold_per_floor":[113,129,141,141,20,20,55,55,81,97,122,132,152,179,179,251,251,266,280,291,63,63,63,96,11,46,58],"floor_reached":27,"playtime":1300,"items_purged":[],"score":506,"play_id":"39ec7c53-5755-4176-a5f2-de20f9a32c03","local_time":"20190414161500","is_ascension_mode":true,"campfire_choices":[{"data":"Lockon","floor":6.0,"key":"SMITH"},{"floor":8.0,"key":"REST"},{"floor":15.0,"key":"REST"},{"data":"Defragment","floor":23.0,"key":"SMITH"}],"neow_cost":"NONE","seed_source_timestamp":287575018552076,"circlet_count":0,"master_deck":["AscendersBane","Strike_B","Strike_B","Strike_B","Strike_B","Defend_B","Defend_B","Defend_B","Defend_B","Zap+1","Dualcast","Static Discharge+1","Leap","Ball Lightning","Defragment+1","Lockon+1","Reinforced Body","Loop","Defragment","Stack","Stack","Auto Shields","Core Surge","Auto Shields","Stack","Ghostly","Ghostly","Ghostly","Hologram"],"special_seed":0,"relics":["Cracked Core","Vajra","Happy Flower","Shuriken","Bag of Preparation","Inserter","Toy Ornithopter","Regal Pillow","MawBank"],"potions_floor_usage":[24,27],"damage_taken":[{"damage":0.0,"enemies":"Cultist","floor":1.0,"turns":3.0},{"damage":3.0,"enemies":"2 Louse","floor":2.0,"turns":3.0},{"damage":3.0,"enemies":"Jaw Worm","floor":3.0,"turns":3.0},{"damage":32.0,"enemies":"3 Sentries","floor":7.0,"turns":5.0},{"damage":0.0,"enemies":"Large Slime","floor":10.0,"turns":4.0},{"damage":15.0,"enemies":"Lagavulin","floor":11.0,"turns":5.0},{"damage":6.0,"enemies":"Looter","floor":12.0,"turns":3.0},{"damage":2.0,"enemies":"Exordium Thugs","floor":13.0,"turns":4.0},{"damage":12.0,"enemies":"Gremlin Nob","floor":14.0,"turns":3.0},{"damage":13.0,"enemies":"Hexaghost","floor":16.0,"turns":6.0},{"damage":5.0,"enemies":"3 Byrds","floor":18.0,"turns":2.0},{"damage":23.0,"enemies":"Spheric Guardian","floor":19.0,"turns":4.0},{"damage":7.0,"enemies":"Snecko","floor":20.0,"turns":6.0},{"damage":24,"enemies":"Slavers","floor":24,"turns":3},{"damage":26,"enemies":"Gremlin Leader","floor":27,"turns":4}],"seed_played":"5710712912789127085","potions_obtained":[{"floor":3.0,"key":"Dexterity Potion"},{"floor":11.0,"key":"Explosive Potion"},{"floor":19.0,"key":"Fruit Juice"},{"floor":20.0,"key":"FearPotion"},{"floor":24,"key":"AttackPotion"}],"is_trial":false,"path_per_floor":["M","M","M","?","$","R","E","R","T","M","E","M","M","E","R","B",null,"M","M","M","$","?","R","E","?","T","E"],"character_chosen":"DEFECT","items_purchased":["Defragment","Lockon","Toy Ornithopter"],"campfire_rested":2,"item_purchase_floors":[5,5,21],"current_hp_per_floor":[64,61,58,58,58,58,26,47,47,47,32,26,24,12,33,20,58,53,30,28,28,28,28,9,9,9,0],"gold":58,"neow_bonus":"UPGRADE_CARD","is_prod":false,"is_daily":false,"chose_seed":false,"campfire_upgraded":2,"win_rate":0,"timestamp":1555276500,"path_taken":["M","M","M","?","$","R","E","R","T","M","E","M","M","E","R","BOSS","M","M","M","$","?","R","E","?","T","E"],"build_version":"2019-01-23","purchased_purges":0,"victory":false,"max_hp_per_floor":[71,71,71,71,71,71,71,71,71,71,71,71,71,71,71,71,71,71,71,76,76,38,38,38,38,38,38],"card_choices":[{"not_picked":["Turbo","Reinforced Body"],"picked":"Static Discharge","floor":1.0},{"not_picked":["Heatsinks","Hologram"],"picked":"Leap","floor":2.0},{"not_picked":["Recycle","Barrage"],"picked":"Ball Lightning","floor":3.0},{"not_picked":["Cold Snap","Rebound"],"picked":"Reinforced Body","floor":7.0},{"not_picked":["Steam","Capacitor"],"picked":"Loop","floor":10.0},{"not_picked":["Hologram","Barrage"],"picked":"Defragment","floor":11.0},{"not_picked":["Doom and Gloom","Leap"],"picked":"Stack","floor":12.0},{"not_picked":["Cold Snap","Self Repair"],"picked":"Stack","floor":13.0},{"not_picked":["Storm","Ball Lightning"],"picked":"Auto Shields","floor":14.0},{"not_picked":["All For One","Reboot"],"picked":"Core Surge","floor":16.0},{"not_picked":["Streamline","Chaos","Reinforced Body"],"picked":"SKIP","floor":18.0},{"not_picked":["Blizzard","Barrage"],"picked":"Auto Shields","floor":19.0},{"not_picked":["Sunder","Barrage"],"picked":"Stack","floor":20.0},{"not_picked":["Sweeping Beam","Conserve Battery"],"picked":"Hologram","floor":24}],"player_experience":1058742,"relics_obtained":[{"floor":7.0,"key":"Vajra"},{"floor":9.0,"key":"Happy Flower"},{"floor":11.0,"key":"Shuriken"},{"floor":14.0,"key":"Bag of Preparation"},{"floor":24,"key":"Regal Pillow"}],"event_choices":[{"damage_healed":0.0,"max_hp_gain":0.0,"max_hp_loss":0.0,"gold_gain":0.0,"event_name":"Living Wall","player_choice":"Grow","floor":4.0,"gold_loss":0.0,"damage_taken":0.0,"cards_upgraded":["Static Discharge"]},{"damage_healed":0.0,"max_hp_gain":0.0,"max_hp_loss":38.0,"gold_gain":0.0,"event_name":"Ghosts","player_choice":"Became a Ghost","floor":22.0,"gold_loss":0.0,"damage_taken":0.0,"cards_obtained":["Ghostly","Ghostly","Ghostly"]},{"damage_healed":0,"gold_gain":0,"player_choice":"Obtained Relic","damage_taken":0,"relics_obtained":["MawBank"],"max_hp_gain":0,"max_hp_loss":0,"event_name":"Addict","floor":25,"gold_loss":85}],"is_beta":false,"boss_relics":[{"not_picked":["FrozenCore","Snecko Eye"],"picked":"Inserter"}],"items_purged_floors":[],"is_endless":false,"potions_floor_spawned":[3,11,13,14,19,20,24],"killed_by":"Gremlin Leader","ascension_level":20}