{"gold_per_floor":[118,130,140,158,176,211,227,227,278,64,64,75,75,93,93,197,197,215,130,52,52,72,72,87,87,87,87,87,87,12,40,40,144,144,162,177,177,194,194,194,212,227,227,227,243,243,243,9,9,9],"floor_reached":50,"playtime":1590,"items_purged":["Writhe"],"score":489,"play_id":"01736f5b-27e5-49c3-8e20-9b55d80d67ec","local_time":"20190213202210","is_ascension_mode":false,"campfire_choices":[{"data":"Searing Blow","floor":11.0,"key":"SMITH"},{"data":"Searing Blow+1","floor":13.0,"key":"SMITH"},{"data":"Searing Blow+2","floor":15.0,"key":"SMITH"},{"data":"Perfected Strike","floor":23.0,"key":"SMITH"},{"data":"Perfected Strike","floor":25.0,"key":"SMITH"},{"data":"Searing Blow+3","floor":27.0,"key":"SMITH"},{"data":"Searing Blow+4","floor":32.0,"key":"SMITH"},{"data":"Limit Break","floor":40.0,"key":"SMITH"},{"floor":44.0,"key":"RECALL"},{"floor":49,"key":"REST"}],"neow_cost":"NONE","seed_source_timestamp":59933598925598,"circlet_count":0,"master_deck":["Strike_R","Strike_R","Strike_R","Strike_R","Defend_R","Defend_R","Defend_R","Defend_R","Bash","Power Through","Twin Strike","Disarm+1","Perfected Strike+1","Spot Weakness","Limit Break+1","Shrug It Off","Immolate","Thunderclap","Searing Blow+5","Wild Strike","Demon Form","Flame Barrier+1","Dual Wield","Perfected Strike+1","Havoc","Writhe","Evolve","Limit Break+1","Battle Trance+1","Searing Blow+5","Wild Strike+1","Trip+1","Pommel Strike","Feel No Pain+1","Clumsy","True Grit+1","Sentinel"],"special_seed":0,"relics":["Burning Blood","Bronze Scales","Red Skull","Potion Belt","Art of War","Cursed Key","Oddly Smooth Stone","Mummified Hand","MutagenicStrength","Juzu Bracelet","Sozu","Girya","War Paint"],"potions_floor_usage":[],"damage_taken":[{"damage":0.0,"enemies":"2 Louse","floor":1.0,"turns":3.0},{"damage":1.0,"enemies":"Cultist","floor":2.0,"turns":3.0},{"damage":2.0,"enemies":"Small Slimes","floor":3.0,"turns":4.0},{"damage":4.0,"enemies":"Red Slaver","floor":4.0,"turns":4.0},{"damage":8.0,"enemies":"Large Slime","floor":5.0,"turns":6.0},{"damage":34.0,"enemies":"Gremlin Nob","floor":6.0,"turns":4.0},{"damage":5.0,"enemies":"2 Fungi Beasts","floor":7.0,"turns":3.0},{"damage":21.0,"enemies":"Exordium Wildlife","floor":12.0,"turns":5.0},{"damage":0.0,"enemies":"Gremlin Gang","floor":14.0,"turns":2.0},{"damage":26.0,"enemies":"Hexaghost","floor":16.0,"turns":6.0},{"damage":0.0,"enemies":"3 Byrds","floor":18.0,"turns":3.0},{"damage":18.0,"enemies":"Spheric Guardian","floor":22.0,"turns":4.0},{"damage":7.0,"enemies":"Snake Plant","floor":24.0,"turns":4.0},{"damage":22.0,"enemies":"Book of Stabbing","floor":31.0,"turns":5.0},{"damage":31.0,"enemies":"Champ","floor":33.0,"turns":6.0},{"damage":12.0,"enemies":"3 Darklings","floor":35.0,"turns":3.0},{"damage":6.0,"enemies":"3 Shapes","floor":36.0,"turns":3.0},{"damage":0.0,"enemies":"Sphere and 2 Shapes","floor":38.0,"turns":2.0},{"damage":36.0,"enemies":"Spire Growth","floor":41.0,"turns":4.0},{"damage":26.0,"enemies":"Writhing Mass","floor":42.0,"turns":4.0},{"damage":3.0,"enemies":"Maw","floor":45.0,"turns":5.0},{"damage":58,"enemies":"Awakened One","floor":50,"turns":5}],"seed_played":"1414913405977387632","potions_obtained":[{"floor":1.0,"key":"PowerPotion"},{"floor":4.0,"key":"SpeedPotion"},{"floor":5.0,"key":"Weak Potion"},{"floor":12.0,"key":"SteroidPotion"},{"floor":16.0,"key":"Block Potion"},{"floor":22.0,"key":"Block Potion"},{"floor":31.0,"key":"AttackPotion"}],"is_trial":false,"path_per_floor":["M","M","M","M","M","E","M","?","T","$","R","M","R","M","R","B",null,"M","?","$","?","M","R","M","R","T","R","?","?","$","E","R","B",null,"M","M","?","M","?","R","M","M","T","R","M","?","?","$","R","B"],"character_chosen":"IRONCLAD","items_purchased":["Art of War","Searing Blow","Dual Wield","War Paint","Sentinel"],"campfire_rested":1,"item_purchase_floors":[10,10,20,48,48],"current_hp_per_floor":[80,80,80,80,78,50,51,51,51,51,51,36,36,42,42,22,80,80,80,80,80,68,68,67,67,67,67,67,67,67,51,51,26,80,74,74,74,80,80,80,50,30,30,30,33,33,33,33,57,0],"gold":9,"neow_bonus":"RANDOM_COMMON_RELIC","is_prod":false,"is_daily":false,"chose_seed":false,"campfire_upgraded":8,"win_rate":0,"timestamp":1550107330,"path_taken":["M","M","M","M","M","E","M","?","T","$","R","M","R","M","R","BOSS","M","?","$","?","?","R","M","R","T","R","?","?","$","E","R","BOSS","M","M","?","M","?","R","M","M","T","R","M","?","?","$","R","BOSS"],"build_version":"2019-01-23","purchased_purges":1,"victory":false,"max_hp_per_floor":[80,80,80,80,80,80,80,80,80,80,80,80,80,80,80,80,80,80,80,80,80,80,80,80,80,80,80,80,80,80,80,80,80,80,80,80,80,80,80,80,80,80,80,80,80,80,80,80,80,80],"card_choices":[{"not_picked":["Dual Wield","Havoc"],"picked":"Power Through","floor":1.0},{"not_picked":["Seeing Red","Rupture"],"picked":"Twin Strike","floor":2.0},{"not_picked":["Pommel Strike","Thunderclap"],"picked":"Disarm","floor":3.0},{"not_picked":["Inflame","Rampage"],"picked":"Perfected Strike","floor":4.0},{"not_picked":["Clash","Metallicize"],"picked":"Spot Weakness","floor":5.0},{"not_picked":["True Grit","Exhume"],"picked":"Limit Break","floor":6.0},{"not_picked":["Havoc","Entrench"],"picked":"Shrug It Off","floor":7.0},{"not_picked":["Warcry","Pommel Strike"],"picked":"Wild Strike","floor":12.0},{"not_picked":["Blood for Blood","Flex","Anger"],"picked":"SKIP","floor":14.0},{"not_picked":["Berserk","Brutality"],"picked":"Demon Form","floor":16.0},{"not_picked":["Flex","Whirlwind"],"picked":"Flame Barrier+1","floor":18.0},{"not_picked":["Rampage","Anger+1"],"picked":"Perfected Strike","floor":22.0},{"not_picked":["Uppercut","Thunderclap"],"picked":"Havoc","floor":24.0},{"not_picked":["Rage+1","Clash"],"picked":"Evolve","floor":31.0},{"not_picked":["Fiend Fire","Brutality"],"picked":"Limit Break","floor":33.0},{"not_picked":["Combust+1","Dropkick+1","Rupture"],"picked":"SKIP","floor":35.0},{"not_picked":["Seeing Red","Havoc"],"picked":"Battle Trance+1","floor":36.0},{"not_picked":["Sever Soul+1","Shrug It Off"],"picked":"Wild Strike+1","floor":38.0},{"not_picked":["Blind","Flash of Steel"],"picked":"Trip","floor":39.0},{"not_picked":["Sever Soul+1","Anger"],"picked":"Pommel Strike","floor":41.0},{"not_picked":["Armaments","Hemokinesis"],"picked":"Feel No Pain+1","floor":42.0},{"not_picked":["Clothesline+1","Infernal Blade+1"],"picked":"True Grit+1","floor":45.0}],"player_experience":658081,"relics_obtained":[{"floor":6.0,"key":"Red Skull"},{"floor":9.0,"key":"Potion Belt"},{"floor":31.0,"key":"Juzu Bracelet"},{"floor":43.0,"key":"Girya"}],"event_choices":[{"damage_healed":0.0,"max_hp_gain":0.0,"max_hp_loss":0.0,"gold_gain":0.0,"event_name":"Match and Keep!","player_choice":"2 cards matched","floor":8.0,"gold_loss":0.0,"damage_taken":0.0,"cards_obtained":["Immolate","Thunderclap"]},{"damage_healed":0.0,"max_hp_gain":0.0,"max_hp_loss":0.0,"gold_gain":0.0,"event_name":"Addict","player_choice":"Obtained Relic","floor":19.0,"gold_loss":85.0,"damage_taken":0.0,"relics_obtained":["Oddly Smooth Stone"]},{"damage_healed":0.0,"max_hp_gain":0.0,"max_hp_loss":0.0,"gold_gain":0.0,"event_name":"The Woman in Blue","player_choice":"Bought 0 Potions","floor":21.0,"gold_loss":0.0,"damage_taken":0.0},{"damage_healed":0.0,"max_hp_gain":0.0,"max_hp_loss":0.0,"gold_gain":0.0,"event_name":"The Mausoleum","player_choice":"Opened","floor":28.0,"gold_loss":0.0,"damage_taken":0.0,"relics_obtained":["Mummified Hand"],"cards_obtained":["Writhe"]},{"damage_healed":0.0,"max_hp_gain":0.0,"max_hp_loss":0.0,"gold_gain":0.0,"event_name":"Drug Dealer","player_choice":"Inject Mutagens","floor":29.0,"gold_loss":0.0,"damage_taken":0.0,"relics_obtained":["MutagenicStrength"]},{"damage_healed":0.0,"max_hp_gain":0.0,"max_hp_loss":0.0,"gold_gain":0.0,"event_name":"Duplicator","player_choice":"Copied","floor":37.0,"gold_loss":0.0,"damage_taken":0.0,"cards_obtained":["Searing Blow"]},{"damage_healed":0.0,"max_hp_gain":0.0,"max_hp_loss":0.0,"gold_gain":0.0,"event_name":"SensoryStone","player_choice":"Memory 1","floor":39.0,"gold_loss":0.0,"damage_taken":0.0},{"cards_removed":["Strike_R"],"damage_healed":0.0,"max_hp_gain":0.0,"max_hp_loss":0.0,"gold_gain":0.0,"event_name":"Falling","player_choice":"Removed Attack","floor":46.0,"gold_loss":0.0,"damage_taken":0.0},{"damage_healed":0.0,"max_hp_gain":0.0,"max_hp_loss":0.0,"gold_gain":0.0,"event_name":"Upgrade Shrine","player_choice":"Upgraded","floor":47.0,"gold_loss":0.0,"damage_taken":0.0,"cards_upgraded":["Limit Break"]}],"is_beta":false,"boss_relics":[{"not_picked":["Calling Bell","Ectoplasm"],"picked":"Cursed Key"},{"not_picked":["Runic Cube","Velvet Choker"],"picked":"Sozu"}],"items_purged_floors":[30],"is_endless":false,"potions_floor_spawned":[1,4,5,12,16,22,31,38,41,42],"killed_by":"Awakened One","ascension_level":0}