{"gold_per_floor":[112,124,141,155,0,0,18,45,70,40,40,70,70,87,87,185,185,203,203,203,217,231,231,247,162,162,194,194,44,44,58,58,163,163,175,175,192,209,8,8,24,24,24,24,24,124,144,157,157,157],"floor_reached":51,"playtime":6366,"items_purged":["Strike_G"],"score":629,"play_id":"32f099a9-60a9-4efb-b0b7-0d0c32fafcb5","local_time":"20190504095715","is_ascension_mode":false,"campfire_choices":[{"data":"Noxious Fumes","floor":6.0,"key":"SMITH"},{"floor":15.0,"key":"REST"},{"floor":23.0,"key":"REST"},{"floor":28.0,"key":"REST"},{"data":"Noxious Fumes","floor":30.0,"key":"SMITH"},{"floor":32.0,"key":"REST"},{"data":"A Thousand Cuts","floor":40.0,"key":"SMITH"},{"data":"Noxious Fumes","floor":42.0,"key":"SMITH"},{"data":"Apotheosis","floor":45.0,"key":"SMITH"},{"floor":49,"key":"REST"}],"neow_cost":"NONE","seed_source_timestamp":0,"circlet_count":0,"master_deck":["Defend_G","Defend_G","Defend_G","Defend_G","Strike_G","Strike_G","Strike_G","Survivor","Neutralize+1","Dagger Spray+1","Outmaneuver","Footwork+1","Dagger Spray","Noxious Fumes+1","Dagger Throw","Footwork","PiercingWail","Acrobatics","Caltrops","A Thousand Cuts+1","Dodge and Roll+1","Dodge and Roll+1","Noxious Fumes+1","Noxious Fumes+1","Footwork","Burst","PiercingWail+1","Apotheosis+1","Flying Knee+1"],"special_seed":0,"relics":["Ring of the Snake","Pantograph","Pen Nib","Whetstone","Lizard Tail","Oddly Smooth Stone","Dead Branch","Orichalcum","Bag of Preparation","Eternal Feather","Toy Ornithopter","Bottled Lightning","Shovel","Pocketwatch"],"potions_floor_usage":[],"damage_taken":[{"damage":0.0,"enemies":"Cultist","floor":1.0,"turns":4.0},{"damage":0.0,"enemies":"2 Louse","floor":2.0,"turns":2.0},{"damage":0.0,"enemies":"Jaw Worm","floor":3.0,"turns":6.0},{"damage":0.0,"enemies":"3 Louse","floor":4.0,"turns":4.0},{"damage":1.0,"enemies":"2 Fungi Beasts","floor":7.0,"turns":3.0},{"damage":22.0,"enemies":"3 Sentries","floor":8.0,"turns":6.0},{"damage":0.0,"enemies":"Looter","floor":10.0,"turns":4.0},{"damage":19.0,"enemies":"Gremlin Nob","floor":12.0,"turns":5.0},{"damage":5.0,"enemies":"Large Slime","floor":14.0,"turns":5.0},{"damage":21.0,"enemies":"Slime Boss","floor":16.0,"turns":9.0},{"damage":7.0,"enemies":"3 Byrds","floor":18.0,"turns":4.0},{"damage":26.0,"enemies":"Colosseum Slavers","floor":20.0,"turns":5.0},{"damage":7.0,"enemies":"Shell Parasite","floor":21.0,"turns":7.0},{"damage":5.0,"enemies":"Shelled Parasite and Fungi","floor":22.0,"turns":8.0},{"damage":15.0,"enemies":"Snecko","floor":24.0,"turns":5.0},{"damage":50.0,"enemies":"Slavers","floor":27.0,"turns":7.0},{"damage":13.0,"enemies":"Snake Plant","floor":31.0,"turns":7.0},{"damage":42.0,"enemies":"Collector","floor":33.0,"turns":11.0},{"damage":0.0,"enemies":"3 Shapes","floor":35.0,"turns":3.0},{"damage":9.0,"enemies":"Orb Walker","floor":37.0,"turns":6.0},{"damage":32.0,"enemies":"Jaw Worm Horde","floor":38.0,"turns":7.0},{"damage":7.0,"enemies":"Writhing Mass","floor":41.0,"turns":9.0},{"damage":0.0,"enemies":"Mind Bloom Boss Battle","floor":46.0,"turns":8.0},{"damage":4,"enemies":"Spire Growth","floor":47,"turns":7},{"damage":53,"enemies":"Jaw Worm Horde","floor":48,"turns":6},{"damage":54,"enemies":"Time Eater","floor":50,"turns":14}],"seed_played":"9207443824589103724","potions_obtained":[{"floor":2.0,"key":"AttackPotion"},{"floor":4.0,"key":"Weak Potion"},{"floor":7.0,"key":"Poison Potion"},{"floor":21.0,"key":"PowerPotion"},{"floor":24.0,"key":"GhostInAJar"},{"floor":33.0,"key":"Weak Potion"},{"floor":35.0,"key":"Regen Potion"},{"floor":37.0,"key":"Fire Potion"}],"is_trial":false,"path_per_floor":["M","M","M","M","$","R","M","E","T","M","?","E","?","M","R","B",null,"M","?","?","M","M","R","M","?","T","E","R","$","R","M","R","B",null,"M","?","M","M","$","R","M","R","T","?","R","?","M","M","R","B",null],"character_chosen":"THE_SILENT","items_purchased":["Noxious Fumes","Bag of Preparation","Toy Ornithopter"],"campfire_rested":5,"item_purchase_floors":[5,29,39],"current_hp_per_floor":[77,77,77,77,77,77,76,54,54,54,47,28,28,23,46,50,77,70,70,44,37,32,55,40,40,40,35,58,58,58,45,68,35,77,77,77,68,51,51,66,59,77,77,77,77,77,73,20,58,23],"gold":157,"neow_bonus":"TEN_PERCENT_HP_BONUS","is_prod":false,"is_daily":false,"chose_seed":false,"campfire_upgraded":5,"win_rate":0.0,"timestamp":1556956635,"path_taken":["M","M","M","M","$","R","M","E","T","?","?","E","?","M","R","BOSS","M","?","?","M","M","R","M","?","T","E","R","$","R","M","R","BOSS","M","?","M","M","$","R","M","R","T","?","R","?","M","?","R","BOSS"],"build_version":"2019-01-23","purchased_purges":1,"victory":true,"max_hp_per_floor":[77,77,77,77,77,77,77,77,77,77,77,77,77,77,77,77,77,77,77,77,77,77,77,77,77,77,77,77,77,77,77,77,77,77,77,77,77,77,77,77,77,77,77,77,77,77,77,77,77,77],"card_choices":[{"not_picked":["Deflect","Dagger Throw"],"picked":"Dagger Spray","floor":1.0},{"not_picked":["Dodge and Roll","Slice"],"picked":"Outmaneuver","floor":2.0},{"not_picked":["Deadly Poison","Dagger Spray"],"picked":"Footwork","floor":3.0},{"not_picked":["Choke","Dodge and Roll"],"picked":"Dagger Spray","floor":4.0},{"not_picked":["Terror","Poisoned Stab"],"picked":"Dagger Throw","floor":7.0},{"not_picked":["Eviscerate","Escape Plan"],"picked":"Footwork","floor":8.0},{"not_picked":["Masterful Stab","Well Laid Plans"],"picked":"PiercingWail","floor":10.0},{"not_picked":["Underhanded Strike","Prepared"],"picked":"Acrobatics","floor":12.0},{"not_picked":["Deflect","PiercingWail"],"picked":"Caltrops","floor":14.0},{"not_picked":["Glass Knife","Unload"],"picked":"A Thousand Cuts","floor":16.0},{"not_picked":["Endless Agony","Underhanded Strike+1"],"picked":"Dodge and Roll+1","floor":18.0},{"not_picked":["Riddle With Holes","Outmaneuver"],"picked":"Dodge and Roll+1","floor":21.0},{"not_picked":["Deflect","Blade Dance","Underhanded Strike+1"],"picked":"SKIP","floor":22.0},{"not_picked":["Heel Hook","Flechettes"],"picked":"Noxious Fumes","floor":24.0},{"not_picked":["Dagger Spray","Backflip"],"picked":"Noxious Fumes","floor":27.0},{"not_picked":["Riddle With Holes","Expertise"],"picked":"Footwork","floor":31.0},{"not_picked":["Bullet Time","Wraith Form v2"],"picked":"Burst","floor":33.0},{"not_picked":["Heel Hook","Finisher"],"picked":"PiercingWail+1","floor":35.0},{"not_picked":["Purity","Master of Strategy"],"picked":"Apotheosis","floor":36.0},{"not_picked":["Prepared","Quick Slash+1","Leg Sweep"],"picked":"SKIP","floor":37.0},{"not_picked":["Quick Slash+1","Dagger Throw+1","Endless Agony"],"picked":"SKIP","floor":38.0},{"not_picked":["Underhanded Strike","Predator+1"],"picked":"Flying Knee+1","floor":41.0},{"not_picked":["Riddle With Holes+1","Poisoned Stab","Masterful Stab"],"picked":"SKIP","floor":47},{"not_picked":["Backflip","Underhanded Strike","Deadly Poison"],"picked":"SKIP","floor":48}],"player_experience":86473,"relics_obtained":[{"floor":8.0,"key":"Pantograph"},{"floor":9.0,"key":"Pen Nib"},{"floor":12.0,"key":"Whetstone"},{"floor":26.0,"key":"Dead Branch"},{"floor":27.0,"key":"Orichalcum"},{"floor":43.0,"key":"Bottled Lightning"},{"floor":46.0,"key":"Shovel"},{"floor":46.0,"key":"Pocketwatch"}],"event_choices":[{"cards_removed":["Strike_G"],"damage_healed":0.0,"max_hp_gain":0.0,"max_hp_loss":0.0,"gold_gain":0.0,"event_name":"Golden Wing","player_choice":"Card Removal","floor":11.0,"gold_loss":0.0,"damage_taken":7.0},{"damage_healed":0.0,"max_hp_gain":0.0,"max_hp_loss":0.0,"gold_gain":0.0,"event_name":"Living Wall","player_choice":"Grow","floor":13.0,"gold_loss":0.0,"damage_taken":0.0,"cards_upgraded":["Footwork"]},{"damage_healed":0.0,"max_hp_gain":0.0,"max_hp_loss":0.0,"gold_gain":0.0,"event_name":"Ghosts","player_choice":"Ignored","floor":19.0,"gold_loss":0.0,"damage_taken":0.0},{"damage_healed":0.0,"max_hp_gain":0.0,"max_hp_loss":0.0,"gold_gain":0.0,"event_name":"Colosseum","player_choice":"Fight","floor":20.0,"gold_loss":0.0,"damage_taken":0.0},{"damage_healed":0.0,"max_hp_gain":0.0,"max_hp_loss":0.0,"gold_gain":0.0,"event_name":"Colosseum","player_choice":"Fled From Nobs","floor":20.0,"gold_loss":0.0,"damage_taken":0.0},{"damage_healed":0.0,"max_hp_gain":0.0,"max_hp_loss":0.0,"gold_gain":0.0,"event_name":"Addict","player_choice":"Obtained Relic","floor":25.0,"gold_loss":85.0,"damage_taken":0.0,"relics_obtained":["Oddly Smooth Stone"]},{"damage_healed":0.0,"max_hp_gain":0.0,"max_hp_loss":0.0,"gold_gain":0.0,"event_name":"SensoryStone","player_choice":"Memory 1","floor":36.0,"gold_loss":0.0,"damage_taken":0.0},{"cards_removed":["Defend_G"],"damage_healed":0.0,"max_hp_gain":0.0,"max_hp_loss":0.0,"gold_gain":0.0,"event_name":"Falling","player_choice":"Removed Skill","floor":44.0,"gold_loss":0.0,"damage_taken":0.0},{"damage_healed":0.0,"max_hp_gain":0.0,"max_hp_loss":0.0,"gold_gain":0.0,"event_name":"MindBloom","player_choice":"Fight","floor":46.0,"gold_loss":0.0,"damage_taken":0.0}],"is_beta":false,"boss_relics":[{"not_picked":["White Beast Statue","Orrery"],"picked":"Lizard Tail"},{"not_picked":["Runic Dome","Runic Pyramid"],"picked":"Eternal Feather"}],"items_purged_floors":[5],"is_endless":false,"potions_floor_spawned":[2,4,7,21,24,33,35,37],"ascension_level":0}