{"gold_per_floor":[363,383,398,398,573,600,600,614,614,267,278,298,51,69,69,171,171,190,103,53,71,85,85,99,130,153,153,173,173,191,206,206,304,304,324,29,43,70,85,85,104,114,138,138,138,138,156,171,171,171],"floor_reached":50,"playtime":1564,"items_purged":["Doubt"],"score":547,"play_id":"65df2665-1a09-4e48-a8b5-cc8a42f0c15c","local_time":"20180910205455","is_ascension_mode":false,"campfire_choices":[{"data":"Armaments","floor":7,"key":"SMITH"},{"data":"Armaments","floor":15,"key":"SMITH"},{"data":"Barricade","floor":23,"key":"SMITH"},{"floor":32,"key":"REST"},{"floor":40,"key":"REST"},{"floor":46,"key":"REST"},{"floor":49,"key":"REST"}],"neow_cost":"TEN_PERCENT_HP_LOSS","seed_source_timestamp":13078575327385,"circlet_count":0,"master_deck":["Strike_R","Strike_R","Strike_R","Strike_R","Strike_R","Defend_R","Defend_R","Defend_R","Bash","Clothesline","Thunderclap","Sword Boomerang","Rage","Armaments+1","Clash","Headbutt+1","Wild Strike+1","Armaments+1","Impervious","Perfected Strike+1","Cleave+1","Body Slam+1","Wild Strike+1","Barricade+1","Flex+1","Pommel Strike+1","Bloodletting","Sword Boomerang+1","Cleave+1","Pummel+1","Sword Boomerang+1","Demon Form","Brutality","PanicButton","Discovery","Evolve","Dropkick+1","Bludgeon+1","Pommel Strike+1","Pommel Strike+1","Sword Boomerang+1","Heavy Blade+1","Perfected Strike+1","Armaments+1","Violence","Twin Strike+1","Evolve+1"],"relics":["Burning Blood","Potion Belt","Molten Egg 2","Vajra","Omamori","Mark of Pain","Du-Vu Doll","Orichalcum","Runic Dome","Mummified Hand","Bronze Scales","Bag of Marbles"],"potions_floor_usage":[25,25,30,30,33,33,41,50],"damage_taken":[{"damage":5,"enemies":"Cultist","floor":1,"turns":4},{"damage":3,"enemies":"Jaw Worm","floor":2,"turns":3},{"damage":6,"enemies":"2 Louse","floor":3,"turns":2},{"damage":13,"enemies":"Gremlin Nob","floor":6,"turns":4},{"damage":9,"enemies":"2 Fungi Beasts","floor":8,"turns":4},{"damage":6,"enemies":"Large Slime","floor":11,"turns":4},{"damage":6,"enemies":"3 Louse","floor":12,"turns":3},{"damage":0,"enemies":"2 Fungi Beasts","floor":14,"turns":2},{"damage":51,"enemies":"The Guardian","floor":16,"turns":10},{"damage":15,"enemies":"3 Byrds","floor":18,"turns":6},{"damage":0,"enemies":"Chosen","floor":21,"turns":3},{"damage":6,"enemies":"Centurion and Healer","floor":22,"turns":5},{"damage":1,"enemies":"3 Cultists","floor":24,"turns":3},{"damage":6,"enemies":"Book of Stabbing","floor":25,"turns":3},{"damage":18,"enemies":"Snake Plant","floor":28,"turns":4},{"damage":0,"enemies":"Centurion and Healer","floor":30,"turns":4},{"damage":6,"enemies":"Chosen and Byrds","floor":31,"turns":3},{"damage":45,"enemies":"Automaton","floor":33,"turns":6},{"damage":3,"enemies":"3 Shapes","floor":35,"turns":3},{"damage":0,"enemies":"Orb Walker","floor":37,"turns":2},{"damage":44,"enemies":"4 Shapes","floor":39,"turns":4},{"damage":10,"enemies":"Transient","floor":41,"turns":5},{"damage":49,"enemies":"Spire Growth","floor":42,"turns":4},{"damage":7,"enemies":"Reptomancer","floor":47,"turns":2},{"damage":9,"enemies":"Sphere and 2 Shapes","floor":48,"turns":3},{"damage":67,"enemies":"Time Eater","floor":50,"turns":5}],"seed_played":"9108772573988692587","potions_obtained":[{"floor":3,"key":"Energy Potion"},{"floor":6,"key":"BloodPotion"},{"floor":8,"key":"SkillPotion"},{"floor":11,"key":"LiquidBronze"},{"floor":21,"key":"Poison Potion"},{"floor":22,"key":"SteroidPotion"},{"floor":24,"key":"Swift Potion"},{"floor":30,"key":"Energy Potion"},{"floor":31,"key":"Swift Potion"},{"floor":37,"key":"Strength Potion"},{"floor":42,"key":"GamblersBrew"},{"floor":48,"key":"GamblersBrew"}],"is_trial":false,"path_per_floor":["M","M","M","?","?","E","R","M","T","$","M","M","$","M","R","B",null,"M","$","?","M","M","R","M","E","T","?","M","?","M","M","R","B",null,"M","$","M","T","M","R","M","M","T","?","?","R","M","M","R"],"character_chosen":"IRONCLAD","items_purchased":["Vajra","Headbutt+1","Wild Strike+1","Armaments","Cleave+1","Omamori","Body Slam+1","Pommel Strike+1","Bloodletting","Mummified Hand","Pommel Strike+1"],"campfire_rested":4,"item_purchase_floors":[10,10,10,10,13,13,13,19,19,36,36],"current_hp_per_floor":[72,72,72,72,72,65,65,62,62,62,62,62,62,68,68,23,72,63,63,63,69,69,69,72,72,72,72,60,39,45,45,66,27,72,72,72,72,72,34,55,51,8,8,8,8,29,28,25,46,0],"gold":171,"neow_bonus":"TWO_FIFTY_GOLD","is_prod":false,"is_daily":false,"chose_seed":false,"campfire_upgraded":3,"win_rate":0,"timestamp":1536605695,"path_taken":["M","M","?","?","?","E","R","M","T","$","M","M","$","M","R","BOSS","M","$","?","M","M","R","M","E","T","?","M","?","M","M","R","BOSS","M","$","M","?","M","R","M","M","T","?","?","R","?","M","R","BOSS"],"build_version":"2018-09-06","purchased_purges":1,"victory":false,"max_hp_per_floor":[72,72,72,72,72,72,72,72,72,72,72,72,72,72,72,72,72,72,72,72,72,72,72,72,72,72,72,72,72,72,72,72,72,72,72,72,72,72,72,72,72,72,72,72,72,72,72,72,72,72],"card_choices":[{"not_picked":["Flex","True Grit"],"picked":"Clothesline","floor":1},{"not_picked":["Shockwave","Corruption"],"picked":"Thunderclap","floor":2},{"not_picked":["Havoc","Corruption"],"picked":"Sword Boomerang","floor":3},{"not_picked":["Bloodletting","Headbutt"],"picked":"Armaments","floor":6},{"not_picked":["Inflame","Iron Wave"],"picked":"Clash","floor":8},{"not_picked":["Metallicize","Clash+1"],"picked":"Impervious","floor":11},{"not_picked":["Sever Soul+1","Anger+1"],"picked":"Perfected Strike+1","floor":12},{"not_picked":["Armaments","True Grit"],"picked":"Wild Strike+1","floor":14},{"not_picked":["Juggernaut","Impervious"],"picked":"Barricade","floor":16},{"not_picked":["Warcry+1","Dual Wield"],"picked":"Flex+1","floor":18},{"not_picked":["Shrug It Off","Dual Wield"],"picked":"Sword Boomerang+1","floor":21},{"not_picked":["Body Slam+1","True Grit"],"picked":"Cleave+1","floor":22},{"not_picked":["Sword Boomerang+1","Armaments"],"picked":"Pummel+1","floor":24},{"not_picked":["Entrench+1","Disarm"],"picked":"Sword Boomerang+1","floor":25},{"not_picked":["Fire Breathing","Armaments"],"picked":"Brutality","floor":28},{"not_picked":["Whirlwind+1","Searing Blow+1"],"picked":"Evolve","floor":30},{"not_picked":["Metallicize+1","Body Slam+1"],"picked":"Dropkick+1","floor":31},{"not_picked":["Double Tap","Reaper+1"],"picked":"Bludgeon+1","floor":33},{"not_picked":["Metallicize","Headbutt+1"],"picked":"Pommel Strike+1","floor":35},{"not_picked":["Intimidate+1","Ghostly Armor+1"],"picked":"Sword Boomerang+1","floor":37},{"not_picked":["Wild Strike+1","Warcry+1"],"picked":"Heavy Blade+1","floor":39},{"not_picked":["Metallicize+1","Pommel Strike+1"],"picked":"Perfected Strike+1","floor":41},{"not_picked":["Cleave+1","Offering"],"picked":"Armaments+1","floor":42},{"not_picked":["Trip","Bandage Up"],"picked":"Violence","floor":44},{"not_picked":["True Grit","Hemokinesis+1"],"picked":"Twin Strike+1","floor":47},{"not_picked":["Headbutt+1","True Grit"],"picked":"Evolve+1","floor":48}],"player_experience":242056,"relics_obtained":[{"floor":6,"key":"Potion Belt"},{"floor":9,"key":"Molten Egg 2"},{"floor":25,"key":"Du-Vu Doll"},{"floor":26,"key":"Orichalcum"},{"floor":38,"key":"Bronze Scales"},{"floor":43,"key":"Bag of Marbles"}],"event_choices":[{"event_name":"Living Wall","player_choice":"Change","floor":4,"damage_taken":0},{"event_name":"Liars Game","player_choice":"agreed","floor":5,"damage_taken":0},{"event_name":"The Joust","player_choice":"Bet on Murderer","floor":20,"damage_taken":0},{"event_name":"The Library","player_choice":"Read","floor":27,"damage_taken":0},{"event_name":"Knowing Skull","player_choice":"CARD CARD ","floor":29,"damage_taken":0},{"event_name":"SensoryStone","player_choice":"Memory 1","floor":44,"damage_taken":0},{"event_name":"Mysterious Sphere","player_choice":"Ignore","floor":45,"damage_taken":0}],"is_beta":false,"boss_relics":[{"not_picked":["Cursed Key","Pandora\u0027s Box"],"picked":"Mark of Pain"},{"not_picked":["Tiny House","Orrery"],"picked":"Runic Dome"}],"items_purged_floors":[10],"is_endless":false,"potions_floor_spawned":[3,6,8,11,21,22,24,30,31,37,42,48],"killed_by":"Time Eater","ascension_level":0}