{"gold_per_floor":[115,131,141,158,42,68,79,79,79,79,96,113,126,152,152,152],"floor_reached":16,"playtime":602,"items_purged":[],"score":232,"play_id":"ba1adfa1-0f9c-4723-b382-048f8ba7f8e1","local_time":"20190403222140","is_ascension_mode":true,"campfire_choices":[{"data":"Armaments","floor":15,"key":"SMITH"}],"neow_cost":"NONE","seed_source_timestamp":4590506290257,"circlet_count":0,"master_deck":["AscendersBane","Strike_R","Strike_R","Strike_R","Strike_R","Strike_R","Defend_R","Defend_R","Defend_R","Defend_R","Bash","Twin Strike","Perfected Strike","Perfected Strike","Headbutt","Armaments+1","Perfected Strike","Whirlwind","Spot Weakness","Anger","Uppercut"],"special_seed":0,"relics":["Burning Blood","Smiling Mask","Blood Vial","Boot"],"potions_floor_usage":[14,14],"damage_taken":[{"damage":16.0,"enemies":"Small Slimes","floor":1.0,"turns":5.0},{"damage":7.0,"enemies":"Jaw Worm","floor":2.0,"turns":3.0},{"damage":6.0,"enemies":"Cultist","floor":3.0,"turns":3.0},{"damage":29.0,"enemies":"Exordium Wildlife","floor":4.0,"turns":6.0},{"damage":25,"enemies":"3 Sentries","floor":6,"turns":7},{"damage":16,"enemies":"Lots of Slimes","floor":7,"turns":5},{"damage":6,"enemies":"Looter","floor":11,"turns":3},{"damage":0,"enemies":"2 Fungi Beasts","floor":12,"turns":2},{"damage":12,"enemies":"Exordium Wildlife","floor":13,"turns":2},{"damage":30,"enemies":"Lagavulin","floor":14,"turns":7},{"damage":30,"enemies":"Hexaghost","floor":16,"turns":7}],"seed_played":"8038400309760917006","potions_obtained":[{"floor":2.0,"key":"Swift Potion"},{"floor":11,"key":"Swift Potion"}],"is_trial":false,"path_per_floor":["M","M","M","M","$","E","M","?","T","?","M","M","M","E","R","B"],"character_chosen":"IRONCLAD","items_purchased":["Headbutt","Armaments"],"campfire_rested":0,"item_purchase_floors":[5,5],"current_hp_per_floor":[65,64,64,41,41,22,12,39,39,39,41,49,45,23,23,0],"gold":152,"neow_bonus":"TEN_PERCENT_HP_BONUS","is_prod":false,"is_daily":false,"chose_seed":false,"campfire_upgraded":1,"win_rate":0,"timestamp":1554344500,"path_taken":["M","M","M","M","$","E","M","?","T","?","M","M","M","E","R","BOSS"],"build_version":"2019-01-23","purchased_purges":0,"victory":false,"max_hp_per_floor":[82,82,82,82,82,82,82,82,82,82,82,82,82,82,82,82],"card_choices":[{"not_picked":["Heavy Blade","Body Slam"],"picked":"Twin Strike","floor":1.0},{"not_picked":["Heavy Blade","Armaments"],"picked":"Perfected Strike","floor":2.0},{"not_picked":["Thunderclap","Rupture","Searing Blow"],"picked":"SKIP","floor":3.0},{"not_picked":["Carnage","Sever Soul"],"picked":"Perfected Strike","floor":4.0},{"not_picked":["Uppercut","Rupture"],"picked":"Perfected Strike","floor":6},{"not_picked":["Exhume","Havoc"],"picked":"Whirlwind","floor":7},{"not_picked":["Second Wind","Warcry"],"picked":"Spot Weakness","floor":11},{"not_picked":["Cleave","Shrug It Off"],"picked":"Anger","floor":12},{"not_picked":["Berserk","Armaments","Flex"],"picked":"SKIP","floor":13},{"not_picked":["Berserk","Armaments","Flex"],"picked":"SKIP","floor":13},{"not_picked":["Clothesline","Heavy Blade"],"picked":"Uppercut","floor":14}],"player_experience":852653,"relics_obtained":[{"floor":6,"key":"Smiling Mask"},{"floor":9,"key":"Blood Vial"},{"floor":14,"key":"Boot"}],"event_choices":[{"damage_healed":27,"gold_gain":0,"player_choice":"Banana","damage_taken":0,"max_hp_gain":0,"max_hp_loss":0,"event_name":"Big Fish","floor":8,"gold_loss":0},{"damage_healed":0,"gold_gain":0,"player_choice":"Ignored","damage_taken":0,"max_hp_gain":0,"max_hp_loss":0,"event_name":"Liars Game","floor":10,"gold_loss":0}],"is_beta":false,"boss_relics":[],"items_purged_floors":[],"is_endless":false,"potions_floor_spawned":[2,11,12],"killed_by":"Hexaghost","ascension_level":20}