{"gold_per_floor":[116,17,17,41,41,74,74,87,87,87,112,112,112,152,152,248,248,273,198,198,213,228,267,267],"floor_reached":24,"playtime":1173,"items_purged":[],"score":548,"play_id":"06714851-25fd-4082-90b2-c355d682e981","local_time":"20190409215619","is_ascension_mode":true,"campfire_choices":[{"data":"Fission","floor":7.0,"key":"SMITH"},{"data":"Zap","floor":10.0,"key":"SMITH"},{"floor":13.0,"key":"REST"},{"data":"Beam Cell","floor":15.0,"key":"SMITH"}],"neow_cost":"NONE","seed_source_timestamp":304632099602094,"circlet_count":0,"master_deck":["AscendersBane","Strike_B","Strike_B","Defend_B","Defend_B","Defend_B","Defend_B","Zap+1","Dualcast","Fission+1","Sweeping Beam","Doom and Gloom","Beam Cell+1","Cold Snap","Ball Lightning","Compile Driver","Echo Form","Buffer","Coolheaded+1","Coolheaded","Leap+1","Defragment"],"special_seed":0,"relics":["Cracked Core","Golden Idol","Emotion Chip","Incense Burner","Sundial","Sozu","MutagenicStrength","Potion Belt"],"potions_floor_usage":[],"damage_taken":[{"damage":1.0,"enemies":"Cultist","floor":1.0,"turns":3.0},{"damage":7.0,"enemies":"Small Slimes","floor":4.0,"turns":3.0},{"damage":30.0,"enemies":"3 Sentries","floor":6.0,"turns":7.0},{"damage":0.0,"enemies":"2 Louse","floor":8.0,"turns":2.0},{"damage":6.0,"enemies":"Exordium Wildlife","floor":11.0,"turns":3.0},{"damage":6.0,"enemies":"Gremlin Nob","floor":14.0,"turns":3.0},{"damage":0.0,"enemies":"Slime Boss","floor":16.0,"turns":4.0},{"damage":16.0,"enemies":"Shell Parasite","floor":18.0,"turns":5.0},{"damage":0.0,"enemies":"Chosen","floor":21.0,"turns":5.0},{"damage":14.0,"enemies":"Centurion and Healer","floor":22.0,"turns":6.0},{"damage":16.0,"enemies":"Gremlin Leader","floor":23.0,"turns":6.0},{"damage":17,"enemies":"Snake Plant","floor":24,"turns":1}],"seed_played":"-2682740677051482907","potions_obtained":[{"floor":4.0,"key":"SpeedPotion"},{"floor":8.0,"key":"Dexterity Potion"},{"floor":14.0,"key":"Explosive Potion"}],"is_trial":false,"path_per_floor":["M","$","?","M","?","E","R","M","T","R","M","?","R","E","R","B",null,"M","?","?","M","M","E","M"],"character_chosen":"DEFECT","items_purchased":["Doom and Gloom","SpeedPotion"],"campfire_rested":1,"item_purchase_floors":[2,2],"current_hp_per_floor":[63,63,63,56,49,19,19,19,19,19,13,18,38,32,32,32,60,44,44,44,44,30,14,0],"gold":267,"neow_bonus":"ONE_RANDOM_RARE_CARD","is_prod":false,"is_daily":false,"chose_seed":false,"campfire_upgraded":3,"win_rate":0,"timestamp":1554864979,"path_taken":["M","$","?","M","?","E","R","M","T","R","M","?","R","E","R","BOSS","M","?","?","?","?","E","M"],"build_version":"2019-01-23","purchased_purges":0,"victory":false,"max_hp_per_floor":[71,71,64,64,64,64,64,64,64,64,64,69,69,69,69,69,69,69,69,69,69,69,69,69],"card_choices":[{"not_picked":["Streamline","Steam Power"],"picked":"Sweeping Beam","floor":1.0},{"not_picked":["Leap","Gash"],"picked":"Beam Cell","floor":4.0},{"not_picked":["Turbo","Blizzard"],"picked":"Cold Snap","floor":6.0},{"not_picked":["Beam Cell","Coolheaded"],"picked":"Ball Lightning","floor":8.0},{"not_picked":["Redo","Turbo"],"picked":"Compile Driver","floor":11.0},{"not_picked":["Heatsinks","Capacitor"],"picked":"Echo Form","floor":14.0},{"not_picked":["Reboot","Machine Learning"],"picked":"Buffer","floor":16.0},{"not_picked":["Steam","Static Discharge"],"picked":"Coolheaded+1","floor":18.0},{"not_picked":["Sweeping Beam","Redo"],"picked":"Coolheaded","floor":21.0},{"not_picked":["Conserve Battery","Sweeping Beam"],"picked":"Leap+1","floor":22.0},{"not_picked":["Beam Cell","Leap"],"picked":"Defragment","floor":23.0}],"player_experience":1014666,"relics_obtained":[{"floor":6.0,"key":"Emotion Chip"},{"floor":9.0,"key":"Incense Burner"},{"floor":14.0,"key":"Sundial"},{"floor":23.0,"key":"Potion Belt"}],"event_choices":[{"damage_healed":0.0,"max_hp_gain":0.0,"max_hp_loss":7.0,"gold_gain":0.0,"event_name":"Golden Idol","player_choice":"Lose Max HP","floor":3.0,"gold_loss":0.0,"damage_taken":0.0,"relics_obtained":["Golden Idol"]},{"cards_removed":["Strike_B"],"damage_healed":0.0,"max_hp_gain":0.0,"max_hp_loss":0.0,"gold_gain":0.0,"event_name":"Golden Wing","player_choice":"Card Removal","floor":5.0,"gold_loss":0.0,"damage_taken":7.0},{"damage_healed":0.0,"max_hp_gain":5.0,"max_hp_loss":0.0,"gold_gain":0.0,"event_name":"Big Fish","player_choice":"Donut","floor":12.0,"gold_loss":0.0,"damage_taken":0.0},{"cards_removed":["Strike_B"],"damage_healed":0.0,"max_hp_gain":0.0,"max_hp_loss":0.0,"gold_gain":0.0,"event_name":"Beggar","player_choice":"Gave Gold","floor":19.0,"gold_loss":75.0,"damage_taken":0.0},{"damage_healed":0.0,"max_hp_gain":0.0,"max_hp_loss":0.0,"gold_gain":0.0,"event_name":"Drug Dealer","player_choice":"Inject Mutagens","floor":20.0,"gold_loss":0.0,"damage_taken":0.0,"relics_obtained":["MutagenicStrength"]}],"is_beta":false,"boss_relics":[{"not_picked":["Empty Cage","Philosopher\u0027s Stone"],"picked":"Sozu"}],"items_purged_floors":[],"is_endless":false,"potions_floor_spawned":[4,8,14,16,22],"killed_by":"Snake Plant","ascension_level":20}