{"gold_per_floor":[119,11,11,11,11,45,56,56,103,103,128,140,140,153,153,256,256,267,567,567,586,3,3,23,23,23,33,62,62,76,95,95,198,198,216,216,216,50,62,62,80,91,91,107,126,140,140,158,158,158],"floor_reached":51,"playtime":5079,"items_purged":["Regret","Strike_G","Strike_G"],"score":1035,"play_id":"28d063f5-bdcd-4648-bf43-ed7b74c6efc2","local_time":"20181225210811","is_ascension_mode":true,"campfire_choices":[{"data":"Cloak And Dagger","floor":8.0,"key":"SMITH"},{"floor":10.0,"key":"REST"},{"data":"Finisher","floor":13.0,"key":"SMITH"},{"data":"Dodge and Roll","floor":15.0,"key":"SMITH"},{"data":"Noxious Fumes","floor":23.0,"key":"SMITH"},{"floor":25.0,"key":"REST"},{"data":"Calculated Gamble","floor":29.0,"key":"SMITH"},{"floor":32.0,"key":"REST"},{"floor":40,"key":"REST"},{"floor":47,"key":"REST"},{"floor":49,"key":"REST"}],"neow_cost":"CURSE","seed_source_timestamp":107739423086561,"circlet_count":0,"master_deck":["AscendersBane","Defend_G","Defend_G","Defend_G","Defend_G","Defend_G","Survivor","Neutralize","Noxious Fumes+1","Well Laid Plans","Dagger Throw","Footwork","Flechettes","Cloak And Dagger+1","Finisher+1","Skewer","Dodge and Roll+1","Grand Finale","Bouncing Flask+1","Backflip+1","Quick Slash","Doubt","Bane","Calculated Gamble+1","Backflip","Tactician+1","Doppelganger","Dagger Throw","Secret Weapon","Writhe","Distraction","Clumsy"],"special_seed":0,"relics":["Ring of the Snake","Tough Bandages","Happy Flower","Smiling Mask","Cursed Key","Old Coin","Chemical X","Kunai","Singing Bowl","Orichalcum","Fusion Hammer","Shuriken"],"potions_floor_usage":[41,42,50,50],"damage_taken":[{"damage":2.0,"enemies":"Small Slimes","floor":1.0,"turns":5.0},{"damage":31.0,"enemies":"Gremlin Nob","floor":6.0,"turns":5.0},{"damage":0.0,"enemies":"2 Louse","floor":7.0,"turns":3.0},{"damage":2.0,"enemies":"3 Sentries","floor":11.0,"turns":7.0},{"damage":0.0,"enemies":"Jaw Worm","floor":12.0,"turns":3.0},{"damage":0.0,"enemies":"2 Fungi Beasts","floor":14.0,"turns":2.0},{"damage":18.0,"enemies":"The Guardian","floor":16.0,"turns":12.0},{"damage":0.0,"enemies":"Spheric Guardian","floor":18.0,"turns":4.0},{"damage":11.0,"enemies":"Chosen","floor":21.0,"turns":5.0},{"damage":7.0,"enemies":"Snake Plant","floor":24.0,"turns":6.0},{"damage":7.0,"enemies":"Snecko","floor":27.0,"turns":5.0},{"damage":17.0,"enemies":"Slavers","floor":28.0,"turns":5.0},{"damage":0.0,"enemies":"Centurion and Healer","floor":30.0,"turns":4.0},{"damage":26.0,"enemies":"Sentry and Sphere","floor":31.0,"turns":5.0},{"damage":9.0,"enemies":"Automaton","floor":33.0,"turns":11.0},{"damage":15.0,"enemies":"3 Darklings","floor":35.0,"turns":7.0},{"damage":2,"enemies":"3 Shapes","floor":39,"turns":4},{"damage":9,"enemies":"Transient","floor":41,"turns":5},{"damage":8,"enemies":"Writhing Mass","floor":42,"turns":4},{"damage":4,"enemies":"Sphere and 2 Shapes","floor":44,"turns":6},{"damage":6,"enemies":"Transient","floor":45,"turns":5},{"damage":9,"enemies":"4 Shapes","floor":46,"turns":5},{"damage":0,"enemies":"Sphere and 2 Shapes","floor":48,"turns":4},{"damage":40,"enemies":"Time Eater","floor":50,"turns":13}],"seed_played":"1155249086950380525","potions_obtained":[{"floor":1.0,"key":"AttackPotion"},{"floor":7.0,"key":"SkillPotion"},{"floor":18.0,"key":"Weak Potion"},{"floor":30.0,"key":"SkillPotion"},{"floor":33.0,"key":"Swift Potion"},{"floor":41,"key":"SkillPotion"},{"floor":42,"key":"GamblersBrew"},{"floor":48,"key":"EntropicBrew"}],"is_trial":false,"path_per_floor":["M","$","?","$","?","E","M","R","T","R","E","M","R","M","R","B",null,"M","?","?","M","$","R","M","R","T","M","E","R","M","M","R","B",null,"M","?","?","$","M","R","M","M","T","M","M","M","R","M","R","B",null],"character_chosen":"THE_SILENT","items_purchased":["Footwork","Chemical X","Kunai","GhostInAJar","GhostInAJar","Distraction"],"campfire_rested":6,"item_purchase_floors":[2,22,22,22,38,38],"current_hp_per_floor":[61,61,61,61,54,23,23,23,23,44,42,42,42,42,42,24,59,59,59,59,48,48,48,41,62,62,55,38,38,38,12,33,24,59,44,38,57,57,57,76,69,63,63,61,57,50,75,77,88,48],"gold":158,"neow_bonus":"TRANSFORM_TWO_CARDS","is_prod":false,"is_daily":false,"chose_seed":false,"campfire_upgraded":5,"win_rate":0,"timestamp":1545790091,"path_taken":["M","$","?","$","?","E","M","R","T","R","E","M","R","M","R","BOSS","M","?","?","?","?","R","M","R","T","M","E","R","?","M","R","BOSS","M","?","?","$","M","R","M","M","T","M","M","M","R","M","R","BOSS"],"build_version":"2018-12-20","purchased_purges":3,"victory":true,"max_hp_per_floor":[70,70,70,70,70,70,70,70,70,70,70,70,70,70,70,70,70,70,70,70,70,70,70,70,70,70,70,70,70,70,70,70,70,70,70,74,74,74,76,76,78,80,80,82,84,86,86,88,88,88],"card_choices":[{"not_picked":["Dodge and Roll","Prepared"],"picked":"Dagger Throw","floor":1.0},{"not_picked":["Quick Slash","Flying Knee"],"picked":"Flechettes","floor":6.0},{"not_picked":["Flying Knee","Dodge and Roll"],"picked":"Cloak And Dagger","floor":7.0},{"not_picked":["Tactician","Poisoned Stab"],"picked":"Finisher","floor":11.0},{"not_picked":["Setup","Dagger Throw"],"picked":"Skewer","floor":12.0},{"not_picked":["Flying Knee","Sucker Punch"],"picked":"Dodge and Roll","floor":14.0},{"not_picked":["Adrenaline","Burst"],"picked":"Grand Finale","floor":16.0},{"not_picked":["Blade Dance","Sucker Punch"],"picked":"Bouncing Flask+1","floor":18.0},{"not_picked":["Poisoned Stab+1","Bane"],"picked":"Backflip+1","floor":21.0},{"not_picked":["Blade Dance","Sucker Punch"],"picked":"Quick Slash","floor":24.0},{"not_picked":["Deadly Poison","Finisher"],"picked":"Bane","floor":27.0},{"not_picked":["Envenom","Sucker Punch"],"picked":"Calculated Gamble","floor":28.0},{"not_picked":["Poisoned Stab","Accuracy"],"picked":"Backflip","floor":30.0},{"not_picked":["Caltrops+1","Cloak And Dagger"],"picked":"Tactician+1","floor":31.0},{"not_picked":["Glass Knife","Burst"],"picked":"Doppelganger","floor":33.0},{"not_picked":["Prepared","Sucker Punch"],"picked":"Dagger Throw","floor":35.0},{"not_picked":["Discovery","Good Instincts","Dark Shackles"],"picked":"Singing Bowl","floor":36},{"not_picked":["Swift Strike","Panache"],"picked":"Secret Weapon","floor":36},{"not_picked":["Swift Strike","Trip","Discovery"],"picked":"Singing Bowl","floor":36},{"not_picked":["Bane","Cloak And Dagger","Outmaneuver"],"picked":"Singing Bowl","floor":39},{"not_picked":["Setup","Flying Knee","Sucker Punch"],"picked":"Singing Bowl","floor":41},{"not_picked":["Bane","Acrobatics+1","Slice"],"picked":"Singing Bowl","floor":42},{"not_picked":["Outmaneuver","Acrobatics","Deflect+1"],"picked":"Singing Bowl","floor":44},{"not_picked":["Outmaneuver","Dagger Spray","After Image"],"picked":"Singing Bowl","floor":45},{"not_picked":["Flying Knee","Flechettes+1","Heel Hook+1"],"picked":"Singing Bowl","floor":46},{"not_picked":["Sucker Punch","Blade Dance","PiercingWail"],"picked":"Singing Bowl","floor":48}],"player_experience":433042,"relics_obtained":[{"floor":6.0,"key":"Tough Bandages"},{"floor":9.0,"key":"Happy Flower"},{"floor":11.0,"key":"Smiling Mask"},{"floor":26.0,"key":"Singing Bowl"},{"floor":28.0,"key":"Orichalcum"},{"floor":43,"key":"Shuriken"}],"event_choices":[{"damage_healed":0.0,"max_hp_gain":0.0,"max_hp_loss":0.0,"gold_gain":0.0,"event_name":"The Cleric","player_choice":"Leave","floor":3.0,"gold_loss":0.0,"damage_taken":0.0},{"cards_removed":["Strike_G"],"damage_healed":0.0,"max_hp_gain":0.0,"max_hp_loss":0.0,"gold_gain":0.0,"event_name":"Golden Wing","player_choice":"Card Removal","floor":5.0,"gold_loss":0.0,"damage_taken":7.0},{"damage_healed":0.0,"max_hp_gain":0.0,"max_hp_loss":0.0,"gold_gain":0.0,"event_name":"The Mausoleum","player_choice":"Opened","floor":19.0,"gold_loss":0.0,"damage_taken":0.0,"relics_obtained":["Old Coin"],"cards_obtained":["Writhe"]},{"cards_removed":["Writhe"],"damage_healed":0.0,"max_hp_gain":0.0,"max_hp_loss":0.0,"gold_gain":0.0,"event_name":"Fountain of Cleansing","player_choice":"Removed Curses","floor":20.0,"gold_loss":0.0,"damage_taken":0.0},{"damage_healed":0,"gold_gain":0,"player_choice":"Memory 3","damage_taken":10,"max_hp_gain":0,"max_hp_loss":0,"event_name":"SensoryStone","floor":36,"gold_loss":0},{"damage_healed":19,"gold_gain":0,"player_choice":"Writhe","damage_taken":0,"max_hp_gain":0,"max_hp_loss":0,"event_name":"Winding Halls","floor":37,"gold_loss":0,"cards_obtained":["Writhe"]}],"is_beta":false,"boss_relics":[{"not_picked":["Pandora\u0027s Box","Ectoplasm"],"picked":"Cursed Key"},{"not_picked":["Tiny House","HoveringKite"],"picked":"Fusion Hammer"}],"items_purged_floors":[2,22,38],"is_endless":false,"potions_floor_spawned":[1,7,18,28,30,31,33,41,42,48],"ascension_level":12}