{"gold_per_floor":[167,43,56,132,132,132,150,150,150,179,197,207,154,179,179,274,274,286,304,324,324,324,324,324,342,342,342],"floor_reached":27,"playtime":1518,"items_purged":["Strike_B"],"score":397,"play_id":"4c832742-13b7-46e1-aef2-e25d4916c1c0","local_time":"20181225213625","is_ascension_mode":true,"campfire_choices":[{"data":"Sunder","floor":6.0,"key":"SMITH"},{"floor":8.0,"key":"REST"},{"data":"Reinforced Body","floor":15.0,"key":"SMITH"},{"floor":23.0,"key":"REST"}],"neow_cost":"NONE","seed_source_timestamp":113160295503570,"circlet_count":0,"master_deck":["AscendersBane","Strike_B","Defend_B","Defend_B","Defend_B","Defend_B","Zap","Dualcast+1","Streamline+1","Sunder+1","Rebound+1","Gash","Auto Shields","Echo Form","Melter","Reinforced Body+1","Seek","Hyperbeam","Decay","Decay","Pain","Rebound","Hello World+1","Conserve Battery"],"special_seed":0,"relics":["Tiny House","FossilizedHelix","Anchor","Dodecahedron","Symbiotic Virus","Calling Bell","Strawberry","Frozen Egg 2","Unceasing Top","Nilry\u0027s Codex","FaceOfCleric","Bird Faced Urn"],"potions_floor_usage":[],"damage_taken":[{"damage":4.0,"enemies":"Small Slimes","floor":1.0,"turns":4.0},{"damage":9.0,"enemies":"Jaw Worm","floor":3.0,"turns":4.0},{"damage":0.0,"enemies":"Cultist","floor":7.0,"turns":2.0},{"damage":24.0,"enemies":"Gremlin Nob","floor":10.0,"turns":4.0},{"damage":0.0,"enemies":"Large Slime","floor":11.0,"turns":3.0},{"damage":0.0,"enemies":"2 Fungi Beasts","floor":12.0,"turns":2.0},{"damage":0.0,"enemies":"Lagavulin","floor":14.0,"turns":5.0},{"damage":23.0,"enemies":"The Guardian","floor":16.0,"turns":9.0},{"damage":3.0,"enemies":"Spheric Guardian","floor":18.0,"turns":3.0},{"damage":10.0,"enemies":"Shell Parasite","floor":19.0,"turns":4.0},{"damage":14.0,"enemies":"Centurion and Healer","floor":20.0,"turns":6.0},{"damage":26.0,"enemies":"Snake Plant","floor":25.0,"turns":4.0},{"damage":36,"enemies":"Shelled Parasite and Fungi","floor":27,"turns":6}],"seed_played":"2905277003377918182","potions_obtained":[{"floor":0.0,"key":"SkillPotion"},{"floor":7.0,"key":"SteroidPotion"},{"floor":10.0,"key":"Regen Potion"},{"floor":14.0,"key":"Dexterity Potion"},{"floor":18.0,"key":"Strength Potion"},{"floor":19.0,"key":"Weak Potion"},{"floor":25.0,"key":"Weak Potion"}],"is_trial":false,"path_per_floor":["M","$","M","?","?","R","M","R","T","E","M","M","?","E","R","B",null,"M","M","M","?","?","R","?","M","T","M"],"character_chosen":"DEFECT","items_purchased":["Rebound"],"campfire_rested":2,"item_purchase_floors":[2],"current_hp_per_floor":[69,69,60,60,44,44,44,68,68,44,44,44,44,58,58,35,76,73,63,49,49,33,59,59,34,34,0],"gold":342,"neow_bonus":"BOSS_RELIC","is_prod":false,"is_daily":false,"chose_seed":false,"campfire_upgraded":2,"win_rate":0,"timestamp":1545791785,"path_taken":["M","$","M","?","?","R","M","R","T","E","M","M","?","E","R","BOSS","M","?","M","?","?","R","?","M","T","?"],"build_version":"2018-12-20","purchased_purges":1,"victory":false,"max_hp_per_floor":[80,80,80,80,80,80,80,80,80,80,80,80,80,80,80,80,87,87,87,87,87,87,87,87,88,88,88],"card_choices":[{"not_picked":["Steam","Sweeping Beam"],"picked":"Streamline","floor":0.0},{"not_picked":["Rebound","Beam Cell"],"picked":"Sunder","floor":1.0},{"not_picked":["Sunder","Compile Driver"],"picked":"Gash","floor":3.0},{"not_picked":["Hello World","Coolheaded"],"picked":"Auto Shields","floor":7.0},{"not_picked":["White Noise","Reprogram"],"picked":"Echo Form","floor":10.0},{"not_picked":["Fusion","Coolheaded"],"picked":"Melter","floor":11.0},{"not_picked":["BootSequence","Turbo"],"picked":"Reinforced Body","floor":12.0},{"not_picked":["Undo","Barrage"],"picked":"Seek","floor":14.0},{"not_picked":["Rainbow","Biased Cognition"],"picked":"Hyperbeam","floor":16.0},{"not_picked":["Stack","Steam","Go for the Eyes"],"picked":"SKIP","floor":18.0},{"not_picked":["Thunder Strike","Rebound","Conserve Battery"],"picked":"SKIP","floor":19.0},{"not_picked":["Heatsinks+1","Barrage"],"picked":"Rebound","floor":20.0},{"not_picked":["Compile Driver","Coolheaded","Barrage"],"picked":"SKIP","floor":25.0}],"player_experience":438121,"relics_obtained":[{"floor":9.0,"key":"FossilizedHelix"},{"floor":10.0,"key":"Anchor"},{"floor":14.0,"key":"Symbiotic Virus"},{"floor":17.0,"key":"Strawberry"},{"floor":17.0,"key":"Frozen Egg 2"},{"floor":17.0,"key":"Unceasing Top"},{"floor":22.0,"key":"Nilry\u0027s Codex"},{"floor":26.0,"key":"Bird Faced Urn"}],"event_choices":[{"damage_healed":0.0,"max_hp_gain":0.0,"max_hp_loss":0.0,"gold_gain":76.0,"event_name":"Golden Wing","player_choice":"Gained Gold","floor":4.0,"gold_loss":0.0,"damage_taken":0.0},{"damage_healed":0.0,"max_hp_gain":0.0,"max_hp_loss":0.0,"gold_gain":0.0,"event_name":"Shining Light","player_choice":"Entered Light","floor":5.0,"gold_loss":0.0,"damage_taken":16.0,"cards_upgraded":["Rebound","Streamline"]},{"damage_healed":0.0,"max_hp_gain":0.0,"max_hp_loss":0.0,"gold_gain":0.0,"event_name":"WeMeetAgain","player_choice":"Paid Gold","floor":13.0,"gold_loss":53.0,"damage_taken":0.0,"relics_obtained":["Dodecahedron"]},{"damage_healed":0.0,"max_hp_gain":0.0,"max_hp_loss":0.0,"gold_gain":0.0,"cards_transformed":["Strike_B","Strike_B"],"event_name":"Drug Dealer","player_choice":"Became Test Subject","floor":21.0,"gold_loss":0.0,"damage_taken":0.0,"cards_obtained":["Hello World","Conserve Battery"]},{"damage_healed":0.0,"max_hp_gain":0.0,"max_hp_loss":0.0,"gold_gain":0.0,"event_name":"Cursed Tome","player_choice":"Obtained Book","floor":22.0,"gold_loss":0.0,"damage_taken":16.0},{"damage_healed":0.0,"max_hp_gain":0.0,"max_hp_loss":0.0,"gold_gain":0.0,"event_name":"FaceTrader","player_choice":"Trade","floor":24.0,"gold_loss":0.0,"damage_taken":0.0,"relics_obtained":["FaceOfCleric"]}],"is_beta":false,"boss_relics":[{"not_picked":["Inserter","Sozu"],"picked":"Calling Bell"}],"items_purged_floors":[2],"is_endless":false,"potions_floor_spawned":[7,10,12,14,18,19,20,25],"killed_by":"Shelled Parasite and Fungi","ascension_level":12}