{"gold_per_floor":[112,128,50,50,67,79,79,112,112,132,132,132,151,171,171,243,243,257,182,182,196,212,212,241,241,241,270,280,280,294,313,313,385,435,446,546,559,559,571,571,591,625,712,724,37,37,47,65,65,65],"floor_reached":51,"playtime":4132,"items_purged":["Parasite"],"score":1326,"play_id":"bf9f3684-669c-4395-9115-3c2c314b0e7d","local_time":"20190417051043","is_ascension_mode":true,"campfire_choices":[{"data":"Neutralize","floor":7.0,"key":"SMITH"},{"data":"Footwork","floor":11.0,"key":"SMITH"},{"data":"Adrenaline","floor":15.0,"key":"SMITH"},{"data":"Dash","floor":23.0,"key":"SMITH"},{"data":"Corpse Explosion","floor":25.0,"key":"SMITH"},{"floor":29.0,"key":"REST"},{"floor":32.0,"key":"DIG"},{"floor":40.0,"key":"DIG"},{"floor":44.0,"key":"DIG"},{"floor":46.0,"key":"DIG"},{"floor":49,"key":"DIG"}],"neow_cost":"NONE","seed_source_timestamp":1410477210508859,"circlet_count":0,"master_deck":["AscendersBane","Defend_G","Defend_G","Defend_G","Defend_G","Strike_G","Strike_G+1","Strike_G","Strike_G","Survivor","Neutralize+1","Poisoned Stab","Footwork+1","Venomology","Dash","Dash","Dash+1","Adrenaline+1","Corpse Explosion+1","Underhanded Strike","Backflip+1","Predator","Bouncing Flask","Leg Sweep","Dash","Dagger Throw","Bullet Time","Underhanded Strike+1","Footwork+1"],"special_seed":0,"relics":["Snecko Eye","Ornamental Fan","Philosopher\u0027s Stone","Bronze Scales","Regal Pillow","Shovel","Bottled Flame","Tiny House","Calipers","Oddly Smooth Stone","MawBank","Toxic Egg 2","Pear","Paper Crane","DollysMirror","Anchor","Boot"],"potions_floor_usage":[50,50,50],"damage_taken":[{"damage":14.0,"enemies":"Cultist","floor":1.0,"turns":6.0},{"damage":7.0,"enemies":"Small Slimes","floor":2.0,"turns":5.0},{"damage":2.0,"enemies":"Jaw Worm","floor":5.0,"turns":4.0},{"damage":4.0,"enemies":"Looter","floor":6.0,"turns":5.0},{"damage":2.0,"enemies":"Lagavulin","floor":8.0,"turns":7.0},{"damage":1.0,"enemies":"Red Slaver","floor":10.0,"turns":4.0},{"damage":8.0,"enemies":"3 Louse","floor":13.0,"turns":4.0},{"damage":0.0,"enemies":"2 Fungi Beasts","floor":14.0,"turns":3.0},{"damage":3.0,"enemies":"Hexaghost","floor":16.0,"turns":18.0},{"damage":13.0,"enemies":"2 Thieves","floor":18.0,"turns":4.0},{"damage":0.0,"enemies":"Shell Parasite","floor":21.0,"turns":6.0},{"damage":0.0,"enemies":"Cultist and Chosen","floor":22.0,"turns":4.0},{"damage":3.0,"enemies":"Slavers","floor":24.0,"turns":6.0},{"damage":20.0,"enemies":"Book of Stabbing","floor":27.0,"turns":6.0},{"damage":1.0,"enemies":"Snake Plant","floor":28.0,"turns":4.0},{"damage":4.0,"enemies":"3 Cultists","floor":30.0,"turns":3.0},{"damage":0.0,"enemies":"Cultist and Chosen","floor":31.0,"turns":5.0},{"damage":24.0,"enemies":"Champ","floor":33.0,"turns":11.0},{"damage":0.0,"enemies":"3 Shapes","floor":35.0,"turns":3.0},{"damage":9.0,"enemies":"Mind Bloom Boss Battle","floor":36.0,"turns":6.0},{"damage":0.0,"enemies":"3 Darklings","floor":37.0,"turns":3.0},{"damage":0.0,"enemies":"Writhing Mass","floor":39.0,"turns":6.0},{"damage":7.0,"enemies":"4 Shapes","floor":41.0,"turns":2.0},{"damage":0.0,"enemies":"Giant Head","floor":42.0,"turns":8.0},{"damage":0.0,"enemies":"Maw","floor":47.0,"turns":7.0},{"damage":0,"enemies":"Sphere and 2 Shapes","floor":48,"turns":4},{"damage":22,"enemies":"Donu and Deca","floor":50,"turns":7}],"seed_played":"-2548985297542825655","potions_obtained":[{"floor":5.0,"key":"EssenceOfSteel"},{"floor":14.0,"key":"EssenceOfSteel"},{"floor":18.0,"key":"Fire Potion"},{"floor":27.0,"key":"Poison Potion"},{"floor":30.0,"key":"Regen Potion"},{"floor":34.0,"key":"Energy Potion"},{"floor":36.0,"key":"GhostInAJar"}],"is_trial":false,"path_per_floor":["M","M","$","?","M","M","R","E","T","M","R","?","M","M","R","B",null,"M","?","?","M","M","R","E","R","T","E","M","R","M","M","R","B",null,"M","?","M","?","M","R","M","E","T","R","$","R","M","M","R","B",null],"character_chosen":"THE_SILENT","items_purchased":["Footwork","Paper Crane","Regen Potion","Block Potion","DollysMirror"],"campfire_rested":1,"item_purchase_floors":[3,45,45,45,45],"current_hp_per_floor":[45,38,38,38,36,32,32,30,30,29,29,29,21,21,21,18,54,41,41,41,41,41,41,38,38,38,18,17,51,47,62,62,38,64,64,55,55,55,55,55,48,48,48,58,58,58,73,73,73,51],"gold":65,"neow_bonus":"BOSS_RELIC","is_prod":false,"is_daily":false,"chose_seed":false,"campfire_upgraded":5,"win_rate":0,"timestamp":1555495843,"path_taken":["M","?","$","?","M","M","R","E","T","?","R","?","M","M","R","BOSS","M","?","?","M","?","R","E","R","T","E","M","R","M","M","R","BOSS","M","?","M","?","M","R","M","E","T","R","?","R","?","M","R","BOSS"],"build_version":"2019-01-23","purchased_purges":1,"victory":true,"max_hp_per_floor":[66,66,66,66,66,66,66,66,66,66,66,66,66,66,66,66,66,66,66,66,66,66,66,66,66,66,66,66,66,66,66,66,66,71,71,71,71,71,71,71,71,71,71,81,78,78,78,78,78,78],"card_choices":[{"not_picked":["Deadly Poison","Cloak And Dagger"],"picked":"Poisoned Stab","floor":1.0},{"not_picked":["Deadly Poison","Acrobatics","Setup"],"picked":"SKIP","floor":2.0},{"not_picked":["Acrobatics","Deflect","Bane"],"picked":"SKIP","floor":5.0},{"not_picked":["Outmaneuver","Backflip"],"picked":"Dash","floor":6.0},{"not_picked":["Underhanded Strike","Blur"],"picked":"Dash","floor":8.0},{"not_picked":["Deadly Poison","Expertise"],"picked":"Dash","floor":10.0},{"not_picked":["Setup","Deflect","Infinite Blades"],"picked":"SKIP","floor":13.0},{"not_picked":["Backflip","Slice"],"picked":"Adrenaline","floor":14.0},{"not_picked":["Malaise","Glass Knife"],"picked":"Corpse Explosion","floor":16.0},{"not_picked":["Slice+1","Deadly Poison","PiercingWail"],"picked":"SKIP","floor":18.0},{"not_picked":["Deflect","Flying Knee+1"],"picked":"Underhanded Strike","floor":21.0},{"not_picked":["Setup","Dagger Throw"],"picked":"Backflip+1","floor":22.0},{"not_picked":["Leg Sweep","Backflip"],"picked":"Predator","floor":24.0},{"not_picked":["Deadly Poison","Concentrate"],"picked":"Bouncing Flask","floor":27.0},{"not_picked":["Accuracy","Finisher"],"picked":"Leg Sweep","floor":28.0},{"not_picked":["Infinite Blades","Acrobatics"],"picked":"Dash","floor":30.0},{"not_picked":["Terror","Blade Dance"],"picked":"Dagger Throw","floor":31.0},{"not_picked":["Venomology","Night Terror"],"picked":"Bullet Time","floor":33.0},{"not_picked":["Dagger Spray","Dagger Throw","PiercingWail"],"picked":"SKIP","floor":35.0},{"not_picked":["Flying Knee","Backflip"],"picked":"Underhanded Strike+1","floor":36.0},{"not_picked":["Blade Dance","Distraction","Dagger Spray"],"picked":"SKIP","floor":37.0},{"not_picked":["Masterful Stab","Distraction","Escape Plan"],"picked":"SKIP","floor":39.0},{"not_picked":["Flying Knee","Bane+1","Concentrate"],"picked":"SKIP","floor":41.0},{"not_picked":["Deflect+1","Masterful Stab","Sucker Punch+1"],"picked":"SKIP","floor":42.0},{"not_picked":["All Out Attack","Night Terror+1","Dagger Throw"],"picked":"SKIP","floor":47.0},{"not_picked":["PiercingWail+1","Prepared+1","Bane"],"picked":"SKIP","floor":48}],"player_experience":659920,"relics_obtained":[{"floor":8.0,"key":"Ornamental Fan"},{"floor":24.0,"key":"Bronze Scales"},{"floor":26.0,"key":"Regal Pillow"},{"floor":27.0,"key":"Shovel"},{"floor":32.0,"key":"Bottled Flame"},{"floor":36.0,"key":"Calipers"},{"floor":40.0,"key":"Oddly Smooth Stone"},{"floor":42.0,"key":"MawBank"},{"floor":43.0,"key":"Toxic Egg 2"},{"floor":44.0,"key":"Pear"},{"floor":46.0,"key":"Anchor"},{"floor":49,"key":"Boot"}],"event_choices":[{"damage_healed":0.0,"max_hp_gain":0.0,"max_hp_loss":0.0,"gold_gain":0.0,"cards_transformed":["Strike_G"],"event_name":"Transmorgrifier","player_choice":"Transformed","floor":4.0,"gold_loss":0.0,"damage_taken":0.0,"cards_obtained":["Venomology"]},{"damage_healed":0.0,"max_hp_gain":0.0,"max_hp_loss":0.0,"gold_gain":0.0,"event_name":"Shining Light","player_choice":"Ignored","floor":12.0,"gold_loss":0.0,"damage_taken":0.0},{"cards_removed":["Defend_G"],"damage_healed":0.0,"max_hp_gain":0.0,"max_hp_loss":0.0,"gold_gain":0.0,"event_name":"Beggar","player_choice":"Gave Gold","floor":19.0,"gold_loss":75.0,"damage_taken":0.0},{"damage_healed":0.0,"max_hp_gain":0.0,"max_hp_loss":0.0,"gold_gain":0.0,"event_name":"Transmorgrifier","player_choice":"Ignored","floor":20.0,"gold_loss":0.0,"damage_taken":0.0},{"damage_healed":0.0,"max_hp_gain":0.0,"max_hp_loss":0.0,"gold_gain":0.0,"event_name":"MindBloom","player_choice":"Fight","floor":36.0,"gold_loss":0.0,"damage_taken":0.0},{"damage_healed":0.0,"max_hp_gain":0.0,"max_hp_loss":0.0,"gold_gain":0.0,"event_name":"Mysterious Sphere","player_choice":"Ignored","floor":38.0,"gold_loss":0.0,"damage_taken":0.0}],"is_beta":false,"boss_relics":[{"not_picked":["Black Star","Astrolabe"],"picked":"Philosopher\u0027s Stone"},{"not_picked":["Runic Dome","Velvet Choker"],"picked":"Tiny House"}],"items_purged_floors":[45],"is_endless":false,"potions_floor_spawned":[5,6,13,14,18,27,30,31,36,37,39,48],"ascension_level":16}