{"gold_per_floor":[113,43,43,63,74,103,278,58,82,82,82],"floor_reached":11,"playtime":306,"items_purged":["Doubt"],"score":75,"play_id":"f08645ac-4014-4d7a-8f13-64f40bdecd40","local_time":"20190222230402","is_ascension_mode":true,"campfire_choices":[],"neow_cost":"CURSE","seed_source_timestamp":16996539154137,"circlet_count":0,"master_deck":["Defend_G","Defend_G","Defend_G","Defend_G","Defend_G","Strike_G","Strike_G","Strike_G","Strike_G","Strike_G","Survivor","Neutralize","Deadly Poison","Noxious Fumes","PiercingWail","Dagger Throw"],"relics":["Ring of the Snake","Mango","Regal Pillow","Boot","Juzu Bracelet","Anchor"],"potions_floor_usage":[11],"damage_taken":[{"damage":4,"enemies":"Cultist","floor":1,"turns":4},{"damage":0,"enemies":"2 Louse","floor":4,"turns":3},{"damage":7,"enemies":"Jaw Worm","floor":5,"turns":4},{"damage":30,"enemies":"Lagavulin","floor":6,"turns":6},{"damage":47,"enemies":"Gremlin Nob","floor":11,"turns":5}],"seed_played":"8404941998921671429","potions_obtained":[{"floor":6,"key":"SneckoOil"}],"is_trial":false,"path_per_floor":["M","$","?","M","M","E","?","$","T","?","E"],"character_chosen":"THE_SILENT","items_purchased":["Noxious Fumes","Juzu Bracelet"],"campfire_rested":0,"item_purchase_floors":[2,8],"current_hp_per_floor":[80,80,77,77,70,40,40,40,40,33,0],"gold":82,"neow_bonus":"ONE_RARE_RELIC","is_prod":false,"is_daily":false,"chose_seed":false,"campfire_upgraded":0,"win_rate":0,"timestamp":1550876642,"path_taken":["M","$","?","M","M","E","?","$","T","?","E"],"build_version":"2019-01-23","purchased_purges":1,"victory":false,"max_hp_per_floor":[84,84,84,84,84,84,84,84,84,84,84],"card_choices":[{"not_picked":["Quick Slash","Backflip"],"picked":"Deadly Poison","floor":1},{"not_picked":["PiercingWail","Well Laid Plans","Outmaneuver"],"picked":"SKIP","floor":4},{"not_picked":["Footwork","Crippling Poison"],"picked":"PiercingWail","floor":5},{"not_picked":["Reflex","Accuracy"],"picked":"Dagger Throw","floor":6}],"player_experience":263803,"relics_obtained":[{"floor":6,"key":"Boot"},{"floor":9,"key":"Anchor"}],"event_choices":[{"damage_healed":0,"gold_gain":0,"player_choice":"Success","damage_taken":3,"relics_obtained":["Regal Pillow"],"max_hp_gain":0,"max_hp_loss":0,"event_name":"Scrap Ooze","floor":3,"gold_loss":0},{"damage_healed":0,"gold_gain":175,"player_choice":"AGREE","damage_taken":0,"max_hp_gain":0,"max_hp_loss":0,"event_name":"Liars Game","floor":7,"gold_loss":0,"cards_obtained":["Doubt"]},{"cards_removed":["Clumsy"],"damage_healed":0,"gold_gain":0,"player_choice":"Card Removal","damage_taken":7,"max_hp_gain":0,"max_hp_loss":0,"event_name":"Golden Wing","floor":10,"gold_loss":0}],"is_beta":false,"boss_relics":[],"items_purged_floors":[8],"is_endless":false,"potions_floor_spawned":[6],"killed_by":"Gremlin Nob","ascension_level":1}