{"gold_per_floor":[13,13,29,43,63,63,81,81,81,111,111,111,126,126,126,202,202,216,231,281,281,281,281,299,334,358,4,18,18,35,35,35,35],"floor_reached":33,"playtime":1983,"items_purged":[],"score":507,"play_id":"e852dc4e-a988-40b7-aeb2-1e5e4f397a3f","local_time":"20190129115705","is_ascension_mode":true,"campfire_choices":[{"data":"Endless Agony","floor":6.0,"key":"SMITH"},{"data":"All Out Attack","floor":8.0,"key":"SMITH"},{"data":"All Out Attack","floor":11.0,"key":"SMITH"},{"data":"Neutralize","floor":15.0,"key":"SMITH"},{"floor":23.0,"key":"REST"},{"floor":32,"key":"REST"}],"neow_cost":"NO_GOLD","seed_source_timestamp":554594595247174,"circlet_count":0,"master_deck":["AscendersBane","Defend_G","Defend_G","Defend_G","Defend_G","Defend_G","Survivor","Neutralize+1","Poisoned Stab+1","All Out Attack+1","Endless Agony+1","All Out Attack+1","Poisoned Stab","Predator+1","All Out Attack+1","Die Die Die+1","Dash+1","Backflip","Blur","Bullet Time","Decay","Crippling Poison","Flash of Steel+1","Dash+1","Deflect","PiercingWail"],"special_seed":0,"relics":["Ring of the Snake","Molten Egg 2","Mummified Hand","WristBlade","Kunai","Smiling Mask","Lee\u0027s Waffle"],"potions_floor_usage":[28,33],"damage_taken":[{"damage":1.0,"enemies":"2 Louse","floor":1.0,"turns":3.0},{"damage":0.0,"enemies":"Jaw Worm","floor":3.0,"turns":4.0},{"damage":0.0,"enemies":"Small Slimes","floor":4.0,"turns":2.0},{"damage":4.0,"enemies":"Looter","floor":5.0,"turns":3.0},{"damage":7.0,"enemies":"Exordium Wildlife","floor":7.0,"turns":3.0},{"damage":21.0,"enemies":"Gremlin Nob","floor":10.0,"turns":4.0},{"damage":0.0,"enemies":"2 Fungi Beasts","floor":13.0,"turns":3.0},{"damage":12.0,"enemies":"Hexaghost","floor":16.0,"turns":7.0},{"damage":18.0,"enemies":"Shell Parasite","floor":18.0,"turns":5.0},{"damage":12.0,"enemies":"Spheric Guardian","floor":19.0,"turns":5.0},{"damage":8.0,"enemies":"Snake Plant","floor":24.0,"turns":3.0},{"damage":15.0,"enemies":"Gremlin Leader","floor":25.0,"turns":6.0},{"damage":23,"enemies":"Shelled Parasite and Fungi","floor":28,"turns":6},{"damage":13,"enemies":"Snecko","floor":30,"turns":5},{"damage":67,"enemies":"Champ","floor":33,"turns":16}],"seed_played":"-2913510880985038711","potions_obtained":[{"floor":4.0,"key":"GhostInAJar"},{"floor":5.0,"key":"Dexterity Potion"},{"floor":7.0,"key":"PowerPotion"},{"floor":13.0,"key":"Fire Potion"},{"floor":16.0,"key":"AttackPotion"},{"floor":19.0,"key":"LiquidBronze"}],"is_trial":false,"path_per_floor":["M","?","M","M","M","R","M","R","T","E","R","?","M","?","R","B",null,"M","M","?","?","?","R","M","E","T","$","M","?","M","$","R","B"],"character_chosen":"THE_SILENT","items_purchased":["Lee\u0027s Waffle","Flash of Steel+1","Dash+1"],"campfire_rested":2,"item_purchase_floors":[27,27,27],"current_hp_per_floor":[58,58,58,58,54,54,47,47,47,26,26,19,19,19,19,7,51,33,21,21,21,21,40,32,17,17,73,50,50,37,37,58,0],"gold":35,"neow_bonus":"REMOVE_TWO","is_prod":false,"is_daily":false,"chose_seed":false,"campfire_upgraded":4,"win_rate":0,"timestamp":1548781025,"path_taken":["M","?","M","M","M","R","M","R","T","E","R","?","M","?","R","BOSS","M","M","?","?","?","R","?","E","T","$","M","?","M","$","R","BOSS"],"build_version":"2019-01-23","purchased_purges":0,"victory":false,"max_hp_per_floor":[66,66,66,66,66,66,66,66,66,66,66,66,66,66,66,66,66,66,66,66,66,66,66,66,66,66,73,73,73,73,73,73,73],"card_choices":[{"not_picked":["Dodge and Roll","Eviscerate"],"picked":"Poisoned Stab","floor":1.0},{"not_picked":["Underhanded Strike","Riddle With Holes"],"picked":"All Out Attack","floor":3.0},{"not_picked":["Distraction","Deadly Poison"],"picked":"Endless Agony","floor":4.0},{"not_picked":["Distraction","Quick Slash"],"picked":"All Out Attack","floor":5.0},{"not_picked":["Infinite Blades","Dagger Spray"],"picked":"Poisoned Stab","floor":7.0},{"not_picked":["Bane+1","Slice+1"],"picked":"Predator+1","floor":10.0},{"not_picked":["Envenom","Dodge and Roll"],"picked":"All Out Attack+1","floor":13.0},{"not_picked":["Doppelganger","Venomology"],"picked":"Die Die Die+1","floor":16.0},{"not_picked":["Dagger Throw+1","Dodge and Roll"],"picked":"Dash+1","floor":18.0},{"not_picked":["Poisoned Stab+1","Crippling Poison"],"picked":"Backflip","floor":19.0},{"not_picked":["Flechettes+1","Poisoned Stab+1"],"picked":"Crippling Poison","floor":24.0},{"not_picked":["Tactician+1","Riddle With Holes+1","Concentrate+1"],"picked":"SKIP","floor":25.0},{"not_picked":["Heel Hook+1","Flying Knee+1"],"picked":"Deflect","floor":28},{"not_picked":["Infinite Blades","Poisoned Stab+1"],"picked":"PiercingWail","floor":30}],"player_experience":599347,"relics_obtained":[{"floor":9.0,"key":"Molten Egg 2"},{"floor":10.0,"key":"Mummified Hand"},{"floor":25.0,"key":"Kunai"},{"floor":26.0,"key":"Smiling Mask"}],"event_choices":[{"damage_healed":0.0,"max_hp_gain":0.0,"max_hp_loss":0.0,"gold_gain":0.0,"event_name":"Living Wall","player_choice":"Grow","floor":2.0,"gold_loss":0.0,"damage_taken":0.0,"cards_upgraded":["Poisoned Stab"]},{"cards_removed":["Strike_G"],"damage_healed":0.0,"max_hp_gain":0.0,"max_hp_loss":0.0,"gold_gain":0.0,"event_name":"Golden Wing","player_choice":"Card Removal","floor":12.0,"gold_loss":0.0,"damage_taken":7.0},{"damage_healed":0.0,"max_hp_gain":0.0,"max_hp_loss":0.0,"gold_gain":0.0,"event_name":"Scrap Ooze","player_choice":"Fled","floor":14.0,"gold_loss":0.0,"damage_taken":0.0},{"damage_healed":0.0,"max_hp_gain":0.0,"max_hp_loss":0.0,"gold_gain":50.0,"event_name":"Nest","player_choice":"Stole From Cult","floor":20.0,"gold_loss":0.0,"damage_taken":0.0},{"damage_healed":0.0,"max_hp_gain":0.0,"max_hp_loss":0.0,"gold_gain":0.0,"cards_transformed":["Strike_G","Strike_G"],"event_name":"Drug Dealer","player_choice":"Became Test Subject","floor":21.0,"gold_loss":0.0,"damage_taken":0.0,"cards_obtained":["Blur","Bullet Time"]},{"damage_healed":0.0,"max_hp_gain":0.0,"max_hp_loss":0.0,"gold_gain":0.0,"event_name":"Forgotten Altar","player_choice":"Smashed Altar","floor":22.0,"gold_loss":0.0,"damage_taken":0.0,"cards_obtained":["Decay"]},{"damage_healed":0,"gold_gain":0,"player_choice":"Ignored","damage_taken":0,"max_hp_gain":0,"max_hp_loss":0,"event_name":"N\u0027loth","floor":29,"gold_loss":0}],"is_beta":false,"boss_relics":[{"not_picked":["Snecko Eye","Velvet Choker"],"picked":"WristBlade"}],"items_purged_floors":[],"is_endless":false,"potions_floor_spawned":[4,5,7,10,13,16,19],"killed_by":"Champ","ascension_level":18}