{"gold_per_floor":[119,119,131,143,318,318,318,336,336,28,4,4,18,36,36,134,134,145,29,29,41,41,41,41,41,41,54,73,73,83,97,97,97],"floor_reached":33,"playtime":1106,"items_purged":[],"score":239,"play_id":"d8e4c2f5-4229-453a-81f4-9dc2bea4c6c8","local_time":"20180905184128","is_ascension_mode":false,"campfire_choices":[{"data":"Cold Snap","floor":6,"key":"SMITH"},{"floor":15,"key":"REST"},{"floor":23,"key":"REST"},{"floor":29,"key":"REST"},{"floor":32,"key":"REST"}],"neow_cost":"NONE","seed_source_timestamp":1510610446266123,"circlet_count":0,"master_deck":["Strike_B","Strike_B","Strike_B","Strike_B","Defend_B+1","Defend_B","Defend_B+1","Defend_B","Zap+1","Dualcast","Glacier","Go for the Eyes","Cold Snap+1","Doubt","Rebound","Auto Shields","Turbo","Defragment","Cold Snap","Compile Driver","Compile Driver","Amplify","Sunder","Mind Blast","Conserve Battery","Blizzard+1","J.A.X.","Doubt","Leap+1","Steam Power+1","BootSequence+1","Multi-Cast"],"relics":["Cracked Core","Pen Nib","Ancient Tea Set","Lantern","Art of War","Cursed Key","Enchiridion","Ornamental Fan"],"potions_floor_usage":[16,16,18,33,33,33,33,33],"damage_taken":[{"damage":3,"enemies":"Jaw Worm","floor":1,"turns":3},{"damage":0,"enemies":"2 Louse","floor":3,"turns":2},{"damage":0,"enemies":"Cultist","floor":4,"turns":3},{"damage":9,"enemies":"Red Slaver","floor":8,"turns":2},{"damage":0,"enemies":"Large Slime","floor":13,"turns":7},{"damage":4,"enemies":"Exordium Thugs","floor":14,"turns":3},{"damage":34,"enemies":"Slime Boss","floor":16,"turns":15},{"damage":8,"enemies":"2 Thieves","floor":18,"turns":4},{"damage":21,"enemies":"Chosen","floor":21,"turns":5},{"damage":20,"enemies":"Centurion and Healer","floor":27,"turns":5},{"damage":3,"enemies":"Cultist and Chosen","floor":28,"turns":6},{"damage":7,"enemies":"Shelled Parasite and Fungi","floor":30,"turns":6},{"damage":0,"enemies":"Centurion and Healer","floor":31,"turns":5},{"damage":78,"enemies":"Automaton","floor":33,"turns":12}],"seed_played":"-1759304934094525062","potions_obtained":[{"floor":4,"key":"Poison Potion"},{"floor":14,"key":"Poison Potion"},{"floor":16,"key":"Swift Potion"},{"floor":27,"key":"Dexterity Potion"},{"floor":31,"key":"EntropicBrew"}],"is_trial":false,"path_per_floor":["M","?","M","M","?","R","?","M","T","$","$","T","M","M","R","B",null,"M","$","?","M","$","R","?","?","T","M","M","R","M","M","R"],"character_chosen":"DEFECT","items_purchased":["Auto Shields","Lantern","Turbo","Defragment","Cold Snap","Mind Blast","Conserve Battery"],"campfire_rested":4,"item_purchase_floors":[10,10,10,10,11,19,19],"current_hp_per_floor":[72,72,72,72,72,72,57,48,48,48,48,48,48,44,66,32,75,67,67,53,32,32,56,56,40,40,20,17,41,34,34,58,0],"gold":97,"neow_bonus":"RANDOM_COMMON_RELIC","is_prod":false,"is_daily":false,"chose_seed":false,"campfire_upgraded":1,"win_rate":0,"timestamp":1536165688,"path_taken":["M","?","M","?","?","R","?","M","T","?","$","?","M","?","R","BOSS","M","$","?","M","$","R","?","?","T","?","M","R","M","M","R","BOSS"],"build_version":"2018-08-30","purchased_purges":0,"victory":false,"max_hp_per_floor":[75,75,75,75,75,75,75,75,75,75,75,75,75,75,75,75,75,75,75,80,80,80,80,80,80,80,80,80,80,80,80,80,80],"card_choices":[{"not_picked":["Leap","Tempest"],"picked":"Glacier","floor":1},{"not_picked":["Barrage","Hologram"],"picked":"Go for the Eyes","floor":3},{"not_picked":["Darkness","Hologram"],"picked":"Cold Snap","floor":4},{"not_picked":["Gash","Biased Cognition"],"picked":"Rebound","floor":8},{"not_picked":["Fusion","Turbo"],"picked":"Compile Driver","floor":13},{"not_picked":["Cold Snap","Aggregate"],"picked":"Compile Driver","floor":14},{"not_picked":["Thunder Strike","All For One"],"picked":"Amplify","floor":16},{"not_picked":["Gash+1","Conserve Battery"],"picked":"Sunder","floor":18},{"not_picked":["Rebound+1","Rip and Tear"],"picked":"Blizzard+1","floor":21},{"not_picked":["Lockon","Go for the Eyes"],"picked":"Leap+1","floor":27},{"not_picked":["Cold Snap","Heatsinks"],"picked":"Steam Power+1","floor":28},{"not_picked":["Compile Driver","Double Energy"],"picked":"BootSequence+1","floor":30},{"not_picked":["Skim","Self Repair"],"picked":"Multi-Cast","floor":31}],"player_experience":229615,"relics_obtained":[{"floor":9,"key":"Ancient Tea Set"},{"floor":12,"key":"Art of War"},{"floor":25,"key":"Enchiridion"},{"floor":26,"key":"Ornamental Fan"}],"event_choices":[{"event_name":"Living Wall","player_choice":"Grow","floor":2,"damage_taken":0},{"event_name":"Liars Game","player_choice":"agreed","floor":5,"damage_taken":0},{"event_name":"Shining Light","player_choice":"Entered Light","floor":7,"damage_taken":0},{"event_name":"Forgotten Altar","player_choice":"Shed Blood","floor":20,"damage_taken":0},{"event_name":"Drug Dealer","player_choice":"Got JAX","floor":24,"damage_taken":0},{"event_name":"Cursed Tome","player_choice":"Obtained Book","floor":25,"damage_taken":0}],"is_beta":false,"boss_relics":[{"not_picked":["Astrolabe","Coffee Dripper"],"picked":"Cursed Key"}],"items_purged_floors":[],"is_endless":false,"potions_floor_spawned":[4,14,16,27,31],"killed_by":"Automaton","ascension_level":0}