{"gold_per_floor":[113,131,143,155,155,184,204,204,204,234,234,234,250,265,265,342,342,356,356,369,126,141,167,167,201,224,256,287,310,347,359,371,462,474,496,508,534,557,317,347,347,362,362,396,396,396,426,189,189,189,189,189,189,147,173,173],"floor_reached":57,"playtime":4398,"items_purged":[],"score":3153,"play_id":"954782cb-754f-4a32-b2c7-1820d24a4141","local_time":"20190414195807","is_ascension_mode":true,"campfire_choices":[{"data":"Carnage","floor":8.0,"key":"SMITH"},{"data":"Cleave","floor":12.0,"key":"SMITH"},{"data":"Intimidate","floor":15.0,"key":"SMITH"},{"data":"Armaments","floor":24.0,"key":"SMITH"},{"data":"Demon Form","floor":32.0,"key":"SMITH"},{"floor":41.0,"key":"RECALL"},{"data":"Battle Trance","floor":45.0,"key":"SMITH"},{"data":"Feel No Pain","floor":49,"key":"SMITH"},{"data":"Heavy Blade","floor":53,"key":"SMITH"}],"neow_cost":"NONE","seed_source_timestamp":297698472940081,"circlet_count":0,"master_deck":["AscendersBane","Bash+1","Iron Wave","Thunderclap","Carnage+1","Cleave+1","True Grit","Iron Wave","Battle Trance+1","Anger","Intimidate+1","Feed","Shockwave","Heavy Blade+1","Thunderclap","Reaper","Sentinel","Shrug It Off","Dark Embrace","Havoc","Heavy Blade","Armaments+1","Corruption","Master of Strategy","Flame Barrier","Barricade","Flame Barrier+1","Shrug It Off","Demon Form+1","Sentinel","Reaper","Corruption","Dark Shackles","Secret Technique","Jack Of All Trades","Rage","Ghostly Armor+1","Sentinel","Evolve+1","Armaments+1","Flame Barrier+1","Ghostly Armor+1","Feel No Pain+1","Impervious","Intimidate","Limit Break"],"special_seed":0,"relics":["Burning Blood","Anchor","Self Forming Clay","Regal Pillow","Charon\u0027s Ashes","Pandora\u0027s Box","Mummified Hand","Omamori","MawBank","Ornamental Fan","Snecko Eye","Oddly Smooth Stone","Red Skull","Smiling Mask","Bottled Tornado","Bird Faced Urn"],"potions_floor_usage":[56,56],"damage_taken":[{"damage":8.0,"enemies":"2 Louse","floor":1.0,"turns":4.0},{"damage":1.0,"enemies":"Small Slimes","floor":2.0,"turns":4.0},{"damage":1.0,"enemies":"Cultist","floor":3.0,"turns":4.0},{"damage":16.0,"enemies":"Gremlin Gang","floor":4.0,"turns":5.0},{"damage":35.0,"enemies":"Lagavulin","floor":6.0,"turns":5.0},{"damage":10.0,"enemies":"Large Slime","floor":7.0,"turns":7.0},{"damage":10.0,"enemies":"3 Sentries","floor":10.0,"turns":7.0},{"damage":0.0,"enemies":"3 Louse","floor":13.0,"turns":3.0},{"damage":0.0,"enemies":"Exordium Wildlife","floor":14.0,"turns":2.0},{"damage":7.0,"enemies":"Slime Boss","floor":16.0,"turns":7.0},{"damage":9.0,"enemies":"2 Thieves","floor":18.0,"turns":4.0},{"damage":12.0,"enemies":"Shell Parasite","floor":20.0,"turns":6.0},{"damage":18.0,"enemies":"Centurion and Healer","floor":22.0,"turns":5.0},{"damage":17.0,"enemies":"Book of Stabbing","floor":23.0,"turns":5.0},{"damage":0.0,"enemies":"Gremlin Leader","floor":25.0,"turns":4.0},{"damage":0.0,"enemies":"3 Cultists","floor":27.0,"turns":4.0},{"damage":0.0,"enemies":"Sentry and Sphere","floor":28.0,"turns":3.0},{"damage":40.0,"enemies":"Cultist and Chosen","floor":29.0,"turns":6.0},{"damage":1.0,"enemies":"Slavers","floor":30.0,"turns":4.0},{"damage":14.0,"enemies":"Collector","floor":33.0,"turns":6.0},{"damage":12.0,"enemies":"3 Shapes","floor":35.0,"turns":3.0},{"damage":0.0,"enemies":"3 Darklings","floor":37.0,"turns":2.0},{"damage":0.0,"enemies":"Jaw Worm Horde","floor":38.0,"turns":5.0},{"damage":0.0,"enemies":"Nemesis","floor":40.0,"turns":5.0},{"damage":5.0,"enemies":"Spire Growth","floor":42.0,"turns":4.0},{"damage":0.0,"enemies":"Giant Head","floor":44.0,"turns":5.0},{"damage":3,"enemies":"Nemesis","floor":47,"turns":5},{"damage":0,"enemies":"Time Eater","floor":50,"turns":8},{"damage":8,"enemies":"Awakened One","floor":51,"turns":6},{"damage":47,"enemies":"Shield and Spear","floor":55,"turns":5},{"damage":36,"enemies":"The Heart","floor":56,"turns":6}],"seed_played":"-6960026996171609949","potions_obtained":[{"floor":3.0,"key":"Ancient Potion"},{"floor":7.0,"key":"Fire Potion"},{"floor":10.0,"key":"Block Potion"},{"floor":13.0,"key":"SkillPotion"},{"floor":20.0,"key":"GamblersBrew"},{"floor":22.0,"key":"Weak Potion"},{"floor":28.0,"key":"LiquidBronze"}],"is_trial":false,"path_per_floor":["M","M","M","M","?","E","M","R","T","E","?","R","M","M","R","B",null,"M","?","M","$","M","E","R","E","T","M","M","M","E","?","R","B",null,"M","?","M","M","$","E","R","M","T","E","R","?","E","$","R","B","B",null,"R","$","E","B",null],"character_chosen":"IRONCLAD","items_purchased":["Corruption","Master of Strategy","Oddly Smooth Stone","Sentinel","Feel No Pain","Impervious","Intimidate"],"campfire_rested":0,"item_purchase_floors":[21,21,39,39,48,48,54],"current_hp_per_floor":[66,71,75,65,70,41,37,37,37,33,28,28,34,40,40,39,70,70,83,83,83,81,74,74,86,86,91,91,60,74,74,74,86,94,91,81,103,107,107,111,111,111,111,111,111,111,115,115,115,115,113,115,115,115,110,115],"gold":173,"neow_bonus":"UPGRADE_CARD","is_prod":false,"is_daily":false,"chose_seed":false,"campfire_upgraded":8,"win_rate":0,"timestamp":1555289887,"path_taken":["M","M","M","M","?","E","M","R","T","E","?","R","M","M","R","BOSS","M","?","?","$","M","E","R","E","T","?","?","M","E","?","R","BOSS","M","?","M","M","$","E","R","M","T","E","R","?","E","$","R","BOSS","BOSS","R","$","E","BOSS"],"build_version":"2019-01-23","purchased_purges":0,"victory":true,"max_hp_per_floor":[75,75,75,75,80,80,80,80,80,80,80,80,80,80,80,80,80,83,83,83,83,87,91,91,91,91,91,91,94,97,97,97,97,97,100,100,103,107,107,111,111,111,111,111,111,111,115,115,115,115,115,115,115,115,115,115],"card_choices":[{"not_picked":["Sword Boomerang","Fire Breathing"],"picked":"Iron Wave","floor":1.0},{"not_picked":["Seeing Red","Havoc"],"picked":"Thunderclap","floor":2.0},{"not_picked":["Havoc","Combust"],"picked":"Carnage","floor":3.0},{"not_picked":["Blood for Blood","Perfected Strike"],"picked":"Cleave","floor":4.0},{"not_picked":["Sword Boomerang","Perfected Strike"],"picked":"True Grit","floor":6.0},{"not_picked":["Seeing Red","Pommel Strike"],"picked":"Iron Wave","floor":7.0},{"not_picked":["Carnage","Second Wind"],"picked":"Battle Trance","floor":10.0},{"not_picked":["Pommel Strike","Flex"],"picked":"Anger","floor":13.0},{"not_picked":["Thunderclap","Pommel Strike"],"picked":"Intimidate","floor":14.0},{"not_picked":["Fiend Fire","Dark Embrace"],"picked":"Feed","floor":16.0},{"not_picked":["Havoc","Twin Strike"],"picked":"Armaments","floor":18.0},{"not_picked":["Iron Wave","Body Slam","Sword Boomerang"],"picked":"SKIP","floor":20.0},{"not_picked":["Cleave","Iron Wave"],"picked":"Flame Barrier","floor":22.0},{"not_picked":["Thunderclap","Dual Wield"],"picked":"Barricade","floor":23.0},{"not_picked":["True Grit","Perfected Strike"],"picked":"Flame Barrier+1","floor":25.0},{"not_picked":["Thunderclap","Reckless Charge","Clothesline"],"picked":"SKIP","floor":27.0},{"not_picked":["Havoc","Sever Soul","Bloodletting"],"picked":"SKIP","floor":28.0},{"not_picked":["Iron Wave","Armaments"],"picked":"Shrug It Off","floor":29.0},{"not_picked":["Thunderclap","Seeing Red"],"picked":"Demon Form","floor":30.0},{"not_picked":["Feed","Immolate"],"picked":"Reaper","floor":33.0},{"not_picked":["Dropkick","Sentinel"],"picked":"Corruption","floor":35.0},{"not_picked":["Bandage Up","Secret Technique"],"picked":"Dark Shackles","floor":36.0},{"not_picked":["Impatience","Finesse"],"picked":"Secret Technique","floor":36.0},{"not_picked":["Impatience","Forethought"],"picked":"Jack Of All Trades","floor":36.0},{"not_picked":["Sword Boomerang","Rampage"],"picked":"Rage","floor":37.0},{"not_picked":["Sword Boomerang","Clothesline"],"picked":"Ghostly Armor+1","floor":38.0},{"not_picked":["Power Through","True Grit"],"picked":"Evolve+1","floor":40.0},{"not_picked":["Warcry+1","Headbutt"],"picked":"Armaments+1","floor":42.0},{"not_picked":["Intimidate+1","Wild Strike"],"picked":"Flame Barrier+1","floor":44.0},{"not_picked":["Wild Strike","Twin Strike"],"picked":"Ghostly Armor+1","floor":47},{"not_picked":["Anger","Rampage"],"picked":"Limit Break","floor":55}],"player_experience":1060589,"relics_obtained":[{"floor":6.0,"key":"Anchor"},{"floor":9.0,"key":"Self Forming Clay"},{"floor":10.0,"key":"Regal Pillow"},{"floor":23.0,"key":"Mummified Hand"},{"floor":25.0,"key":"Omamori"},{"floor":26.0,"key":"MawBank"},{"floor":30.0,"key":"Ornamental Fan"},{"floor":40.0,"key":"Red Skull"},{"floor":44.0,"key":"Smiling Mask"},{"floor":47,"key":"Bottled Tornado"},{"floor":55,"key":"Bird Faced Urn"}],"event_choices":[{"damage_healed":0.0,"max_hp_gain":5.0,"max_hp_loss":0.0,"gold_gain":0.0,"event_name":"Big Fish","player_choice":"Donut","floor":5.0,"gold_loss":0.0,"damage_taken":0.0},{"damage_healed":0.0,"max_hp_gain":0.0,"max_hp_loss":0.0,"gold_gain":0.0,"event_name":"Scrap Ooze","player_choice":"Success","floor":11.0,"gold_loss":0.0,"damage_taken":5.0,"relics_obtained":["Charon\u0027s Ashes"]},{"damage_healed":13.0,"max_hp_gain":0.0,"max_hp_loss":0.0,"gold_gain":0.0,"event_name":"Wheel of Change","player_choice":"Full Heal","floor":19.0,"gold_loss":0.0,"damage_taken":0.0},{"damage_healed":0.0,"max_hp_gain":0.0,"max_hp_loss":0.0,"gold_gain":0.0,"event_name":"The Library","player_choice":"Read","floor":31.0,"gold_loss":0.0,"damage_taken":0.0,"cards_obtained":["Sentinel"]},{"damage_healed":0.0,"max_hp_gain":0.0,"max_hp_loss":0.0,"gold_gain":0.0,"event_name":"SensoryStone","player_choice":"Memory 3","floor":36.0,"gold_loss":0.0,"damage_taken":10.0},{"damage_healed":0.0,"max_hp_gain":0.0,"max_hp_loss":0.0,"gold_gain":0.0,"event_name":"Tomb of Lord Red Mask","player_choice":"Ignored","floor":46.0,"gold_loss":0.0,"damage_taken":0.0}],"is_beta":false,"boss_relics":[{"not_picked":["Black Star","Calling Bell"],"picked":"Pandora\u0027s Box"},{"not_picked":["Black Blood","Sozu"],"picked":"Snecko Eye"}],"items_purged_floors":[],"is_endless":false,"potions_floor_spawned":[3,7,10,13,18,20,22,23,28,40,44,47,55],"ascension_level":20}