{"gold_per_floor":[365,540,87,101,117,117,152,166,166,185,204,204,15,15,15,115,115,70,70,70,25,25,25,25,25,25,25,25,25,25,25,25,25],"floor_reached":33,"playtime":3819,"items_purged":["Doubt"],"score":312,"play_id":"22b81bd9-792d-4cf8-89e5-5d9ee4e5c7b5","local_time":"20181014170425","is_ascension_mode":false,"campfire_choices":[{"data":"Zap","floor":6,"key":"SMITH"},{"floor":15,"key":"REST"},{"data":"Streamline","floor":24,"key":"SMITH"},{"data":"Reboot","floor":32,"key":"SMITH"}],"neow_cost":"TEN_PERCENT_HP_LOSS","seed_source_timestamp":339823585051812,"circlet_count":0,"master_deck":["Strike_B","Strike_B","Strike_B","Defend_B","Defend_B","Defend_B","Defend_B","Zap+1","Dualcast","Conserve Battery+1","Glacier+1","Melter","Sweeping Beam","Seek+1","Static Discharge","Auto Shields","Hologram","FTL","Reboot+1","Core Surge","Redo","Double Energy+1","Streamline+1","Leap","Cold Snap","Go for the Eyes","BootSequence","Coolheaded"],"relics":["Cracked Core","War Paint","Bag of Preparation","Cables","Letter Opener","Lantern","Ectoplasm","Red Mask","Blue Candle","Dream Catcher","Juzu Bracelet"],"potions_floor_usage":[7,11,16,23,25,25,33],"damage_taken":[{"damage":2,"enemies":"Small Slimes","floor":1,"turns":4},{"damage":1,"enemies":"Jaw Worm","floor":4,"turns":5},{"damage":0,"enemies":"Cultist","floor":5,"turns":3},{"damage":26,"enemies":"Lagavulin","floor":7,"turns":5},{"damage":14,"enemies":"Gremlin Gang","floor":8,"turns":2},{"damage":0,"enemies":"2 Fungi Beasts","floor":10,"turns":2},{"damage":0,"enemies":"Large Slime","floor":11,"turns":3},{"damage":4,"enemies":"The Guardian","floor":16,"turns":9},{"damage":0,"enemies":"2 Thieves","floor":18,"turns":3},{"damage":0,"enemies":"Spheric Guardian","floor":19,"turns":1},{"damage":0,"enemies":"Masked Bandits","floor":20,"turns":5},{"damage":5,"enemies":"Snake Plant","floor":22,"turns":4},{"damage":8,"enemies":"Book of Stabbing","floor":23,"turns":3},{"damage":0,"enemies":"Slavers","floor":25,"turns":4},{"damage":0,"enemies":"3 Cultists","floor":27,"turns":5},{"damage":0,"enemies":"Shelled Parasite and Fungi","floor":29,"turns":6},{"damage":57,"enemies":"Champ","floor":33,"turns":13}],"seed_played":"-1043557567598032075","potions_obtained":[{"floor":5,"key":"FearPotion"},{"floor":7,"key":"Regen Potion"},{"floor":8,"key":"FearPotion"},{"floor":10,"key":"Poison Potion"},{"floor":11,"key":"AttackPotion"},{"floor":19,"key":"FocusPotion"},{"floor":20,"key":"Strength Potion"},{"floor":23,"key":"Poison Potion"}],"is_trial":false,"path_per_floor":["M","?","$","M","M","R","E","M","T","M","M","?","$","?","R","B",null,"M","M","?","$","M","E","R","E","T","M","?","M","?","?","R"],"character_chosen":"DEFECT","items_purchased":["Glacier","War Paint","Bag of Preparation","Lantern","FTL","Streamline"],"campfire_rested":1,"item_purchase_floors":[3,3,3,13,13,21],"current_hp_per_floor":[66,66,66,65,65,65,39,25,25,25,25,25,25,25,45,56,68,68,68,68,68,63,55,55,55,55,55,55,55,55,55,55,0],"gold":25,"neow_bonus":"TWO_FIFTY_GOLD","is_prod":false,"is_daily":false,"chose_seed":false,"campfire_upgraded":3,"win_rate":0,"timestamp":1539551065,"path_taken":["M","?","$","?","M","R","E","M","T","M","M","?","$","?","R","BOSS","M","M","?","$","M","E","R","E","T","M","?","M","?","?","R","BOSS"],"build_version":"2018-10-11","purchased_purges":1,"victory":false,"max_hp_per_floor":[68,68,68,68,68,68,68,68,68,68,68,68,68,68,68,68,68,68,68,68,68,68,68,68,68,68,68,68,68,68,68,68,68],"card_choices":[{"not_picked":["Compile Driver","Stack"],"picked":"Conserve Battery","floor":1},{"not_picked":["Conserve Battery","Beam Cell"],"picked":"Melter","floor":4},{"not_picked":["Ball Lightning","Force Field"],"picked":"Sweeping Beam","floor":5},{"not_picked":["Cold Snap","Storm"],"picked":"Seek","floor":7},{"not_picked":["Hologram","Gash"],"picked":"Static Discharge","floor":8},{"not_picked":["Compile Driver","Rebound"],"picked":"Auto Shields","floor":10},{"not_picked":["Sunder","Sweeping Beam"],"picked":"Hologram","floor":11},{"not_picked":["Rainbow","All For One"],"picked":"Core Surge","floor":16},{"not_picked":["Streamline","Go for the Eyes"],"picked":"Redo","floor":18},{"not_picked":["Scrape+1","Gash+1"],"picked":"Double Energy+1","floor":19},{"not_picked":["Rip and Tear","Sunder+1"],"picked":"Leap","floor":22},{"not_picked":["Streamline","Thunder Strike"],"picked":"Cold Snap","floor":23},{"not_picked":["Compile Driver+1","Steam"],"picked":"Go for the Eyes","floor":25},{"not_picked":["Hologram","Beam Cell+1"],"picked":"BootSequence","floor":27},{"not_picked":["Streamline","Hologram"],"picked":"Coolheaded","floor":29}],"player_experience":354595,"relics_obtained":[{"floor":7,"key":"Cables"},{"floor":9,"key":"Letter Opener"},{"floor":20,"key":"Red Mask"},{"floor":23,"key":"Blue Candle"},{"floor":25,"key":"Dream Catcher"},{"floor":26,"key":"Juzu Bracelet"}],"event_choices":[{"event_name":"Liars Game","player_choice":"agreed","floor":2,"damage_taken":0},{"event_name":"The Woman in Blue","player_choice":"Bought 0 Potions","floor":12,"damage_taken":0},{"event_name":"Transmorgrifier","player_choice":"Transform","floor":14,"damage_taken":0},{"event_name":"Masked Bandits","player_choice":"Fought Bandits","floor":20,"damage_taken":0},{"event_name":"Accursed Blacksmith","player_choice":"Forge","floor":28,"damage_taken":0},{"event_name":"The Mausoleum","player_choice":"No","floor":30,"damage_taken":0},{"event_name":"Ghosts","player_choice":"Ignored","floor":31,"damage_taken":0}],"is_beta":false,"boss_relics":[{"not_picked":["Inserter","Runic Pyramid"],"picked":"Ectoplasm"}],"items_purged_floors":[3],"is_endless":false,"potions_floor_spawned":[5,7,8,10,11,19,20,23],"killed_by":"Champ","ascension_level":0}