{"gold_per_floor":[118,138,150,162,337,350,350,350,350,369,369,294,312,329,329,430,430,445,456,481,341,353,353,353,353,380,395,395],"floor_reached":28,"playtime":1166,"items_purged":["Doubt","Strike_G"],"score":216,"play_id":"23088cd4-6f7d-4a53-9019-40f4ce1a5f95","local_time":"20190306175957","is_ascension_mode":false,"campfire_choices":[{"data":"Caltrops","floor":15,"key":"SMITH"},{"floor":23,"key":"REST"}],"neow_cost":"NONE","seed_source_timestamp":340043074893537,"circlet_count":0,"master_deck":["Defend_G+1","Defend_G+1","Defend_G+1","Defend_G+1","Defend_G+1","Strike_G+1","Strike_G+1","Strike_G+1","Strike_G+1","Survivor","Neutralize","Poisoned Stab","Noxious Fumes+1","Leg Sweep","All Out Attack+1","Underhanded Strike","Caltrops+1","Bane","Tools of the Trade","Prepared+1","Bouncing Flask","Footwork","Dodge and Roll","Outmaneuver+1"],"relics":["Philosopher\u0027s Stone"],"potions_floor_usage":[7,20,22,27,28],"damage_taken":[{"damage":0,"enemies":"2 Louse","floor":1,"turns":3},{"damage":0,"enemies":"Small Slimes","floor":2,"turns":4},{"damage":0,"enemies":"Jaw Worm","floor":3,"turns":4},{"damage":3,"enemies":"3 Louse","floor":4,"turns":4},{"damage":7,"enemies":"2 Fungi Beasts","floor":6,"turns":4},{"damage":0,"enemies":"Exordium Wildlife","floor":7,"turns":2},{"damage":1,"enemies":"Gremlin Gang","floor":10,"turns":3},{"damage":15,"enemies":"Exordium Thugs","floor":13,"turns":4},{"damage":3,"enemies":"Large Slime","floor":14,"turns":4},{"damage":16,"enemies":"Hexaghost","floor":16,"turns":9},{"damage":32,"enemies":"Shell Parasite","floor":18,"turns":6},{"damage":17,"enemies":"Spheric Guardian","floor":19,"turns":5},{"damage":6,"enemies":"Masked Bandits","floor":20,"turns":4},{"damage":13,"enemies":"Shelled Parasite and Fungi","floor":22,"turns":6},{"damage":12,"enemies":"Cultist and Chosen","floor":27,"turns":7},{"damage":27,"enemies":"Slavers","floor":28,"turns":1}],"seed_played":"297872431226053422","potions_obtained":[{"floor":3,"key":"SmokeBomb"},{"floor":10,"key":"Ancient Potion"},{"floor":13,"key":"Explosive Potion"},{"floor":16,"key":"LiquidBronze"},{"floor":19,"key":"Block Potion"},{"floor":22,"key":"SkillPotion"}],"is_trial":false,"path_per_floor":["M","M","M","M","?","M","M","?","T","M","?","$","M","M","R","B",null,"M","M","?","$","M","R","?","?","T","M","E"],"character_chosen":"THE_SILENT","items_purchased":["Footwork"],"campfire_rested":1,"item_purchase_floors":[21],"current_hp_per_floor":[70,70,70,67,67,60,60,46,46,45,50,50,35,32,32,16,75,43,26,20,20,7,29,29,29,29,17,0],"gold":395,"neow_bonus":"BOSS_RELIC","is_prod":false,"is_daily":false,"chose_seed":false,"campfire_upgraded":1,"win_rate":0,"timestamp":1551895197,"path_taken":["M","M","M","M","?","M","M","?","T","M","?","$","M","M","R","BOSS","M","M","?","$","M","R","?","?","T","?","E"],"build_version":"2019-01-23","purchased_purges":2,"victory":false,"max_hp_per_floor":[70,70,70,70,70,70,70,70,70,70,75,75,75,75,75,75,75,75,75,75,75,75,75,75,75,75,75,75],"card_choices":[{"not_picked":["Flying Knee","Dodge and Roll"],"picked":"Poisoned Stab","floor":1},{"not_picked":["Acrobatics","Deadly Poison"],"picked":"Noxious Fumes","floor":2},{"not_picked":["Deflect","Caltrops"],"picked":"Leg Sweep","floor":3},{"not_picked":["Dagger Throw","Poisoned Stab"],"picked":"All Out Attack","floor":4},{"not_picked":["Outmaneuver","Bane"],"picked":"Underhanded Strike","floor":10},{"not_picked":["Backflip","Poisoned Stab"],"picked":"Caltrops","floor":13},{"not_picked":["Concentrate","Prepared"],"picked":"Bane","floor":14},{"not_picked":["Bullet Time","Phantasmal Killer"],"picked":"Tools of the Trade","floor":16},{"not_picked":["Flying Knee","Skewer"],"picked":"Prepared+1","floor":19},{"not_picked":["PiercingWail","Dagger Throw"],"picked":"Bouncing Flask","floor":20},{"not_picked":["Flying Knee","Tactician"],"picked":"Dodge and Roll","floor":22},{"not_picked":["Unload","Choke"],"picked":"Outmaneuver+1","floor":27}],"player_experience":334794,"relics_obtained":[],"event_choices":[{"damage_healed":0,"gold_gain":175,"player_choice":"AGREE","damage_taken":0,"max_hp_gain":0,"max_hp_loss":0,"event_name":"Liars Game","floor":5,"gold_loss":0,"cards_obtained":["Doubt"]},{"damage_healed":0,"gold_gain":0,"player_choice":"Entered Light","damage_taken":14,"max_hp_gain":0,"max_hp_loss":0,"event_name":"Shining Light","floor":8,"gold_loss":0,"cards_upgraded":["Noxious Fumes","All Out Attack"]},{"damage_healed":0,"gold_gain":0,"player_choice":"Donut","damage_taken":0,"max_hp_gain":5,"max_hp_loss":0,"event_name":"Big Fish","floor":11,"gold_loss":0},{"damage_healed":0,"gold_gain":0,"player_choice":"Fought Bandits","damage_taken":0,"max_hp_gain":0,"max_hp_loss":0,"event_name":"Masked Bandits","floor":20,"gold_loss":0},{"damage_healed":0,"gold_gain":0,"player_choice":"Ignored","damage_taken":0,"max_hp_gain":0,"max_hp_loss":0,"event_name":"Cursed Tome","floor":24,"gold_loss":0},{"damage_healed":0,"gold_gain":0,"player_choice":"Simplicity","damage_taken":0,"max_hp_gain":0,"max_hp_loss":0,"event_name":"Back to Basics","floor":25,"gold_loss":0,"cards_upgraded":["Defend_G","Defend_G","Defend_G","Defend_G","Defend_G","Strike_G","Strike_G","Strike_G","Strike_G"]}],"is_beta":false,"boss_relics":[{"not_picked":["Fusion Hammer","Lizard Tail","Runic Dome"]}],"items_purged_floors":[12,21],"is_endless":false,"potions_floor_spawned":[3,7,10,13,16,19,22],"killed_by":"Slavers","ascension_level":0}