{"gold_per_floor":[114,188,138,20,20,48,48,77,77,92,110,121,152,162,162,259,259,276,286,300,313,330,330],"floor_reached":23,"playtime":852,"items_purged":[],"score":398,"play_id":"7c88497e-fbbb-4a6b-89cc-56cef7912d8c","local_time":"20190225201726","is_ascension_mode":true,"campfire_choices":[{"data":"Carnage","floor":7.0,"key":"SMITH"},{"data":"Uppercut","floor":15.0,"key":"SMITH"}],"neow_cost":"NONE","seed_source_timestamp":524626702158856,"circlet_count":0,"master_deck":["AscendersBane","Strike_R","Strike_R","Strike_R","Strike_R","Defend_R","Defend_R","Defend_R","Bash","Anger","Carnage+1","Shrug It Off","Twin Strike","Wild Strike","True Grit+1","Cleave","Armaments+1","Uppercut+1","Feed","Offering+1","Infernal Blade+1","Sever Soul+1","Havoc+1","Shrug It Off+1"],"special_seed":0,"relics":["Burning Blood","NeowsBlessing","Gremlin Horn","Matryoshka","Ancient Tea Set","Red Skull","Toxic Egg 2","Bag of Preparation","Mark of Pain"],"potions_floor_usage":[],"damage_taken":[{"damage":0.0,"enemies":"Cultist","floor":1.0,"turns":1.0},{"damage":0.0,"enemies":"Lagavulin","floor":6.0,"turns":1.0},{"damage":0.0,"enemies":"3 Sentries","floor":8.0,"turns":1.0},{"damage":12.0,"enemies":"Jaw Worm","floor":10.0,"turns":2.0},{"damage":0.0,"enemies":"2 Louse","floor":11.0,"turns":2.0},{"damage":8.0,"enemies":"Blue Slaver","floor":12.0,"turns":2.0},{"damage":20.0,"enemies":"Gremlin Nob","floor":13.0,"turns":4.0},{"damage":0.0,"enemies":"Exordium Wildlife","floor":14.0,"turns":1.0},{"damage":32.0,"enemies":"Hexaghost","floor":16.0,"turns":9.0},{"damage":14.0,"enemies":"Chosen","floor":18.0,"turns":3.0},{"damage":18.0,"enemies":"Shell Parasite","floor":19.0,"turns":3.0},{"damage":6.0,"enemies":"Chosen and Byrds","floor":20.0,"turns":4.0},{"damage":16.0,"enemies":"Sentry and Sphere","floor":21.0,"turns":4.0},{"damage":24.0,"enemies":"Snake Plant","floor":22.0,"turns":3.0},{"damage":30,"enemies":"Gremlin Leader","floor":23,"turns":4}],"seed_played":"1541743657951833279","potions_obtained":[{"floor":8.0,"key":"Energy Potion"},{"floor":12.0,"key":"SpeedPotion"},{"floor":13.0,"key":"Dexterity Potion"},{"floor":20.0,"key":"Block Potion"}],"is_trial":false,"path_per_floor":["M","T","?","$","?","E","R","E","T","M","M","M","E","M","R","B",null,"M","M","M","M","M","E"],"character_chosen":"IRONCLAD","items_purchased":["Carnage","Shrug It Off"],"campfire_rested":0,"item_purchase_floors":[4,4],"current_hp_per_floor":[78,78,78,78,78,80,80,80,80,74,80,78,64,70,70,44,71,66,54,58,48,30,0],"gold":330,"neow_bonus":"THREE_ENEMY_KILL","is_prod":false,"is_daily":false,"chose_seed":false,"campfire_upgraded":2,"win_rate":0,"timestamp":1551143846,"path_taken":["M","?","?","$","?","E","R","E","T","M","M","M","E","M","R","BOSS","M","M","M","M","M","E"],"build_version":"2019-01-23","purchased_purges":0,"victory":false,"max_hp_per_floor":[80,80,80,80,80,80,80,80,80,80,80,80,80,80,80,80,80,83,83,87,87,87,87],"card_choices":[{"not_picked":["Armaments","Pummel"],"picked":"Anger","floor":1.0},{"not_picked":["Shockwave","Shrug It Off"],"picked":"Twin Strike","floor":6.0},{"not_picked":["Seeing Red","Twin Strike"],"picked":"Wild Strike","floor":8.0},{"not_picked":["Fire Breathing","Headbutt"],"picked":"True Grit+1","floor":10.0},{"not_picked":["Dropkick","Headbutt"],"picked":"Cleave","floor":11.0},{"not_picked":["Cleave","Flex+1"],"picked":"Armaments+1","floor":12.0},{"not_picked":["Twin Strike","True Grit+1"],"picked":"Uppercut","floor":13.0},{"not_picked":["Flex+1","Shrug It Off+1"],"picked":"Feed","floor":14.0},{"not_picked":["Limit Break+1","Dark Embrace"],"picked":"Offering+1","floor":16.0},{"not_picked":["Armaments+1","Combust+1"],"picked":"Infernal Blade+1","floor":18.0},{"not_picked":["Entrench+1","Heavy Blade"],"picked":"Sever Soul+1","floor":19.0},{"not_picked":["Rupture","Body Slam","Heavy Blade"],"picked":"SKIP","floor":20.0},{"not_picked":["Warcry+1","Pommel Strike"],"picked":"Havoc+1","floor":21.0},{"not_picked":["Body Slam","Anger"],"picked":"Shrug It Off+1","floor":22.0}],"player_experience":838711,"relics_obtained":[{"floor":2.0,"key":"Gremlin Horn"},{"floor":6.0,"key":"Matryoshka"},{"floor":8.0,"key":"Ancient Tea Set"},{"floor":9.0,"key":"Red Skull"},{"floor":9.0,"key":"Toxic Egg 2"},{"floor":13.0,"key":"Bag of Preparation"}],"event_choices":[{"cards_removed":["Strike_R"],"damage_healed":0.0,"max_hp_gain":0.0,"max_hp_loss":0.0,"gold_gain":0.0,"event_name":"The Cleric","player_choice":"Card Removal","floor":3.0,"gold_loss":50.0,"damage_taken":0.0},{"cards_removed":["Defend_R"],"damage_healed":0.0,"max_hp_gain":0.0,"max_hp_loss":0.0,"gold_gain":0.0,"event_name":"Living Wall","player_choice":"Forget","floor":5.0,"gold_loss":0.0,"damage_taken":0.0}],"is_beta":false,"boss_relics":[{"not_picked":["Tiny House","Coffee Dripper"],"picked":"Mark of Pain"}],"items_purged_floors":[],"is_endless":false,"potions_floor_spawned":[8,12,13,14,20],"killed_by":"Gremlin Leader","ascension_level":10}