{"gold_per_floor":[111,131,306,318,335,370,380,380,433,533,558,558,590,600,600,705,705,721,721,721,736,736,33,61,76,100,23,23],"floor_reached":28,"playtime":1179,"items_purged":["Strike_B"],"score":323,"play_id":"1b0e8329-c129-42f1-bb1b-809c7cee4bd8","local_time":"20180819160040","is_ascension_mode":true,"campfire_choices":[{"floor":8.0,"key":"REST"},{"floor":15.0,"key":"REST"}],"neow_cost":"CURSE","seed_source_timestamp":4704575368138,"circlet_count":0,"master_deck":["Strike_B+1","Strike_B","Defend_B","Defend_B","Defend_B","Zap","Dualcast","Parasite","Sunder","Cold Snap","Go for the Eyes","Rebound+1","Ball Lightning","Undo","Double Energy","Rip and Tear","Tempest","Gash","Thunder Strike","Multi-Cast","Hologram+1","Glacier","Buffer","Ball Lightning","J.A.X."],"special_seed":0,"relics":["Cracked Core","Bronze Scales","Vajra","The Courier","Blood Vial","Sozu","Pear","Whetstone","Ornamental Fan","HandDrill","Omamori","Anchor","Potion Belt"],"potions_floor_usage":[],"damage_taken":[{"damage":2.0,"enemies":"Jaw Worm","floor":1.0,"turns":3.0},{"damage":7.0,"enemies":"Small Slimes","floor":2.0,"turns":2.0},{"damage":0.0,"enemies":"2 Louse","floor":4.0,"turns":2.0},{"damage":5.0,"enemies":"Red Slaver","floor":5.0,"turns":3.0},{"damage":14.0,"enemies":"Gremlin Nob","floor":6.0,"turns":3.0},{"damage":7.0,"enemies":"Exordium Wildlife","floor":7.0,"turns":3.0},{"damage":8.0,"enemies":"Lagavulin","floor":11.0,"turns":6.0},{"damage":16.0,"enemies":"Gremlin Nob","floor":13.0,"turns":4.0},{"damage":0.0,"enemies":"Lots of Slimes","floor":14.0,"turns":2.0},{"damage":27.0,"enemies":"Hexaghost","floor":16.0,"turns":7.0},{"damage":0.0,"enemies":"Chosen","floor":18.0,"turns":3.0},{"damage":21.0,"enemies":"3 Byrds","floor":21.0,"turns":3.0},{"damage":48.0,"enemies":"Slavers","floor":24.0,"turns":3.0},{"damage":0,"enemies":"Snake Plant","floor":25,"turns":2},{"damage":18,"enemies":"Book of Stabbing","floor":28,"turns":3}],"seed_played":"-6015432077599681315","potions_obtained":[{"floor":1.0,"key":"EssenceOfSteel"},{"floor":4.0,"key":"Block Potion"},{"floor":5.0,"key":"Energy Potion"},{"floor":13.0,"key":"GamblersBrew"},{"floor":16.0,"key":"Explosive Potion"}],"is_trial":false,"path_per_floor":["M","M","?","M","M","E","M","R","T","?","E","?","E","M","R","B",null,"M","?","?","M","T","$","E","M","T","?"],"character_chosen":"DEFECT","items_purchased":["Whetstone","Ornamental Fan","HandDrill","Omamori"],"campfire_rested":2,"item_purchase_floors":[23,23,23,23],"current_hp_per_floor":[73,66,66,66,61,47,40,62,62,62,54,47,31,33,55,30,64,66,66,66,47,57,57,11,13,13,13,0],"gold":23,"neow_bonus":"TRANSFORM_TWO_CARDS","is_prod":false,"is_daily":false,"chose_seed":false,"campfire_upgraded":0,"win_rate":0,"timestamp":1534708840,"path_taken":["M","M","?","M","M","E","?","R","T","?","E","?","E","M","R","BOSS","M","?","?","?","?","$","E","M","T","?","E"],"build_version":"2018-08-16","purchased_purges":1,"victory":false,"max_hp_per_floor":[75,75,75,75,75,75,75,75,75,75,75,75,75,75,75,75,75,75,75,75,75,85,85,85,85,85,85,85],"card_choices":[{"not_picked":["Conserve Battery","Stack"],"picked":"Go for the Eyes","floor":1.0},{"not_picked":["Cold Snap","Aggregate"],"picked":"Rebound","floor":2.0},{"not_picked":["Go for the Eyes","Force Field"],"picked":"Ball Lightning","floor":4.0},{"not_picked":["Go for the Eyes","Force Field"],"picked":"Undo","floor":5.0},{"not_picked":["Recycle","Ball Lightning"],"picked":"Double Energy","floor":6.0},{"not_picked":["Fusion","Rebound"],"picked":"Rip and Tear","floor":7.0},{"not_picked":["Compile Driver","Go for the Eyes"],"picked":"Tempest","floor":11.0},{"not_picked":["Reprogram","Tempest"],"picked":"Gash","floor":13.0},{"not_picked":["Doom and Gloom","Turbo"],"picked":"Thunder Strike","floor":14.0},{"not_picked":["Creative AI","Core Surge"],"picked":"Multi-Cast","floor":16.0},{"not_picked":["Ball Lightning","Loop+1"],"picked":"Hologram+1","floor":18.0},{"not_picked":["Barrage","Rebound"],"picked":"Glacier","floor":21.0},{"not_picked":["Leap","Cold Snap"],"picked":"Buffer","floor":24.0},{"not_picked":["Stack","Streamline"],"picked":"Ball Lightning","floor":25}],"player_experience":206351,"relics_obtained":[{"floor":6.0,"key":"Bronze Scales"},{"floor":9.0,"key":"Vajra"},{"floor":11.0,"key":"The Courier"},{"floor":13.0,"key":"Blood Vial"},{"floor":22.0,"key":"Pear"},{"floor":24.0,"key":"Anchor"},{"floor":26,"key":"Potion Belt"}],"event_choices":[{"event_name":"Liars Game","player_choice":"agreed","floor":3.0,"damage_taken":0.0},{"event_name":"Golden Shrine","player_choice":"Pray","floor":10.0,"damage_taken":0.0},{"event_name":"Golden Wing","player_choice":"Card Removal","floor":12.0,"damage_taken":0.0},{"event_name":"The Woman in Blue","player_choice":"Bought 0 Potions","floor":19.0,"damage_taken":0.0},{"event_name":"N\u0027loth","player_choice":"Ignored","floor":20.0,"damage_taken":0.0},{"event_name":"Drug Dealer","player_choice":"Got JAXXED","floor":27,"damage_taken":0}],"is_beta":false,"boss_relics":[{"not_picked":["Fusion Hammer","White Beast Statue"],"picked":"Sozu"}],"items_purged_floors":[23],"is_endless":false,"potions_floor_spawned":[1,4,5,13,16,21,25],"killed_by":"Book of Stabbing","ascension_level":5}