{"gold_per_floor":[117,292,307,324,65,65,85,85,111,123,145,157,14,27,27,27],"floor_reached":16,"playtime":472,"items_purged":["Doubt"],"score":142,"play_id":"4d9c48a7-2513-4d66-8a7f-9fd3cc6002fe","local_time":"20190213224219","is_ascension_mode":false,"campfire_choices":[{"data":"Blade Dance","floor":6,"key":"SMITH"},{"data":"Bandage Up","floor":8,"key":"SMITH"},{"data":"Strike_G","floor":10,"key":"SMITH"},{"data":"Glass Knife","floor":15,"key":"SMITH"}],"neow_cost":"NONE","seed_source_timestamp":69526796499689,"circlet_count":0,"master_deck":["Defend_G","Defend_G","Defend_G","Defend_G","Defend_G","Strike_G","Strike_G","Strike_G+1","Strike_G","Strike_G","Survivor","Neutralize","Flying Knee","Dodge and Roll","Blade Dance+1","Bandage Up+1","Slice","Deadly Poison","Blur","Injury","Glass Knife+1"],"special_seed":0,"relics":["White Beast Statue","MawBank","Golden Idol","Oddly Smooth Stone"],"potions_floor_usage":[7],"damage_taken":[{"damage":0,"enemies":"Small Slimes","floor":1,"turns":5},{"damage":0,"enemies":"2 Louse","floor":3,"turns":3},{"damage":0,"enemies":"Jaw Worm","floor":4,"turns":4},{"damage":3,"enemies":"Blue Slaver","floor":7,"turns":4},{"damage":0,"enemies":"Large Slime","floor":11,"turns":5},{"damage":7,"enemies":"Exordium Wildlife","floor":14,"turns":3},{"damage":21,"enemies":"The Guardian","floor":16,"turns":7}],"seed_played":"9178879672738163303","potions_obtained":[{"floor":1,"key":"Swift Potion"},{"floor":3,"key":"PowerPotion"},{"floor":4,"key":"AttackPotion"},{"floor":7,"key":"PowerPotion"}],"is_trial":false,"path_per_floor":["M","?","M","M","$","R","M","R","T","R","M","?","$","M","R","B"],"character_chosen":"THE_SILENT","items_purchased":["Blade Dance","Bandage Up","Slice","Oddly Smooth Stone"],"campfire_rested":0,"item_purchase_floors":[5,5,5,13],"current_hp_per_floor":[70,70,70,70,70,70,67,67,67,67,70,70,70,63,63,48],"gold":27,"neow_bonus":"BOSS_RELIC","is_prod":false,"is_daily":false,"chose_seed":false,"campfire_upgraded":4,"win_rate":0,"timestamp":1550115739,"path_taken":["M","?","M","M","$","R","M","R","T","R","M","?","?","M","R","BOSS"],"build_version":"2019-01-23","purchased_purges":1,"victory":false,"max_hp_per_floor":[70,70,70,70,70,70,70,70,70,70,70,70,70,70,70,70],"card_choices":[{"not_picked":["Backflip","Crippling Poison"],"picked":"Flying Knee","floor":1},{"not_picked":["Flying Knee","Quick Slash"],"picked":"Dodge and Roll","floor":3},{"not_picked":["All Out Attack","Prepared","Escape Plan"],"picked":"SKIP","floor":4},{"not_picked":["Deflect","Slice"],"picked":"Deadly Poison","floor":7},{"not_picked":["Eviscerate","Setup"],"picked":"Blur","floor":11},{"not_picked":["Quick Slash","Well Laid Plans"],"picked":"Glass Knife","floor":14}],"player_experience":659671,"relics_obtained":[{"floor":9,"key":"MawBank"}],"event_choices":[{"damage_healed":0,"gold_gain":175,"player_choice":"AGREE","damage_taken":0,"max_hp_gain":0,"max_hp_loss":0,"event_name":"Liars Game","floor":2,"gold_loss":0,"cards_obtained":["Doubt"]},{"damage_healed":0,"gold_gain":0,"player_choice":"Take Wound","damage_taken":0,"relics_obtained":["Golden Idol"],"max_hp_gain":0,"max_hp_loss":0,"event_name":"Golden Idol","floor":12,"gold_loss":0,"cards_obtained":["Injury"]}],"is_beta":false,"boss_relics":[],"items_purged_floors":[5],"is_endless":false,"potions_floor_spawned":[1,3,4,7,11,14],"killed_by":"The Guardian","ascension_level":0}