{"gold_per_floor":[15,15,27,47,47,47,64,64,114,132,154,189,189,216,216,216],"floor_reached":16,"playtime":623,"items_purged":[],"score":171,"play_id":"48120827-7fe6-4348-bccc-12155310db1c","local_time":"20181028193203","is_ascension_mode":true,"campfire_choices":[{"data":"1","floor":6,"key":"LIFT"},{"data":"2","floor":8,"key":"LIFT"},{"floor":13,"key":"REST"},{"data":"3","floor":15,"key":"LIFT"}],"neow_cost":"NO_GOLD","seed_source_timestamp":520948803091043,"circlet_count":0,"master_deck":["Strike_B","Strike_B","Strike_B","Strike_B","Defend_B","Defend_B","Defend_B","Defend_B","Zap","Dualcast","AscendersBane","Sweeping Beam","Static Discharge","Cold Snap","Thunder Strike","Chaos","Tempest","Turbo"],"relics":["Cracked Core","Girya","Centennial Puzzle","Oddly Smooth Stone","Odd Mushroom","Juzu Bracelet","Strawberry"],"potions_floor_usage":[7,12,12,14],"damage_taken":[{"damage":13,"enemies":"Jaw Worm","floor":1,"turns":4},{"damage":1,"enemies":"Cultist","floor":3,"turns":3},{"damage":7,"enemies":"Small Slimes","floor":4,"turns":2},{"damage":2,"enemies":"2 Fungi Beasts","floor":7,"turns":2},{"damage":5,"enemies":"Blue Slaver","floor":10,"turns":2},{"damage":29,"enemies":"The Mushroom Lair","floor":11,"turns":3},{"damage":20,"enemies":"3 Sentries","floor":12,"turns":7},{"damage":10,"enemies":"Gremlin Nob","floor":14,"turns":4},{"damage":39,"enemies":"Hexaghost","floor":16,"turns":9}],"seed_played":"-1867034457788620647","potions_obtained":[{"floor":3,"key":"SteroidPotion"},{"floor":4,"key":"SpeedPotion"},{"floor":11,"key":"Energy Potion"},{"floor":12,"key":"EssenceOfSteel"}],"is_trial":false,"path_per_floor":["M","?","M","M","?","R","M","R","T","M","?","E","R","E","R"],"character_chosen":"DEFECT","items_purchased":[],"campfire_rested":1,"item_purchase_floors":[],"current_hp_per_floor":[55,55,54,47,72,72,70,70,70,65,36,16,38,35,35,0],"gold":216,"neow_bonus":"ONE_RARE_RELIC","is_prod":false,"is_daily":false,"chose_seed":false,"campfire_upgraded":0,"win_rate":0,"timestamp":1540769523,"path_taken":["M","?","M","M","?","R","M","R","T","M","?","E","R","E","R","BOSS"],"build_version":"2018-10-25v2","purchased_purges":0,"victory":false,"max_hp_per_floor":[75,75,75,75,75,75,75,75,75,75,75,75,75,82,82,82],"card_choices":[{"not_picked":["Barrage","Go for the Eyes"],"picked":"Ball Lightning","floor":1},{"not_picked":["Steam","Chaos"],"picked":"Sweeping Beam","floor":3},{"not_picked":["Aggregate","Stack"],"picked":"Static Discharge","floor":4},{"not_picked":["Fusion","Aggregate"],"picked":"Cold Snap","floor":7},{"not_picked":["Redo","Aggregate"],"picked":"Thunder Strike","floor":10},{"not_picked":["Beam Cell","Undo"],"picked":"Chaos","floor":11},{"not_picked":["Cold Snap","Gash"],"picked":"Tempest","floor":12},{"not_picked":["Scrape","Stack"],"picked":"Turbo","floor":14}],"player_experience":388622,"relics_obtained":[{"floor":9,"key":"Oddly Smooth Stone"},{"floor":11,"key":"Odd Mushroom"},{"floor":12,"key":"Juzu Bracelet"},{"floor":14,"key":"Strawberry"}],"event_choices":[{"cards_removed":["Ball Lightning"],"damage_healed":0,"gold_gain":0,"player_choice":"Gave Card","damage_taken":0,"relics_obtained":["Centennial Puzzle"],"max_hp_gain":0,"max_hp_loss":0,"event_name":"WeMeetAgain","floor":2,"gold_loss":0},{"damage_healed":25,"gold_gain":0,"player_choice":"Banana","damage_taken":0,"max_hp_gain":0,"max_hp_loss":0,"event_name":"Big Fish","floor":5,"gold_loss":0},{"damage_healed":0,"gold_gain":0,"player_choice":"Fought Mushrooms","damage_taken":0,"max_hp_gain":0,"max_hp_loss":0,"event_name":"Mushrooms","floor":11,"gold_loss":0}],"is_beta":false,"boss_relics":[],"items_purged_floors":[],"is_endless":false,"potions_floor_spawned":[3,4,11,12],"killed_by":"Hexaghost","ascension_level":11}