{"gold_per_floor":[110,285,213,64,74,74,87,87,87,106,106,141,216,233,233,311,311,326,344,344,364,364,364,364],"floor_reached":24,"playtime":1067,"items_purged":["Doubt"],"score":323,"play_id":"bbd5517d-f20e-4ea9-abb7-cec9d09a1805","local_time":"20190101153337","is_ascension_mode":true,"campfire_choices":[{"data":"Noxious Fumes","floor":6,"key":"SMITH"},{"data":"Sucker Punch","floor":8,"key":"SMITH"},{"data":"Leg Sweep","floor":11,"key":"SMITH"},{"data":"Finisher","floor":15,"key":"SMITH"},{"floor":23,"key":"REST"}],"neow_cost":"NONE","seed_source_timestamp":591013644765554,"circlet_count":0,"master_deck":["AscendersBane","Defend_G","Defend_G","Defend_G","Defend_G","Defend_G","Strike_G","Strike_G","Strike_G","Survivor","Neutralize","Backflip","Noxious Fumes+1","Sucker Punch+1","Predator","Leg Sweep+1","Adrenaline","Finisher+1","Corpse Explosion","PiercingWail","Bane","Flying Knee","Phantasmal Killer","Poisoned Stab"],"relics":["Runic Dome","Happy Flower","PreservedInsect","Question Card","Runic Pyramid","Enchiridion"],"potions_floor_usage":[16,19],"damage_taken":[{"damage":0,"enemies":"2 Louse","floor":1,"turns":4},{"damage":0,"enemies":"Cultist","floor":5,"turns":4},{"damage":1,"enemies":"Small Slimes","floor":7,"turns":3},{"damage":0,"enemies":"Blue Slaver","floor":10,"turns":3},{"damage":10,"enemies":"3 Sentries","floor":12,"turns":7},{"damage":3,"enemies":"Exordium Wildlife","floor":14,"turns":5},{"damage":24,"enemies":"Hexaghost","floor":16,"turns":9},{"damage":22,"enemies":"Spheric Guardian","floor":18,"turns":4},{"damage":15,"enemies":"3 Byrds","floor":19,"turns":4},{"damage":0,"enemies":"3 Cultists","floor":21,"turns":3},{"damage":29,"enemies":"Sentry and Sphere","floor":24,"turns":3}],"seed_played":"8824055155498035862","potions_obtained":[{"floor":10,"key":"FearPotion"},{"floor":12,"key":"GamblersBrew"},{"floor":14,"key":"PowerPotion"},{"floor":16,"key":"PowerPotion"},{"floor":21,"key":"GhostInAJar"}],"is_trial":false,"path_per_floor":["M","?","?","$","M","R","M","R","T","M","R","E","?","M","R","B",null,"M","M","?","M","?","R","M"],"character_chosen":"THE_SILENT","items_purchased":["Noxious Fumes"],"campfire_rested":1,"item_purchase_floors":[4],"current_hp_per_floor":[63,63,63,63,63,63,62,62,62,62,62,52,41,38,38,14,56,34,19,3,3,3,24,0],"gold":364,"neow_bonus":"BOSS_RELIC","is_prod":false,"is_daily":false,"chose_seed":false,"campfire_upgraded":4,"win_rate":0,"timestamp":1546374817,"path_taken":["M","?","?","$","?","R","M","R","T","M","R","E","?","M","R","BOSS","M","M","?","M","?","R","M"],"build_version":"2018-12-20","purchased_purges":1,"victory":false,"max_hp_per_floor":[70,70,70,70,70,70,70,70,70,70,70,70,70,70,70,70,70,70,70,70,70,70,70,70],"card_choices":[{"not_picked":["Dagger Throw","Flying Knee"],"picked":"Backflip","floor":1},{"not_picked":["Endless Agony","Flying Knee"],"picked":"Sucker Punch","floor":5},{"not_picked":["Prepared","Catalyst"],"picked":"Predator","floor":7},{"not_picked":["Die Die Die","Flying Knee"],"picked":"Leg Sweep","floor":10},{"not_picked":["Sucker Punch","Poisoned Stab"],"picked":"Adrenaline","floor":12},{"not_picked":["Quick Slash","Dodge and Roll","Choke"],"picked":"Finisher","floor":14},{"not_picked":["Die Die Die","Bullet Time","Tools of the Trade"],"picked":"Corpse Explosion","floor":16},{"not_picked":["Dagger Throw","Expertise","Bane"],"picked":"PiercingWail","floor":18},{"not_picked":["Terror+1","Blur","Quick Slash"],"picked":"Bane","floor":19},{"not_picked":["Outmaneuver","Bane","Prepared"],"picked":"Flying Knee","floor":21}],"player_experience":475428,"relics_obtained":[{"floor":9,"key":"PreservedInsect"},{"floor":12,"key":"Question Card"},{"floor":20,"key":"Enchiridion"}],"event_choices":[{"damage_healed":0,"gold_gain":175,"player_choice":"AGREE","damage_taken":0,"max_hp_gain":0,"max_hp_loss":0,"event_name":"Liars Game","floor":2,"gold_loss":0,"cards_obtained":["Doubt"]},{"damage_healed":0,"gold_gain":0,"player_choice":"Paid Gold","damage_taken":0,"relics_obtained":["Happy Flower"],"max_hp_gain":0,"max_hp_loss":0,"event_name":"WeMeetAgain","floor":3,"gold_loss":72},{"damage_healed":0,"gold_gain":75,"player_choice":"Gather Gold","damage_taken":11,"max_hp_gain":0,"max_hp_loss":0,"event_name":"World of Goop","floor":13,"gold_loss":0},{"damage_healed":0,"gold_gain":0,"player_choice":"Obtained Book","damage_taken":16,"max_hp_gain":0,"max_hp_loss":0,"event_name":"Cursed Tome","floor":20,"gold_loss":0},{"damage_healed":0,"gold_gain":0,"cards_transformed":["Strike_G","Strike_G"],"player_choice":"Became Test Subject","damage_taken":0,"max_hp_gain":0,"max_hp_loss":0,"event_name":"Drug Dealer","floor":22,"gold_loss":0,"cards_obtained":["Phantasmal Killer","Poisoned Stab"]}],"is_beta":false,"boss_relics":[{"not_picked":["Calling Bell","Astrolabe"],"picked":"Runic Pyramid"}],"items_purged_floors":[4],"is_endless":false,"potions_floor_spawned":[10,12,14,16,21],"killed_by":"Sentry and Sphere","ascension_level":13}