{"gold_per_floor":[117,117,129,47,63,90,90,117,117,148,148,148,148,163,163,257,257,281,281,406,430,451,484,484,511,559,572,588,588,163,182,182,278,278,294,294,315,339,353,387,387,431,431,447,447,468,468,482,482,482,482,482,482,54,98,98],"floor_reached":57,"playtime":5100,"items_purged":["Strike_R","Demon Form"],"score":2733,"play_id":"009f9673-ebed-4870-b370-a62877ba7fce","local_time":"20190419220025","is_ascension_mode":true,"campfire_choices":[{"floor":7.0,"key":"REST"},{"floor":11.0,"key":"DIG"},{"floor":13.0,"key":"DIG"},{"data":"Disarm","floor":15.0,"key":"SMITH"},{"data":"Demon Form","floor":24.0,"key":"SMITH"},{"floor":29.0,"key":"DIG"},{"floor":32.0,"key":"DIG"},{"floor":41.0,"key":"DIG"},{"floor":45.0,"key":"DIG"},{"floor":47.0,"key":"RECALL"},{"floor":49.0,"key":"DIG"},{"floor":53.0,"key":"DIG"}],"neow_cost":"TEN_PERCENT_HP_LOSS","seed_source_timestamp":0,"circlet_count":0,"master_deck":["AscendersBane","Bash","Headbutt","Sword Boomerang","Clash","Shrug It Off","Headbutt","Disarm+1","Thunderclap+1","Uppercut+1","Reaper+1","Reaper+1","Iron Wave+1","Body Slam+1","Immolate+1","Heavy Blade+1","Demon Form+1","Body Slam+1","Iron Wave+1","Feel No Pain","Battle Trance","Limit Break","Impervious","Juggernaut","Feed+1","Flame Barrier","Evolve","Headbutt+1","Shrug It Off","Sword Boomerang+1","Flame Barrier","Offering","Clothesline+1"],"special_seed":0,"relics":["Burning Blood","Kunai","Molten Egg 2","Shuriken","Shovel","Unceasing Top","Golden Idol","Boot","Philosopher\u0027s Stone","Thread and Needle","Sundial","Happy Flower","Ancient Tea Set","Regal Pillow","Juzu Bracelet","MealTicket","Bottled Tornado","Pandora\u0027s Box","Bag of Preparation","Bag of Marbles","Oddly Smooth Stone","Self Forming Clay","Art of War","Mercury Hourglass","Pen Nib","Centennial Puzzle","Lantern"],"potions_floor_usage":[56,56],"damage_taken":[{"damage":7.0,"enemies":"Jaw Worm","floor":1.0,"turns":3.0},{"damage":9.0,"enemies":"Small Slimes","floor":3.0,"turns":5.0},{"damage":1.0,"enemies":"Cultist","floor":5.0,"turns":4.0},{"damage":34.0,"enemies":"Gremlin Nob","floor":6.0,"turns":4.0},{"damage":12.0,"enemies":"3 Sentries","floor":8.0,"turns":8.0},{"damage":36.0,"enemies":"Lagavulin","floor":10.0,"turns":7.0},{"damage":7.0,"enemies":"Red Slaver","floor":14.0,"turns":3.0},{"damage":9.0,"enemies":"The Guardian","floor":16.0,"turns":12.0},{"damage":10.0,"enemies":"Chosen","floor":18.0,"turns":4.0},{"damage":6.0,"enemies":"Colosseum Slavers","floor":20.0,"turns":4.0},{"damage":9.0,"enemies":"Colosseum Nobs","floor":20.0,"turns":5.0},{"damage":0.0,"enemies":"Spheric Guardian","floor":21.0,"turns":3.0},{"damage":0.0,"enemies":"Centurion and Healer","floor":22.0,"turns":5.0},{"damage":38.0,"enemies":"Gremlin Leader","floor":23.0,"turns":7.0},{"damage":49.0,"enemies":"Snake Plant","floor":27.0,"turns":7.0},{"damage":0.0,"enemies":"Chosen and Byrds","floor":28.0,"turns":5.0},{"damage":0.0,"enemies":"Centurion and Healer","floor":31.0,"turns":5.0},{"damage":35.0,"enemies":"Automaton","floor":33.0,"turns":6.0},{"damage":23.0,"enemies":"3 Darklings","floor":35.0,"turns":5.0},{"damage":20.0,"enemies":"Orb Walker","floor":37.0,"turns":4.0},{"damage":46.0,"enemies":"3 Darklings","floor":38.0,"turns":5.0},{"damage":34.0,"enemies":"Writhing Mass","floor":39.0,"turns":7.0},{"damage":38.0,"enemies":"Reptomancer","floor":40.0,"turns":5.0},{"damage":20.0,"enemies":"Nemesis","floor":42.0,"turns":5.0},{"damage":69.0,"enemies":"Jaw Worm Horde","floor":44.0,"turns":5.0},{"damage":0.0,"enemies":"Maw","floor":46.0,"turns":5.0},{"damage":14.0,"enemies":"4 Shapes","floor":48.0,"turns":5.0},{"damage":117.0,"enemies":"Awakened One","floor":50.0,"turns":8.0},{"damage":72.0,"enemies":"Donu and Deca","floor":51.0,"turns":7.0},{"damage":124,"enemies":"Shield and Spear","floor":55,"turns":9},{"damage":98,"enemies":"The Heart","floor":56,"turns":7}],"seed_played":"-1996738226182509394","potions_obtained":[{"floor":3.0,"key":"Swift Potion"},{"floor":6.0,"key":"AttackPotion"},{"floor":8.0,"key":"Explosive Potion"},{"floor":16.0,"key":"Explosive Potion"},{"floor":18.0,"key":"BloodPotion"},{"floor":22.0,"key":"Dexterity Potion"},{"floor":28.0,"key":"Weak Potion"},{"floor":33.0,"key":"SkillPotion"},{"floor":37.0,"key":"AttackPotion"},{"floor":40.0,"key":"Fruit Juice"},{"floor":42.0,"key":"Block Potion"}],"is_trial":false,"path_per_floor":["M","?","M","$","M","E","R","E","T","E","R","?","R","M","R","B",null,"M","?","?","M","M","E","R","T","T","M","M","R","$","M","R","B",null,"M","?","M","M","M","E","R","E","T","M","R","M","R","M","R","B","B",null,"R","$","E","B",null],"character_chosen":"IRONCLAD","items_purchased":["Clash","Shrug It Off","Iron Wave+1","MealTicket","Feel No Pain","Pen Nib","Centennial Puzzle"],"campfire_rested":1,"item_purchase_floors":[4,4,30,30,30,54,54],"current_hp_per_floor":[67,60,57,57,62,34,54,48,48,18,18,18,18,17,17,21,52,57,57,59,62,62,51,51,51,51,33,44,44,44,62,62,62,62,49,49,60,74,64,82,82,87,87,91,91,95,95,99,99,64,68,94,94,103,90,53],"gold":98,"neow_bonus":"TRANSFORM_TWO_CARDS","is_prod":false,"is_daily":false,"chose_seed":false,"campfire_upgraded":2,"win_rate":0,"timestamp":1555729225,"path_taken":["M","?","M","$","M","E","R","E","T","E","R","?","R","M","R","BOSS","M","?","?","M","M","E","R","?","T","M","M","R","$","M","R","BOSS","M","?","M","M","M","E","R","E","T","M","R","M","R","M","R","BOSS","BOSS","R","$","E","BOSS"],"build_version":"2019-01-23","purchased_purges":2,"victory":true,"max_hp_per_floor":[68,68,68,68,68,68,68,68,68,68,68,62,62,62,62,62,62,62,62,62,62,62,62,62,62,62,62,62,62,62,62,62,62,62,66,66,70,74,78,82,82,87,87,91,91,95,95,99,99,103,103,103,103,103,103,103],"card_choices":[{"not_picked":["Warcry","Evolve","Flex"],"picked":"SKIP","floor":1.0},{"not_picked":["Warcry","Evolve","Flex"],"picked":"SKIP","floor":1.0},{"not_picked":["Sentinel","Blood for Blood"],"picked":"Sword Boomerang","floor":3.0},{"not_picked":["Pommel Strike","Warcry"],"picked":"Headbutt","floor":5.0},{"not_picked":["Infernal Blade","Clash"],"picked":"Disarm","floor":6.0},{"not_picked":["Double Tap","Armaments"],"picked":"Thunderclap","floor":8.0},{"not_picked":["Second Wind","Clash+1"],"picked":"Uppercut+1","floor":10.0},{"not_picked":["True Grit","Pommel Strike+1"],"picked":"Reaper+1","floor":14.0},{"not_picked":["Fiend Fire+1","Dark Embrace"],"picked":"Reaper+1","floor":16.0},{"not_picked":["Dropkick+1","Thunderclap+1"],"picked":"Iron Wave+1","floor":18.0},{"not_picked":["Shrug It Off","Havoc+1"],"picked":"Body Slam+1","floor":20.0},{"not_picked":["Thunderclap+1","Warcry"],"picked":"Immolate+1","floor":21.0},{"not_picked":["Flex","Metallicize"],"picked":"Heavy Blade+1","floor":22.0},{"not_picked":["Entrench+1","Blood for Blood+1"],"picked":"Demon Form","floor":23.0},{"not_picked":["Perfected Strike+1","Thunderclap+1"],"picked":"Body Slam+1","floor":27.0},{"not_picked":["Pommel Strike+1","Rampage+1","Shockwave"],"picked":"SKIP","floor":28.0},{"not_picked":["Clothesline+1","Heavy Blade+1"],"picked":"Battle Trance","floor":31.0},{"not_picked":["Impervious","Fiend Fire+1"],"picked":"Limit Break","floor":33.0},{"not_picked":["Clothesline+1","Havoc+1","Clash+1"],"picked":"SKIP","floor":35.0},{"not_picked":["Havoc","Armaments"],"picked":"Headbutt+1","floor":37.0},{"not_picked":["Demon Form","Clash+1","Twin Strike+1"],"picked":"SKIP","floor":38.0},{"not_picked":["Rampage+1","Dual Wield"],"picked":"Shrug It Off","floor":39.0},{"not_picked":["True Grit","Shockwave","Inflame"],"picked":"SKIP","floor":40.0},{"not_picked":["Clash+1","Corruption"],"picked":"Sword Boomerang+1","floor":42.0},{"not_picked":["Metallicize","Blood for Blood+1"],"picked":"Flame Barrier","floor":44.0},{"not_picked":["Armaments","Uppercut+1"],"picked":"Offering","floor":46.0},{"not_picked":["Clash+1","Anger+1"],"picked":"Clothesline+1","floor":48.0},{"not_picked":["Bludgeon+1","Clothesline+1","Armaments+1"],"picked":"SKIP","floor":55}],"player_experience":1065703,"relics_obtained":[{"floor":6.0,"key":"Kunai"},{"floor":8.0,"key":"Molten Egg 2"},{"floor":9.0,"key":"Shuriken"},{"floor":10.0,"key":"Shovel"},{"floor":11.0,"key":"Unceasing Top"},{"floor":13.0,"key":"Boot"},{"floor":20.0,"key":"Thread and Needle"},{"floor":20.0,"key":"Sundial"},{"floor":23.0,"key":"Happy Flower"},{"floor":25.0,"key":"Ancient Tea Set"},{"floor":26.0,"key":"Regal Pillow"},{"floor":29.0,"key":"Juzu Bracelet"},{"floor":32.0,"key":"Bottled Tornado"},{"floor":40.0,"key":"Bag of Preparation"},{"floor":41.0,"key":"Bag of Marbles"},{"floor":42.0,"key":"Oddly Smooth Stone"},{"floor":45.0,"key":"Self Forming Clay"},{"floor":49.0,"key":"Art of War"},{"floor":53.0,"key":"Mercury Hourglass"},{"floor":55,"key":"Lantern"}],"event_choices":[{"cards_removed":["Rupture"],"damage_healed":0.0,"max_hp_gain":0.0,"max_hp_loss":0.0,"gold_gain":0.0,"event_name":"Golden Wing","player_choice":"Card Removal","floor":2.0,"gold_loss":0.0,"damage_taken":7.0},{"damage_healed":0.0,"max_hp_gain":0.0,"max_hp_loss":6.0,"gold_gain":0.0,"event_name":"Golden Idol","player_choice":"Lose Max HP","floor":12.0,"gold_loss":0.0,"damage_taken":0.0,"relics_obtained":["Golden Idol"]},{"damage_healed":0.0,"max_hp_gain":0.0,"max_hp_loss":0.0,"gold_gain":0.0,"event_name":"Ghosts","player_choice":"Ignored","floor":19.0,"gold_loss":0.0,"damage_taken":0.0},{"damage_healed":0.0,"max_hp_gain":0.0,"max_hp_loss":0.0,"gold_gain":0.0,"event_name":"Colosseum","player_choice":"Fight","floor":20.0,"gold_loss":0.0,"damage_taken":0.0},{"damage_healed":0.0,"max_hp_gain":0.0,"max_hp_loss":0.0,"gold_gain":0.0,"event_name":"Colosseum","player_choice":"Fought Nobs","floor":20.0,"gold_loss":0.0,"damage_taken":0.0},{"damage_healed":0.0,"max_hp_gain":0.0,"max_hp_loss":0.0,"gold_gain":0.0,"event_name":"SecretPortal","player_choice":"Ignored","floor":36.0,"gold_loss":0.0,"damage_taken":0.0}],"is_beta":false,"boss_relics":[{"not_picked":["Empty Cage","Runic Cube"],"picked":"Philosopher\u0027s Stone"},{"not_picked":["Calling Bell","White Beast Statue"],"picked":"Pandora\u0027s Box"}],"items_purged_floors":[30,54],"is_endless":false,"potions_floor_spawned":[3,6,8,16,18,22,28,31,33,37,38,40,42,55],"ascension_level":20}