{"gold_per_floor":[118,136,153,170,186,186,186,217,217,217,236,236,270,286,286,390,390,405,405,11,11,27,27,62,62,62,97,12,37,5,5,5,5],"floor_reached":33,"playtime":2465,"items_purged":["Strike_B"],"score":391,"play_id":"ceb04e5b-9053-4806-9769-c972445204bb","local_time":"20180826211823","is_ascension_mode":true,"campfire_choices":[{"data":"Zap","floor":7.0,"key":"SMITH"},{"data":"Genetic Algorithm","floor":12.0,"key":"SMITH"},{"floor":15.0,"key":"REST"},{"floor":23.0,"key":"REST"},{"floor":25.0,"key":"REST"},{"floor":32,"key":"REST"}],"neow_cost":"CURSE","seed_source_timestamp":506200897542122,"circlet_count":0,"master_deck":["Strike_B","Strike_B","Strike_B","Defend_B","Defend_B","Defend_B","Defend_B","Zap+1","Dualcast","Parasite","Cold Snap","Stack","All For One","Beam Cell","Steam","Genetic Algorithm+1","Capacitor","Auto Shields","Redo","Machine Learning","Go for the Eyes","Beam Cell","Steam","Beam Cell+1","White Noise","Self Repair","Scrape+1","BootSequence+1","Scrape+1"],"special_seed":0,"relics":["Cracked Core","Calipers","Bag of Preparation","Ancient Tea Set","DataDisk","Nuclear Battery","Molten Egg 2","The Courier","Blue Candle","Toxic Egg 2","Pear","Turnip"],"potions_floor_usage":[],"damage_taken":[{"damage":0.0,"enemies":"Cultist","floor":1.0,"turns":3.0},{"damage":0.0,"enemies":"2 Louse","floor":2.0,"turns":2.0},{"damage":3.0,"enemies":"Jaw Worm","floor":3.0,"turns":2.0},{"damage":8.0,"enemies":"Lots of Slimes","floor":4.0,"turns":5.0},{"damage":5.0,"enemies":"Large Slime","floor":5.0,"turns":4.0},{"damage":27.0,"enemies":"Gremlin Nob","floor":8.0,"turns":4.0},{"damage":0.0,"enemies":"Looter","floor":11.0,"turns":4.0},{"damage":13.0,"enemies":"Lagavulin","floor":13.0,"turns":6.0},{"damage":0.0,"enemies":"Gremlin Gang","floor":14.0,"turns":2.0},{"damage":58.0,"enemies":"Hexaghost","floor":16.0,"turns":10.0},{"damage":11.0,"enemies":"Spheric Guardian","floor":18.0,"turns":4.0},{"damage":2.0,"enemies":"3 Byrds","floor":22.0,"turns":3.0},{"damage":38.0,"enemies":"Book of Stabbing","floor":24.0,"turns":7.0},{"damage":19.0,"enemies":"Gremlin Leader","floor":27.0,"turns":8.0},{"damage":40.0,"enemies":"Book of Stabbing","floor":29.0,"turns":9.0},{"damage":52,"enemies":"Champ","floor":33,"turns":11}],"seed_played":"-7322038112369958767","potions_obtained":[{"floor":1.0,"key":"FearPotion"},{"floor":2.0,"key":"PowerPotion"},{"floor":11.0,"key":"Strength Potion"},{"floor":14.0,"key":"Explosive Potion"},{"floor":18.0,"key":"FocusPotion"},{"floor":29.0,"key":"Explosive Potion"}],"is_trial":false,"path_per_floor":["M","M","M","M","M","?","R","E","T","?","M","R","E","M","R","B",null,"M","?","$","?","M","R","E","R","T","E","?","E","$","$","R"],"character_chosen":"DEFECT","items_purchased":["Molten Egg 2","Steam","Beam Cell+1","Scrape+1"],"campfire_rested":4,"item_purchase_floors":[20,20,20,30],"current_hp_per_floor":[75,75,72,64,59,59,59,32,32,57,57,57,44,44,66,8,58,47,47,47,47,45,67,29,51,51,39,49,16,16,16,41,0],"gold":5,"neow_bonus":"ONE_RARE_RELIC","is_prod":false,"is_daily":false,"chose_seed":false,"campfire_upgraded":2,"win_rate":0,"timestamp":1535332703,"path_taken":["M","M","M","M","?","?","R","E","T","?","M","R","E","?","R","BOSS","M","?","?","?","M","R","E","R","T","E","?","E","?","$","R","BOSS"],"build_version":"2018-08-23v2","purchased_purges":1,"victory":false,"max_hp_per_floor":[75,75,75,75,75,75,75,75,75,75,75,75,75,75,75,75,75,75,75,75,75,75,75,75,75,75,75,85,85,85,85,85,85],"card_choices":[{"not_picked":["Barrage","Aggregate"],"picked":"Cold Snap","floor":1.0},{"not_picked":["Sweeping Beam","Barrage"],"picked":"Stack","floor":2.0},{"not_picked":["Coolheaded","Aggregate"],"picked":"All For One","floor":3.0},{"not_picked":["Loop","Compile Driver"],"picked":"Beam Cell","floor":4.0},{"not_picked":["Recycle","Turbo"],"picked":"Steam","floor":5.0},{"not_picked":["Skim","Rebound"],"picked":"Genetic Algorithm","floor":8.0},{"not_picked":["Machine Learning","Skim"],"picked":"Capacitor","floor":11.0},{"not_picked":["Defragment","Aggregate"],"picked":"Auto Shields","floor":13.0},{"not_picked":["Compile Driver","Heatsinks"],"picked":"Redo","floor":14.0},{"not_picked":["Thunder Strike","All For One"],"picked":"Machine Learning","floor":16.0},{"not_picked":["Ball Lightning","Streamline"],"picked":"Go for the Eyes","floor":18.0},{"not_picked":["Rip and Tear+1","Sweeping Beam+1"],"picked":"White Noise","floor":22.0},{"not_picked":["Blizzard+1","Sweeping Beam+1"],"picked":"Self Repair","floor":24.0},{"not_picked":["Doom and Gloom+1","Ball Lightning+1"],"picked":"Scrape+1","floor":27.0},{"not_picked":["Barrage+1","Coolheaded+1"],"picked":"BootSequence+1","floor":29.0}],"player_experience":217982,"relics_obtained":[{"floor":8.0,"key":"Bag of Preparation"},{"floor":9.0,"key":"Ancient Tea Set"},{"floor":13.0,"key":"DataDisk"},{"floor":24.0,"key":"The Courier"},{"floor":26.0,"key":"Blue Candle"},{"floor":27.0,"key":"Toxic Egg 2"},{"floor":29.0,"key":"Turnip"}],"event_choices":[{"event_name":"Liars Game","player_choice":"disagreed","floor":6.0,"damage_taken":0.0},{"event_name":"Big Fish","player_choice":"Banana","floor":10.0,"damage_taken":0.0},{"event_name":"The Library","player_choice":"Read","floor":19.0,"damage_taken":0.0},{"event_name":"Vampires","player_choice":"Ignored","floor":21.0,"damage_taken":0.0},{"event_name":"Addict","player_choice":"Obtained Relic","floor":28.0,"damage_taken":0.0}],"is_beta":false,"boss_relics":[{"not_picked":["Lizard Tail","Snecko Eye"],"picked":"Nuclear Battery"}],"items_purged_floors":[20],"is_endless":false,"potions_floor_spawned":[1,2,11,14,18,29],"killed_by":"Champ","ascension_level":5}