{"gold_per_floor":[111,128,144,157,172,203,203,235,259,259,259,288,288,311,311,311],"floor_reached":16,"playtime":1311,"items_purged":[],"score":123,"play_id":"12ea0e6f-5f3d-4be7-9e3f-2076db457121","local_time":"20180803012650","is_ascension_mode":true,"campfire_choices":[{"data":"Zap","floor":7,"key":"SMITH"},{"floor":11,"key":"REST"},{"floor":13,"key":"REST"},{"floor":15,"key":"REST"}],"neow_cost":"","seed_source_timestamp":328757497723475,"circlet_count":0,"master_deck":["Strike_B","Strike_B","Strike_B","Strike_B","Defend_B","Defend_B","Defend_B","Defend_B","Zap+1","Dualcast","Steam","Loop","Rebound","Scrape","BootSequence","Chill","Multi-Cast","Injury","Storm","Hologram"],"relics":["Cracked Core","Juzu Bracelet","Calipers","Oddly Smooth Stone","Golden Idol","Odd Mushroom"],"potions_floor_usage":[5,5,5,12,12],"damage_taken":[{"damage":0,"enemies":"Cultist","floor":1,"turns":4},{"damage":1,"enemies":"Jaw Worm","floor":2,"turns":4},{"damage":2,"enemies":"Small Slimes","floor":3,"turns":4},{"damage":10,"enemies":"3 Louse","floor":4,"turns":3},{"damage":12,"enemies":"Large Slime","floor":5,"turns":4},{"damage":13,"enemies":"3 Sentries","floor":6,"turns":11},{"damage":34,"enemies":"Gremlin Nob","floor":8,"turns":5},{"damage":9,"floor":12,"turns":3},{"damage":5,"enemies":"Lots of Slimes","floor":14,"turns":5},{"damage":62,"enemies":"Slime Boss","floor":16,"turns":11}],"seed_played":"2321357905042628984","potions_obtained":[{"floor":4,"key":"EntropicBrew"},{"floor":8,"key":"Fire Potion"}],"is_trial":false,"path_per_floor":["M","M","M","M","M","E","R","E","T","?","R","?","R","M","R"],"character_chosen":"DEFECT","items_purchased":[],"campfire_rested":3,"item_purchase_floors":[],"current_hp_per_floor":[75,74,72,62,50,37,37,3,3,3,25,16,38,33,55,0],"gold":311,"neow_bonus":"","is_prod":false,"is_daily":false,"chose_seed":false,"campfire_upgraded":1,"win_rate":0,"timestamp":1533274010,"path_taken":["M","M","M","?","M","E","R","E","T","?","R","?","R","M","R","BOSS"],"build_version":"2018-08-02","purchased_purges":0,"victory":false,"max_hp_per_floor":[75,75,75,75,75,75,75,75,75,75,75,75,75,75,75,75],"card_choices":[{"not_picked":["Barrage","Melter"],"picked":"Steam","floor":1},{"not_picked":["Beam Cell","Leap"],"picked":"Loop","floor":2},{"not_picked":["Steam","FTL"],"picked":"Rebound","floor":3},{"not_picked":["Leap","Gash"],"picked":"Scrape","floor":4},{"not_picked":["Hologram","Conserve Battery"],"picked":"BootSequence","floor":5},{"not_picked":["Go for the Eyes","Hologram"],"picked":"Chill","floor":6},{"not_picked":["Darkness","Core Surge"],"picked":"Multi-Cast","floor":8},{"not_picked":["Gash","Recycle"],"picked":"Storm","floor":12},{"not_picked":["Go for the Eyes","Lockon"],"picked":"Hologram","floor":14}],"player_experience":165177,"relics_obtained":[{"floor":6,"key":"Juzu Bracelet"},{"floor":8,"key":"Calipers"},{"floor":9,"key":"Oddly Smooth Stone"},{"floor":12,"key":"Odd Mushroom"}],"event_choices":[{"event_name":"Golden Idol","player_choice":"Take Wound","floor":10,"damage_taken":0},{"event_name":"Mushrooms","player_choice":"Fought Mushrooms","floor":12,"damage_taken":0}],"is_beta":false,"boss_relics":[],"items_purged_floors":[],"is_endless":false,"potions_floor_spawned":[4,8],"killed_by":"Slime Boss","ascension_level":2}