{"gold_per_floor":[110,129,129,139,60,87,87,120,120,142,160,192,207,207,207,312,312,324,338,338,437,450,479,479,512,512,512,523,540,558,583,583,679,679,692,692,692,70,80,80,0,29,29,44,70,70,70,85,85,85],"floor_reached":51,"playtime":3134,"items_purged":["Writhe"],"score":1037,"play_id":"f5f3d748-7491-4dc7-aced-1c6a028de8b4","local_time":"20180925141401","is_ascension_mode":true,"campfire_choices":[{"floor":7.0,"key":"REST"},{"floor":15.0,"key":"REST"},{"data":"Buffer","floor":24.0,"key":"SMITH"},{"floor":32.0,"key":"REST"},{"data":"Fission","floor":40.0,"key":"SMITH"},{"data":"Lockon","floor":46.0,"key":"SMITH"},{"data":"Machine Learning","floor":49.0,"key":"SMITH"}],"neow_cost":"NONE","seed_source_timestamp":140033947634962,"circlet_count":0,"master_deck":["Strike_B+1","Strike_B","Strike_B+1","Defend_B","Defend_B","Defend_B","Defend_B","Zap","Dualcast","Echo Form","Conserve Battery","Conserve Battery","Electrodynamics","Self Repair","Double Energy","Buffer+1","Hologram","Ball Lightning","Static Discharge","Ball Lightning","Multi-Cast","Beam Cell+1","Melter+1","Heatsinks","Undo","Fission+1","Undo","Ball Lightning+1","Lockon+1","Biased Cognition","Core Surge+1","Madness","Madness","Defragment","Reprogram+1","Machine Learning+1","Chaos+1","Jack Of All Trades","Hello World"],"special_seed":0,"relics":["Cracked Core","Juzu Bracelet","Gremlin Horn","Anchor","Odd Mushroom","Lantern","Smiling Mask","Snecko Eye","Kunai","StoneCalendar","Bottled Flame","Bronze Scales","Bird Faced Urn","Coffee Dripper","Pear","HandDrill","Red Mask","Shuriken","The Courier","Whetstone"],"potions_floor_usage":[50,50,50],"damage_taken":[{"damage":0.0,"enemies":"Small Slimes","floor":1.0,"turns":3.0},{"damage":0.0,"enemies":"Jaw Worm","floor":2.0,"turns":4.0},{"damage":0.0,"enemies":"Cultist","floor":4.0,"turns":4.0},{"damage":36.0,"enemies":"Gremlin Nob","floor":6.0,"turns":4.0},{"damage":2.0,"enemies":"Lagavulin","floor":8.0,"turns":7.0},{"damage":2.0,"enemies":"The Mushroom Lair","floor":10.0,"turns":2.0},{"damage":7.0,"enemies":"3 Louse","floor":11.0,"turns":3.0},{"damage":25.0,"enemies":"3 Sentries","floor":12.0,"turns":4.0},{"damage":3.0,"enemies":"Exordium Thugs","floor":13.0,"turns":3.0},{"damage":1.0,"enemies":"The Guardian","floor":16.0,"turns":12.0},{"damage":0.0,"enemies":"3 Byrds","floor":18.0,"turns":1.0},{"damage":2.0,"enemies":"Chosen","floor":19.0,"turns":4.0},{"damage":21.0,"enemies":"Snake Plant","floor":22.0,"turns":3.0},{"damage":33.0,"enemies":"Book of Stabbing","floor":23.0,"turns":5.0},{"damage":31.0,"enemies":"Gremlin Leader","floor":25.0,"turns":7.0},{"damage":0.0,"enemies":"Colosseum Slavers","floor":27.0,"turns":4.0},{"damage":16.0,"enemies":"Centurion and Healer","floor":28.0,"turns":6.0},{"damage":0.0,"enemies":"3 Cultists","floor":29.0,"turns":3.0},{"damage":3.0,"enemies":"Chosen and Byrds","floor":30.0,"turns":3.0},{"damage":7.0,"enemies":"Slavers","floor":31.0,"turns":5.0},{"damage":44.0,"enemies":"Champ","floor":33.0,"turns":9.0},{"damage":0.0,"enemies":"Orb Walker","floor":35.0,"turns":3.0},{"damage":9.0,"enemies":"3 Darklings","floor":39.0,"turns":4.0},{"damage":40.0,"enemies":"Nemesis","floor":42.0,"turns":5.0},{"damage":1.0,"enemies":"4 Shapes","floor":44.0,"turns":7.0},{"damage":15.0,"enemies":"Transient","floor":48.0,"turns":5.0},{"damage":98,"enemies":"Time Eater","floor":50,"turns":12}],"seed_played":"4106989237687176361","potions_obtained":[{"floor":2.0,"key":"Dexterity Potion"},{"floor":6.0,"key":"FearPotion"},{"floor":12.0,"key":"Fire Potion"},{"floor":13.0,"key":"EssenceOfSteel"},{"floor":19.0,"key":"EssenceOfSteel"},{"floor":25.0,"key":"Dexterity Potion"},{"floor":29.0,"key":"Dexterity Potion"},{"floor":31.0,"key":"SteroidPotion"},{"floor":48.0,"key":"SteroidPotion"}],"is_trial":false,"path_per_floor":["M","M","?","M","$","E","R","E","T","?","M","E","M","?","R","B",null,"M","M","?","?","M","E","R","E","T","?","M","M","M","E","R","B",null,"M","?","?","$","M","R","?","E","T","M","T","R","?","M","R","B"],"character_chosen":"DEFECT","items_purchased":["Self Repair","Pear","HandDrill","Defragment","SteroidPotion"],"campfire_rested":3,"item_purchase_floors":[5,38,38,38,38],"current_hp_per_floor":[68,68,53,53,53,24,46,51,51,49,49,31,35,35,57,63,72,72,75,75,75,68,42,42,18,18,25,23,37,41,41,63,45,68,75,75,66,76,84,84,84,59,59,75,75,75,75,83,83,3],"gold":85,"neow_bonus":"ONE_RANDOM_RARE_CARD","is_prod":false,"is_daily":false,"chose_seed":false,"campfire_upgraded":4,"win_rate":0,"timestamp":1537899241,"path_taken":["M","M","?","M","$","E","R","E","T","?","M","E","M","?","R","BOSS","M","M","?","?","M","E","R","E","T","?","M","M","M","E","R","BOSS","M","?","?","$","M","R","?","E","T","M","?","R","?","M","R","BOSS"],"build_version":"2018-09-20","purchased_purges":1,"victory":true,"max_hp_per_floor":[75,75,75,75,75,75,75,75,75,75,75,75,75,75,75,75,75,75,75,75,75,75,75,75,75,75,75,75,75,75,75,75,75,75,75,75,75,85,85,85,85,85,85,85,85,85,85,85,85,85],"card_choices":[{"not_picked":["Sweeping Beam","Auto Shields"],"picked":"Conserve Battery","floor":1.0},{"not_picked":["Leap","Barrage"],"picked":"Conserve Battery","floor":2.0},{"not_picked":["Gash","Conserve Battery"],"picked":"Electrodynamics","floor":4.0},{"not_picked":["Turbo","Beam Cell"],"picked":"Double Energy","floor":6.0},{"not_picked":["Melter","Undo"],"picked":"Buffer","floor":8.0},{"not_picked":["Darkness","Streamline"],"picked":"Hologram","floor":10.0},{"not_picked":["Barrage","Consume"],"picked":"Ball Lightning","floor":11.0},{"not_picked":["Fusion","Ball Lightning"],"picked":"Static Discharge","floor":12.0},{"not_picked":["Static Discharge","Coolheaded"],"picked":"Ball Lightning","floor":13.0},{"not_picked":["Meteor Strike","Rainbow"],"picked":"Multi-Cast","floor":16.0},{"not_picked":["Leap","Cold Snap"],"picked":"Beam Cell+1","floor":18.0},{"not_picked":["Compile Driver","Ball Lightning+1"],"picked":"Melter+1","floor":19.0},{"not_picked":["Reinforced Body","Scrape"],"picked":"Heatsinks","floor":22.0},{"not_picked":["Turbo","Rebound"],"picked":"Undo","floor":23.0},{"not_picked":["Stack","Hologram"],"picked":"Fission","floor":25.0},{"not_picked":["Sweeping Beam","Streamline"],"picked":"Undo","floor":28.0},{"not_picked":["BootSequence","Gash"],"picked":"Ball Lightning+1","floor":29.0},{"not_picked":["Go for the Eyes","Redo+1"],"picked":"Lockon","floor":30.0},{"not_picked":["Scrape","FTL+1"],"picked":"Biased Cognition","floor":31.0},{"not_picked":["Fission","Buffer"],"picked":"Core Surge","floor":33.0},{"not_picked":["Coolheaded","Hologram","Melter"],"picked":"SKIP","floor":35.0},{"not_picked":["Sweeping Beam","Redo+1"],"picked":"Reprogram+1","floor":39.0},{"not_picked":["Glacier+1","Static Discharge"],"picked":"Machine Learning","floor":42.0},{"not_picked":["Steam Power+1","Redo+1"],"picked":"Chaos+1","floor":44.0},{"not_picked":["Dramatic Entrance","Blind"],"picked":"Jack Of All Trades","floor":47.0},{"not_picked":["Genetic Algorithm","Steam"],"picked":"Hello World","floor":48.0}],"player_experience":291085,"relics_obtained":[{"floor":6.0,"key":"Juzu Bracelet"},{"floor":8.0,"key":"Gremlin Horn"},{"floor":9.0,"key":"Anchor"},{"floor":10.0,"key":"Odd Mushroom"},{"floor":12.0,"key":"Lantern"},{"floor":23.0,"key":"StoneCalendar"},{"floor":25.0,"key":"Bottled Flame"},{"floor":26.0,"key":"Bronze Scales"},{"floor":31.0,"key":"Bird Faced Urn"},{"floor":42.0,"key":"Shuriken"},{"floor":43.0,"key":"The Courier"},{"floor":45.0,"key":"Whetstone"}],"event_choices":[{"event_name":"Shining Light","player_choice":"Entered Light","floor":3.0,"damage_taken":0.0},{"event_name":"Mushrooms","player_choice":"Fought Mushrooms","floor":10.0,"damage_taken":0.0},{"event_name":"Dead Adventurer","player_choice":"Searched \u00271\u0027 times","floor":14.0,"damage_taken":0.0},{"event_name":"The Mausoleum","player_choice":"Yes","floor":20.0,"damage_taken":0.0},{"event_name":"Nest","player_choice":"Stole From Cult","floor":21.0,"damage_taken":0.0},{"event_name":"Colosseum","player_choice":"Fight","floor":27.0,"damage_taken":0.0},{"event_name":"Colosseum","player_choice":"Fled From Nobs","floor":27.0,"damage_taken":0.0},{"event_name":"Colosseum","player_choice":"Fled From Nobs","floor":27.0,"damage_taken":0.0},{"event_name":"Falling","player_choice":"Removed Attack","floor":36.0,"damage_taken":0.0},{"event_name":"Winding Halls","player_choice":"Embrace Madness","floor":37.0,"damage_taken":0.0},{"event_name":"Tomb of Lord Red Mask","player_choice":"Paid","floor":41.0,"damage_taken":0.0},{"event_name":"SensoryStone","player_choice":"Memory 1","floor":47.0,"damage_taken":0.0}],"is_beta":false,"boss_relics":[{"not_picked":["Velvet Choker","Astrolabe"],"picked":"Snecko Eye"},{"not_picked":["Tiny House","White Beast Statue"],"picked":"Coffee Dripper"}],"items_purged_floors":[38],"is_endless":false,"potions_floor_spawned":[2,6,12,13,19,25,29,31,48],"ascension_level":8}