{"gold_per_floor":[116,116,116,129,159,159,159,159,159,28,48,80,91,107,107,206,206,226,226,244,264,264,287,305,325,325,359,58,8,37,48,48,151,151,171,184,134,134,153,153,180,180,180,196,214,226,241,266,266,266],"floor_reached":51,"playtime":2025,"items_purged":["Regret","Strike_R","Strike_R"],"score":951,"play_id":"b407e5b7-1856-44f0-a6a3-1c01b27f9449","local_time":"20190412191535","is_ascension_mode":false,"campfire_choices":[{"data":"Corruption","floor":6,"key":"SMITH"},{"floor":8,"key":"REST"},{"data":"Shrug It Off","floor":15,"key":"SMITH"},{"floor":32,"key":"REST"},{"floor":40,"key":"REST"},{"data":"Barricade","floor":42,"key":"SMITH"},{"floor":49,"key":"REST"}],"neow_cost":"NONE","seed_source_timestamp":0,"circlet_count":0,"master_deck":["Strike_R","Strike_R","Strike_R+1","Defend_R","Defend_R","Defend_R+1","Defend_R","Bash","Shrug It Off+1","Corruption+1","Flex","Havoc","Sentinel","Flex","Ghostly Armor","Rage","Impervious","Disarm+1","Flame Barrier","Burning Pact","J.A.X.","Barricade+1","Feel No Pain+1","Demon Form","Infernal Blade","Whirlwind","Flame Barrier","Demon Form","Seeing Red+1","Body Slam","Barricade","Wild Strike+1","Headbutt+1","Armaments+1"],"relics":["Calling Bell","Dead Branch","Letter Opener","Smiling Mask","Tiny Chest","Lantern","Boot","Runic Dome","Dream Catcher","Mummified Hand","Peace Pipe","Matryoshka","Du-Vu Doll","Mark of Pain","Art of War","Vajra","Ginger","Bag of Preparation"],"potions_floor_usage":[12,20,20,31,33,39,41,45,48,50,50],"damage_taken":[{"damage":12,"enemies":"Cultist","floor":1,"turns":4},{"damage":13,"enemies":"2 Louse","floor":4,"turns":3},{"damage":3,"enemies":"Small Slimes","floor":11,"turns":2},{"damage":0,"enemies":"3 Sentries","floor":12,"turns":2},{"damage":2,"enemies":"2 Fungi Beasts","floor":13,"turns":2},{"damage":0,"enemies":"Blue Slaver","floor":14,"turns":2},{"damage":16,"enemies":"The Guardian","floor":16,"turns":6},{"damage":0,"enemies":"2 Thieves","floor":18,"turns":2},{"damage":3,"enemies":"Spheric Guardian","floor":20,"turns":5},{"damage":5,"enemies":"3 Cultists","floor":21,"turns":4},{"damage":3,"enemies":"Cultist and Chosen","floor":24,"turns":2},{"damage":5,"enemies":"Snake Plant","floor":25,"turns":4},{"damage":3,"enemies":"Gremlin Leader","floor":27,"turns":5},{"damage":23,"enemies":"Slavers","floor":30,"turns":5},{"damage":3,"enemies":"Snecko","floor":31,"turns":3},{"damage":7,"enemies":"Automaton","floor":33,"turns":4},{"damage":3,"enemies":"3 Shapes","floor":35,"turns":6},{"damage":33,"enemies":"Orb Walker","floor":36,"turns":5},{"damage":27,"enemies":"Sphere and 2 Shapes","floor":39,"turns":5},{"damage":3,"enemies":"Reptomancer","floor":41,"turns":1},{"damage":3,"enemies":"4 Shapes","floor":44,"turns":3},{"damage":22,"enemies":"Spire Growth","floor":45,"turns":5},{"damage":3,"enemies":"3 Darklings","floor":46,"turns":1},{"damage":3,"enemies":"Sphere and 2 Shapes","floor":47,"turns":1},{"damage":5,"enemies":"Nemesis","floor":48,"turns":5},{"damage":3,"enemies":"Awakened One","floor":50,"turns":6}],"seed_played":"5195854280559570815","potions_obtained":[{"floor":11,"key":"SteroidPotion"},{"floor":14,"key":"Ancient Potion"},{"floor":16,"key":"EntropicBrew"},{"floor":35,"key":"BloodPotion"},{"floor":36,"key":"Swift Potion"},{"floor":44,"key":"Poison Potion"},{"floor":45,"key":"Block Potion"},{"floor":46,"key":"Ancient Potion"},{"floor":48,"key":"Fruit Juice"}],"is_trial":false,"path_per_floor":["M","?","?","M","?","R","?","R","T","$","M","E","M","M","R","B",null,"M","?","M","M","?","T","M","M","T","E","$","?","E","M","R","B",null,"M","M","$","?","M","R","E","R","T","M","M","M","M","E","R","B",null],"character_chosen":"IRONCLAD","items_purchased":["Flex","Havoc","Matryoshka"],"campfire_rested":4,"item_purchase_floors":[10,10,28],"current_hp_per_floor":[68,61,61,48,41,41,25,49,49,49,46,46,44,44,44,28,80,80,80,77,72,72,72,69,64,64,61,61,61,38,35,59,52,80,77,44,44,44,25,49,46,46,46,43,21,18,15,15,40,37],"gold":266,"neow_bonus":"BOSS_RELIC","is_prod":false,"is_daily":false,"chose_seed":true,"campfire_upgraded":3,"win_rate":0,"timestamp":1555089335,"path_taken":["M","?","?","M","?","R","?","R","T","$","M","E","?","?","R","BOSS","M","?","M","M","?","?","?","M","T","E","$","?","E","M","R","BOSS","M","M","$","?","M","R","E","R","T","?","?","M","M","E","R","BOSS"],"build_version":"2019-01-23","purchased_purges":3,"victory":true,"max_hp_per_floor":[80,80,80,80,80,80,80,80,80,80,80,80,80,80,80,80,80,80,80,80,80,80,80,80,80,80,80,80,80,80,80,80,80,80,80,80,80,80,80,80,80,80,80,80,80,80,80,85,85,85],"card_choices":[{"not_picked":["Clothesline","Body Slam"],"picked":"Shrug It Off","floor":1},{"not_picked":["Pommel Strike","Perfected Strike"],"picked":"Corruption","floor":4},{"not_picked":["Armaments","Clash"],"picked":"Sentinel","floor":11},{"not_picked":["Brutality","Heavy Blade"],"picked":"Flex","floor":12},{"not_picked":["Reckless Charge","True Grit"],"picked":"Ghostly Armor","floor":13},{"not_picked":["Perfected Strike","Cleave"],"picked":"Rage","floor":14},{"not_picked":["Bludgeon","Reaper"],"picked":"Impervious","floor":16},{"not_picked":["Heavy Blade","Twin Strike"],"picked":"Disarm+1","floor":18},{"not_picked":["Bloodletting","Clothesline+1"],"picked":"Burning Pact","floor":20},{"not_picked":["Cleave","Corruption+1","Twin Strike"],"picked":"SKIP","floor":21},{"not_picked":["Havoc","Thunderclap"],"picked":"Barricade","floor":24},{"not_picked":["Seeing Red","Pommel Strike","Warcry"],"picked":"SKIP","floor":25},{"not_picked":["Thunderclap","Disarm","Sword Boomerang"],"picked":"SKIP","floor":27},{"not_picked":["Iron Wave","Uppercut"],"picked":"Feel No Pain+1","floor":30},{"not_picked":["Rupture","Heavy Blade","Iron Wave"],"picked":"SKIP","floor":31},{"not_picked":["Offering","Reaper"],"picked":"Demon Form","floor":33},{"not_picked":["Cleave","Corruption+1"],"picked":"Infernal Blade","floor":35},{"not_picked":["Havoc","Warcry"],"picked":"Whirlwind","floor":36},{"not_picked":["Corruption+1","Feel No Pain"],"picked":"Seeing Red+1","floor":39},{"not_picked":["Infernal Blade","Hemokinesis"],"picked":"Body Slam","floor":41},{"not_picked":["Pommel Strike+1","Inflame+1"],"picked":"Barricade","floor":44},{"not_picked":["Bloodletting+1","Warcry"],"picked":"Wild Strike+1","floor":45},{"not_picked":["Blood for Blood","Wild Strike+1"],"picked":"Headbutt+1","floor":46},{"not_picked":["Thunderclap","Pommel Strike","Heavy Blade"],"picked":"SKIP","floor":47},{"not_picked":["Dual Wield","Sword Boomerang+1","True Grit"],"picked":"SKIP","floor":48},{"not_picked":["Perfected Strike","Inflame+1"],"picked":"Armaments+1","floor":49}],"player_experience":374391,"relics_obtained":[{"floor":0,"key":"Dead Branch"},{"floor":0,"key":"Letter Opener"},{"floor":0,"key":"Smiling Mask"},{"floor":9,"key":"Lantern"},{"floor":12,"key":"Boot"},{"floor":23,"key":"Dream Catcher"},{"floor":26,"key":"Mummified Hand"},{"floor":27,"key":"Peace Pipe"},{"floor":30,"key":"Du-Vu Doll"},{"floor":41,"key":"Art of War"},{"floor":43,"key":"Vajra"},{"floor":43,"key":"Ginger"},{"floor":48,"key":"Bag of Preparation"}],"event_choices":[{"cards_removed":["Shame"],"damage_healed":0,"gold_gain":0,"player_choice":"Card Removal","damage_taken":7,"max_hp_gain":0,"max_hp_loss":0,"event_name":"Golden Wing","floor":2,"gold_loss":0},{"cards_removed":["Regret"],"damage_healed":0,"gold_gain":0,"player_choice":"Forget","damage_taken":0,"max_hp_gain":0,"max_hp_loss":0,"event_name":"Living Wall","floor":3,"gold_loss":0},{"damage_healed":0,"gold_gain":0,"player_choice":"Success","damage_taken":7,"relics_obtained":["Tiny Chest"],"max_hp_gain":0,"max_hp_loss":0,"event_name":"Scrap Ooze","floor":5,"gold_loss":0},{"damage_healed":0,"gold_gain":0,"player_choice":"Entered Light","damage_taken":16,"max_hp_gain":0,"max_hp_loss":0,"event_name":"Shining Light","floor":7,"gold_loss":0,"cards_upgraded":["Strike_R","Defend_R"]},{"damage_healed":0,"gold_gain":0,"player_choice":"Read","damage_taken":0,"max_hp_gain":0,"max_hp_loss":0,"event_name":"The Library","floor":19,"gold_loss":0,"cards_obtained":["Flame Barrier"]},{"damage_healed":0,"gold_gain":0,"player_choice":"Obtain J.A.X.","damage_taken":0,"max_hp_gain":0,"max_hp_loss":0,"event_name":"Drug Dealer","floor":22,"gold_loss":0,"cards_obtained":["J.A.X."]},{"damage_healed":0,"gold_gain":0,"player_choice":"Bet on Murderer","damage_taken":0,"max_hp_gain":0,"max_hp_loss":0,"event_name":"The Joust","floor":29,"gold_loss":50},{"damage_healed":0,"gold_gain":0,"player_choice":"2 cards matched","damage_taken":0,"max_hp_gain":0,"max_hp_loss":0,"event_name":"Match and Keep!","floor":38,"gold_loss":0,"cards_obtained":["Flame Barrier","Demon Form"]}],"is_beta":false,"boss_relics":[{"not_picked":["Busted Crown","Eternal Feather"],"picked":"Runic Dome"},{"not_picked":["Sozu","Pandora\u0027s Box"],"picked":"Mark of Pain"}],"items_purged_floors":[10,28,37],"is_endless":false,"potions_floor_spawned":[11,14,16,21,24,27,30,35,36,44,45,46,48],"ascension_level":0}