{"gold_per_floor":[111,126,45,61,80,112,130,130,130,150,166,181,197,211,211,306,306,320,320,24,41,61,87,87,102,102,121,121,133,133,151,151,252,252,262,279,28,47,67,94,94,94,94,44,44,90,119,0,0,0],"floor_reached":50,"playtime":2835,"items_purged":["Shame"],"score":610,"play_id":"6303a31e-5b34-406b-a204-e1354f0a5e21","local_time":"20180818083425","is_ascension_mode":true,"campfire_choices":[{"floor":8,"key":"REST"},{"floor":15,"key":"REST"},{"floor":28,"key":"REST"},{"floor":30,"key":"REST"},{"floor":32,"key":"REST"},{"floor":41,"key":"REST"},{"data":"Echo Form","floor":49,"key":"SMITH"}],"neow_cost":"","seed_source_timestamp":142529436757115,"circlet_count":0,"master_deck":["Strike_B","Strike_B","Strike_B","Strike_B","Defend_B","Defend_B","Defend_B","Defend_B","Zap","Dualcast","Consume","Cold Snap","Melter","Sweeping Beam","Conserve Battery","Sunder","Core Surge","Capacitor","Conserve Battery","Coolheaded","Ball Lightning","Conserve Battery","Stack","Echo Form+1","White Noise","Defragment","Static Discharge","Streamline","Fusion","Beam Cell","Turbo","Barrage+1","Thunder Strike","Storm","Aggregate","Electrodynamics","Parasite","Doubt","Stack","Force Field","Aggregate","Streamline+1","Storm+1","Apotheosis","Doubt","Hologram+1","Leap+1"],"relics":["Cracked Core","Ancient Tea Set","Orichalcum","Snecko Eye","Anchor","DataDisk","Girya","Calling Bell","Bag of Preparation","Singing Bowl","Shovel","Symbiotic Virus","Ornamental Fan","Thread and Needle","Bronze Scales","Red Mask"],"potions_floor_usage":[6,14,14,14,16,23,31,31,33,38,39,40,40,40,40,40,40,46,50],"damage_taken":[{"damage":1,"enemies":"Cultist","floor":1,"turns":3},{"damage":13,"enemies":"Jaw Worm","floor":2,"turns":3},{"damage":0,"enemies":"Small Slimes","floor":4,"turns":2},{"damage":7,"enemies":"Blue Slaver","floor":5,"turns":4},{"damage":27,"enemies":"Gremlin Nob","floor":6,"turns":4},{"damage":18,"enemies":"Large Slime","floor":7,"turns":5},{"damage":0,"enemies":"Gremlin Gang","floor":10,"turns":3},{"damage":1,"enemies":"Blue Slaver","floor":11,"turns":3},{"damage":20,"enemies":"Exordium Thugs","floor":12,"turns":4},{"damage":5,"enemies":"2 Fungi Beasts","floor":13,"turns":4},{"damage":3,"enemies":"Large Slime","floor":14,"turns":4},{"damage":8,"enemies":"The Guardian","floor":16,"turns":12},{"damage":6,"enemies":"Shell Parasite","floor":18,"turns":3},{"damage":0,"enemies":"Chosen","floor":21,"turns":4},{"damage":13,"enemies":"Sentry and Sphere","floor":22,"turns":4},{"damage":15,"enemies":"Slavers","floor":23,"turns":3},{"damage":7,"enemies":"Centurion and Healer","floor":25,"turns":5},{"damage":22,"enemies":"Shelled Parasite and Fungi","floor":27,"turns":8},{"damage":5,"enemies":"Snake Plant","floor":29,"turns":5},{"damage":9,"enemies":"Cultist and Chosen","floor":31,"turns":6},{"damage":16,"enemies":"Champ","floor":33,"turns":6},{"damage":0,"enemies":"Flame Bruiser 1 Orb","floor":35,"turns":4},{"damage":1,"enemies":"3 Darklings","floor":36,"turns":3},{"damage":23,"enemies":"Spire Growth","floor":38,"turns":5},{"damage":16,"enemies":"Maw","floor":39,"turns":8},{"damage":14,"enemies":"2 Orb Walkers","floor":40,"turns":3},{"damage":16,"floor":46,"turns":3},{"damage":0,"enemies":"Giant Head","floor":47,"turns":5},{"damage":69,"enemies":"Awakened One","floor":50,"turns":4}],"seed_played":"-3019714722827499579","potions_obtained":[{"floor":1,"key":"PowerPotion"},{"floor":2,"key":"Energy Potion"},{"floor":11,"key":"Weak Potion"},{"floor":12,"key":"SkillPotion"},{"floor":14,"key":"Explosive Potion"},{"floor":22,"key":"Explosive Potion"},{"floor":25,"key":"Strength Potion"},{"floor":27,"key":"Poison Potion"},{"floor":29,"key":"Swift Potion"},{"floor":36,"key":"PowerPotion"},{"floor":38,"key":"SkillPotion"},{"floor":39,"key":"EntropicBrew"},{"floor":46,"key":"EssenceOfSteel"}],"is_trial":false,"path_per_floor":["M","M","$","M","M","E","M","R","T","M","M","M","M","M","R","B",null,"M","?","$","M","M","E","?","M","T","M","R","M","R","M","R","B",null,"M","M","$","M","M","E","R","?","T","$","?","?","E","?","R"],"character_chosen":"DEFECT","items_purchased":["Melter","Sweeping Beam","Anchor","Go for the Eyes","Static Discharge","Streamline","Force Field","AttackPotion","Energy Potion","Weak Potion"],"campfire_rested":6,"item_purchase_floors":[3,3,20,20,20,20,37,37,37,44],"current_hp_per_floor":[74,61,61,61,54,27,9,31,31,31,30,10,5,2,24,16,75,69,69,69,69,56,41,41,34,34,12,34,29,51,42,64,48,75,77,76,76,53,37,23,46,46,46,46,77,61,61,61,61,0],"gold":0,"neow_bonus":"","is_prod":false,"is_daily":false,"chose_seed":false,"campfire_upgraded":1,"win_rate":0,"timestamp":1534574065,"path_taken":["M","M","$","M","?","E","M","R","T","M","M","M","M","M","R","BOSS","M","?","$","M","M","E","?","M","T","M","R","M","R","M","R","BOSS","M","M","$","M","M","E","R","?","T","$","?","?","E","?","R","BOSS"],"build_version":"2018-08-16","purchased_purges":1,"victory":false,"max_hp_per_floor":[75,75,75,75,75,75,75,75,75,75,75,75,75,75,75,75,75,75,75,75,75,75,75,75,75,75,75,75,75,75,75,75,75,75,77,77,77,77,77,77,77,77,77,77,77,77,77,77,77,77],"card_choices":[{"not_picked":["Blizzard","Storm"],"picked":"Consume","floor":1},{"not_picked":["Stack","Tempest"],"picked":"Cold Snap","floor":2},{"not_picked":["Sweeping Beam","Coolheaded"],"picked":"Conserve Battery","floor":4},{"not_picked":["Scrape","Consume"],"picked":"Sunder","floor":5},{"not_picked":["Turbo","Coolheaded"],"picked":"Core Surge","floor":6},{"not_picked":["Coolheaded","Barrage"],"picked":"Capacitor","floor":7},{"not_picked":["Gash","Scrape"],"picked":"Conserve Battery","floor":10},{"not_picked":["Recycle","Capacitor"],"picked":"Coolheaded","floor":11},{"not_picked":["Coolheaded","Steam"],"picked":"Ball Lightning","floor":12},{"not_picked":["Hologram","Beam Cell"],"picked":"Conserve Battery","floor":13},{"not_picked":["Gash","Consume"],"picked":"Stack","floor":14},{"not_picked":["Core Surge","Buffer"],"picked":"Echo Form","floor":16},{"not_picked":["Aggregate","Stack"],"picked":"White Noise","floor":18},{"not_picked":["Sweeping Beam","Redo"],"picked":"Fusion","floor":21},{"not_picked":["Fusion","Redo"],"picked":"Beam Cell","floor":22},{"not_picked":["Skim+1","Stack"],"picked":"Turbo","floor":23},{"not_picked":["Steam+1","Darkness+1"],"picked":"Barrage+1","floor":25},{"not_picked":["Reinforced Body","Compile Driver"],"picked":"Thunder Strike","floor":27},{"not_picked":["Go for the Eyes","Rip and Tear"],"picked":"Storm","floor":29},{"not_picked":["Compile Driver+1","Reinforced Body"],"picked":"Aggregate","floor":31},{"not_picked":["Hyperbeam","Biased Cognition"],"picked":"Electrodynamics","floor":33},{"not_picked":["Recycle","Rebound","Turbo"],"picked":"Singing Bowl","floor":35},{"not_picked":["Heatsinks+1","Chaos+1"],"picked":"Stack","floor":36},{"not_picked":["Defragment","Cold Snap+1"],"picked":"Aggregate","floor":38},{"not_picked":["Tempest+1","Defragment"],"picked":"Streamline+1","floor":39},{"not_picked":["Auto Shields","Amplify"],"picked":"Storm+1","floor":40},{"not_picked":["Thinking Ahead","Blind"],"picked":"Apotheosis","floor":42},{"not_picked":["Chaos+1","Compile Driver"],"picked":"Hologram+1","floor":46},{"not_picked":["Skim+1","Sweeping Beam"],"picked":"Leap+1","floor":47}],"player_experience":188134,"relics_obtained":[{"floor":6,"key":"Ancient Tea Set"},{"floor":9,"key":"Orichalcum"},{"floor":23,"key":"DataDisk"},{"floor":26,"key":"Girya"},{"floor":34,"key":"Bag of Preparation"},{"floor":34,"key":"Singing Bowl"},{"floor":34,"key":"Shovel"},{"floor":40,"key":"Symbiotic Virus"},{"floor":43,"key":"Ornamental Fan"},{"floor":46,"key":"Thread and Needle"},{"floor":47,"key":"Bronze Scales"}],"event_choices":[{"event_name":"The Library","player_choice":"Read","floor":19,"damage_taken":0},{"event_name":"Purifier","player_choice":"One Purge","floor":24,"damage_taken":0},{"event_name":"SensoryStone","player_choice":"Memory 1","floor":42,"damage_taken":0},{"event_name":"MindBloom","player_choice":"Heal","floor":45,"damage_taken":0},{"event_name":"Mysterious Sphere","player_choice":"Fight","floor":46,"damage_taken":0},{"event_name":"Tomb of Lord Red Mask","player_choice":"Paid","floor":48,"damage_taken":0}],"is_beta":false,"boss_relics":[{"not_picked":["Fusion Hammer","FrozenCore"],"picked":"Snecko Eye"},{"not_picked":["Pandora\u0027s Box","Tiny House"],"picked":"Calling Bell"}],"items_purged_floors":[37],"is_endless":false,"potions_floor_spawned":[1,2,11,12,14,22,25,27,29,36,38,39,46],"killed_by":"Awakened One","ascension_level":1}