{"gold_per_floor":[116,291,291,309,309,342,342,352,352,383,396,396,396,426,426,524,524,537,387,403,75,75,75,102,118,118,147,157,175,185,110,110,213,213,229,38,57,57,0,0,28,28,75,101,101,101,156,256,256,256],"floor_reached":51,"playtime":1692,"items_purged":["Normality"],"score":1451,"play_id":"ca231b5d-017b-48c3-adf4-80c7005f0809","local_time":"20190504180212","is_ascension_mode":true,"campfire_choices":[{"data":"Bash","floor":7,"key":"SMITH"},{"data":"Heavy Blade","floor":12,"key":"SMITH"},{"data":"True Grit","floor":15,"key":"SMITH"},{"data":"Limit Break","floor":23,"key":"SMITH"},{"data":"Second Wind","floor":32,"key":"SMITH"},{"data":"Pommel Strike","floor":40,"key":"SMITH"},{"data":"Apotheosis","floor":42,"key":"SMITH"},{"data":"Shrug It Off","floor":45,"key":"SMITH"},{"data":"Reaper","floor":49,"key":"SMITH"}],"neow_cost":"NONE","seed_source_timestamp":30298400545316,"circlet_count":0,"master_deck":["AscendersBane","Strike_R","Strike_R","Strike_R","Strike_R","Defend_R","Defend_R","Defend_R+1","Bash+1","Pommel Strike+1","Doubt","Shrug It Off+1","Regret","Heavy Blade+1","Headbutt","Shockwave+1","Cleave","True Grit+1","Limit Break+1","Clumsy","Doubt","Thunderclap","Reaper+1","Heavy Blade+1","Second Wind+1","Pommel Strike+1","Reckless Charge+1","Body Slam+1","Body Slam+1","Headbutt+1","Apotheosis+1","Ghostly Armor+1","Writhe","Writhe","Infernal Blade+1","Seeing Red+1"],"relics":["Burning Blood","NeowsBlessing","Pear","Sundial","Du-Vu Doll","Question Card","Juzu Bracelet","Unceasing Top","Calling Bell","Art of War","Matryoshka","FossilizedHelix","Molten Egg 2","MutagenicStrength","Pen Nib","Anchor","Darkstone Periapt","Singing Bowl","Cursed Key","Red Mask","Gremlin Horn","War Paint","Bronze Scales","Pantograph","Nunchaku","Magic Flower"],"potions_floor_usage":[16,24,33,33,41,50,50,50],"damage_taken":[{"damage":0,"enemies":"2 Louse","floor":1,"turns":1},{"damage":0,"enemies":"Small Slimes","floor":4,"turns":1},{"damage":0,"enemies":"3 Sentries","floor":6,"turns":1},{"damage":2,"enemies":"Jaw Worm","floor":8,"turns":3},{"damage":26,"enemies":"Lagavulin","floor":10,"turns":6},{"damage":16,"enemies":"Exordium Wildlife","floor":11,"turns":4},{"damage":16,"enemies":"Gremlin Nob","floor":14,"turns":3},{"damage":47,"enemies":"The Guardian","floor":16,"turns":11},{"damage":6,"enemies":"Spheric Guardian","floor":18,"turns":3},{"damage":21,"enemies":"3 Byrds","floor":20,"turns":4},{"damage":7,"enemies":"Book of Stabbing","floor":24,"turns":2},{"damage":9,"enemies":"Centurion and Healer","floor":25,"turns":4},{"damage":15,"enemies":"Slavers","floor":27,"turns":4},{"damage":0,"enemies":"Snake Plant","floor":28,"turns":2},{"damage":6,"enemies":"Shelled Parasite and Fungi","floor":29,"turns":3},{"damage":0,"enemies":"Centurion and Healer","floor":30,"turns":3},{"damage":91,"enemies":"Champ","floor":33,"turns":8},{"damage":30,"enemies":"3 Darklings","floor":35,"turns":4},{"damage":1,"enemies":"3 Shapes","floor":37,"turns":3},{"damage":54,"enemies":"Nemesis","floor":41,"turns":5},{"damage":0,"enemies":"Reptomancer","floor":44,"turns":3},{"damage":5,"enemies":"2 Orb Walkers","floor":47,"turns":3},{"damage":0,"enemies":"Mind Bloom Boss Battle","floor":48,"turns":3},{"damage":81,"enemies":"Awakened One","floor":50,"turns":6}],"seed_played":"-5485839638637046451","potions_obtained":[{"floor":1,"key":"Energy Potion"},{"floor":14,"key":"BloodPotion"},{"floor":20,"key":"Block Potion"},{"floor":25,"key":"GamblersBrew"},{"floor":27,"key":"Strength Potion"},{"floor":30,"key":"Ancient Potion"},{"floor":37,"key":"EssenceOfSteel"},{"floor":41,"key":"Strength Potion"},{"floor":47,"key":"Explosive Potion"},{"floor":48,"key":"Swift Potion"}],"is_trial":false,"path_per_floor":["M","?","?","M","?","E","R","M","T","E","M","R","?","E","R","B",null,"M","$","M","$","?","R","E","M","T","E","M","M","M","?","R","B",null,"M","$","M","?","?","R","E","R","T","E","R","?","?","?","R","B",null],"character_chosen":"IRONCLAD","items_purchased":["Reaper","Molten Egg 2","Second Wind","Apotheosis"],"campfire_rested":0,"item_purchase_floors":[19,21,21,36],"current_hp_per_floor":[78,78,76,82,82,88,88,90,90,70,60,60,60,50,50,18,72,72,72,65,65,65,65,75,87,87,78,84,84,92,92,92,40,81,70,70,77,77,77,77,44,44,50,104,104,112,112,112,112,60],"gold":256,"neow_bonus":"THREE_ENEMY_KILL","is_prod":false,"is_daily":false,"chose_seed":false,"campfire_upgraded":9,"win_rate":0,"timestamp":1556985732,"path_taken":["M","?","?","M","?","E","R","M","T","E","M","R","?","E","R","BOSS","M","$","M","$","?","R","E","M","T","E","M","M","M","?","R","BOSS","M","$","M","?","?","R","E","R","T","E","R","?","?","?","R","BOSS"],"build_version":"2019-01-23","purchased_purges":1,"victory":true,"max_hp_per_floor":[80,80,90,90,90,90,90,90,90,90,90,90,90,90,90,90,90,90,90,90,90,90,90,90,90,90,90,90,90,92,92,92,94,94,96,96,98,98,98,98,98,98,104,106,106,112,112,112,112,112],"card_choices":[{"not_picked":["Disarm","Thunderclap"],"picked":"Pommel Strike","floor":1},{"not_picked":["Uppercut","Headbutt"],"picked":"Shrug It Off","floor":4},{"not_picked":["Rampage","Shrug It Off"],"picked":"Heavy Blade","floor":6},{"not_picked":["Flex","Perfected Strike"],"picked":"Headbutt","floor":8},{"not_picked":["Shrug It Off","Thunderclap","Barricade"],"picked":"Shockwave","floor":10},{"not_picked":["Wild Strike","Havoc","Heavy Blade"],"picked":"Cleave","floor":11},{"not_picked":["Clothesline","Sword Boomerang","Cleave"],"picked":"True Grit","floor":14},{"not_picked":["Double Tap","Demon Form","Dark Embrace"],"picked":"Limit Break","floor":16},{"not_picked":["Armaments+1","Cleave","Perfected Strike+1"],"picked":"Thunderclap","floor":18},{"not_picked":["Shockwave+1","Twin Strike","Anger"],"picked":"Heavy Blade+1","floor":20},{"not_picked":["Anger+1","Burning Pact","Infernal Blade"],"picked":"Pommel Strike+1","floor":24},{"not_picked":["Spot Weakness+1","Dual Wield","Inflame"],"picked":"Reckless Charge+1","floor":25},{"not_picked":["Bludgeon+1","Wild Strike+1","Sever Soul+1"],"picked":"Body Slam+1","floor":27},{"not_picked":["Warcry","True Grit+1","Searing Blow+1"],"picked":"Body Slam+1","floor":28},{"not_picked":["Armaments","Blood for Blood+1","Demon Form"],"picked":"Headbutt+1","floor":29},{"not_picked":["Thunderclap+1","Twin Strike+1","Evolve","Armaments+1"],"picked":"Singing Bowl","floor":30},{"not_picked":["Immolate+1","Juggernaut","Bludgeon+1","Dark Embrace"],"picked":"Singing Bowl","floor":33},{"not_picked":["Inflame","Twin Strike+1","Iron Wave+1","Perfected Strike+1"],"picked":"Singing Bowl","floor":35},{"not_picked":["Armaments+1","Clothesline+1","Thunderclap+1","Body Slam+1"],"picked":"Singing Bowl","floor":37},{"not_picked":["Havoc+1","Body Slam+1","Perfected Strike+1"],"picked":"Ghostly Armor","floor":41},{"not_picked":["Rage+1","Demon Form","Warcry+1","Flex+1"],"picked":"Singing Bowl","floor":44},{"not_picked":["Pommel Strike+1","Iron Wave+1","Wild Strike+1"],"picked":"Infernal Blade+1","floor":47},{"not_picked":["Sever Soul+1","Warcry+1","Perfected Strike+1"],"picked":"Seeing Red+1","floor":48}],"player_experience":562889,"relics_obtained":[{"floor":6,"key":"Du-Vu Doll"},{"floor":9,"key":"Question Card"},{"floor":10,"key":"Juzu Bracelet"},{"floor":14,"key":"Unceasing Top"},{"floor":17,"key":"Art of War"},{"floor":17,"key":"Matryoshka"},{"floor":17,"key":"FossilizedHelix"},{"floor":24,"key":"Pen Nib"},{"floor":26,"key":"Anchor"},{"floor":26,"key":"Darkstone Periapt"},{"floor":27,"key":"Singing Bowl"},{"floor":41,"key":"Gremlin Horn"},{"floor":43,"key":"War Paint"},{"floor":43,"key":"Bronze Scales"},{"floor":44,"key":"Pantograph"},{"floor":47,"key":"Nunchaku"},{"floor":48,"key":"Magic Flower"}],"event_choices":[{"damage_healed":0,"gold_gain":175,"player_choice":"AGREE","damage_taken":0,"max_hp_gain":0,"max_hp_loss":0,"event_name":"Liars Game","floor":2,"gold_loss":0,"cards_obtained":["Doubt"]},{"damage_healed":0,"gold_gain":0,"player_choice":"Success","damage_taken":12,"relics_obtained":["Pear"],"max_hp_gain":0,"max_hp_loss":0,"event_name":"Scrap Ooze","floor":3,"gold_loss":0},{"damage_healed":0,"gold_gain":0,"player_choice":"Box","damage_taken":0,"relics_obtained":["Sundial"],"max_hp_gain":0,"max_hp_loss":0,"event_name":"Big Fish","floor":5,"gold_loss":0,"cards_obtained":["Regret"]},{"damage_healed":0,"gold_gain":0,"player_choice":"Grow","damage_taken":0,"max_hp_gain":0,"max_hp_loss":0,"event_name":"Living Wall","floor":13,"gold_loss":0,"cards_upgraded":["Shockwave"]},{"damage_healed":0,"gold_gain":0,"player_choice":"Inject Mutagens","damage_taken":0,"relics_obtained":["MutagenicStrength"],"max_hp_gain":0,"max_hp_loss":0,"event_name":"Drug Dealer","floor":22,"gold_loss":0},{"cards_removed":["Strike_R"],"damage_healed":0,"gold_gain":0,"player_choice":"Gave Gold","damage_taken":0,"max_hp_gain":0,"max_hp_loss":0,"event_name":"Beggar","floor":31,"gold_loss":75},{"cards_removed":["Defend_R"],"damage_healed":0,"gold_gain":0,"player_choice":"Removed Skill","damage_taken":0,"max_hp_gain":0,"max_hp_loss":0,"event_name":"Falling","floor":38,"gold_loss":0},{"damage_healed":0,"gold_gain":0,"player_choice":"Paid","damage_taken":0,"relics_obtained":["Red Mask"],"max_hp_gain":0,"max_hp_loss":0,"event_name":"Tomb of Lord Red Mask","floor":39,"gold_loss":57},{"damage_healed":27,"gold_gain":0,"player_choice":"Writhe","damage_taken":0,"max_hp_gain":0,"max_hp_loss":0,"event_name":"Winding Halls","floor":46,"gold_loss":0,"cards_obtained":["Writhe"]},{"damage_healed":0,"gold_gain":0,"player_choice":"Fight","damage_taken":0,"max_hp_gain":0,"max_hp_loss":0,"event_name":"Mysterious Sphere","floor":47,"gold_loss":0},{"damage_healed":0,"gold_gain":0,"player_choice":"Fight","damage_taken":0,"max_hp_gain":0,"max_hp_loss":0,"event_name":"MindBloom","floor":48,"gold_loss":0}],"is_beta":false,"boss_relics":[{"not_picked":["Mark of Pain","Lizard Tail"],"picked":"Calling Bell"},{"not_picked":["Runic Dome","Philosopher\u0027s Stone"],"picked":"Cursed Key"}],"items_purged_floors":[19],"is_endless":false,"potions_floor_spawned":[1,14,20,25,27,30,37,41,47,48],"ascension_level":10}