{"gold_per_floor":[112,112,123,133,147,182,182,213,213,213,213,226,226,242,242,242],"floor_reached":16,"playtime":866,"items_purged":[],"score":151,"play_id":"ca07c215-299b-4353-b2ac-3fc2263d69d3","local_time":"20190501161910","is_ascension_mode":true,"campfire_choices":[{"data":"Envenom","floor":7,"key":"SMITH"},{"floor":10,"key":"REST"},{"data":"Crippling Poison","floor":15,"key":"SMITH"}],"neow_cost":"NONE","seed_source_timestamp":699753186545134,"circlet_count":0,"master_deck":["Defend_G","Defend_G","Defend_G","Defend_G","Defend_G","Strike_G+1","Strike_G+1","Strike_G","Strike_G","Strike_G","Survivor","Neutralize","Caltrops","Cloak And Dagger","Acrobatics","Envenom+1","Blade Dance","Poisoned Stab","Backflip","Crippling Poison+1"],"relics":["Ring of the Snake","Oddly Smooth Stone","Prayer Wheel","Sundial"],"potions_floor_usage":[6,14,16],"damage_taken":[{"damage":0,"enemies":"2 Louse","floor":1,"turns":4},{"damage":0,"enemies":"Cultist","floor":3,"turns":5},{"damage":0,"enemies":"Jaw Worm","floor":4,"turns":5},{"damage":10,"enemies":"3 Louse","floor":5,"turns":4},{"damage":13,"enemies":"3 Sentries","floor":6,"turns":12},{"damage":21,"enemies":"Lagavulin","floor":8,"turns":8},{"damage":6,"enemies":"Looter","floor":12,"turns":4},{"damage":16,"enemies":"Large Slime","floor":14,"turns":6},{"damage":55,"enemies":"Slime Boss","floor":16,"turns":8}],"seed_played":"-1590196987777936226","potions_obtained":[{"floor":1,"key":"Energy Potion"},{"floor":2,"key":"SmokeBomb"},{"floor":2,"key":"Dexterity Potion"},{"floor":8,"key":"Dexterity Potion"},{"floor":12,"key":"FairyPotion"}],"is_trial":false,"path_per_floor":["M","?","M","M","M","E","R","E","T","R","?","M","?","M","R","B"],"character_chosen":"THE_SILENT","items_purchased":[],"campfire_rested":1,"item_purchase_floors":[],"current_hp_per_floor":[70,70,70,70,60,47,47,26,26,49,34,28,53,37,37,0],"gold":242,"neow_bonus":"TEN_PERCENT_HP_BONUS","is_prod":false,"is_daily":false,"chose_seed":false,"campfire_upgraded":2,"win_rate":0,"timestamp":1556723950,"path_taken":["M","?","M","M","?","E","R","E","T","R","?","M","?","M","R","BOSS"],"build_version":"2019-01-23","purchased_purges":0,"victory":false,"max_hp_per_floor":[77,77,77,77,77,77,77,77,77,77,77,77,77,77,77,77],"card_choices":[{"not_picked":["Leg Sweep","Dagger Spray"],"picked":"Caltrops","floor":1},{"not_picked":["Dodge and Roll","Finisher","Outmaneuver"],"picked":"SKIP","floor":3},{"not_picked":["PiercingWail","Choke"],"picked":"Cloak And Dagger","floor":4},{"not_picked":["Bane","Slice"],"picked":"Acrobatics","floor":5},{"not_picked":["Cloak And Dagger","Flechettes"],"picked":"Envenom","floor":6},{"not_picked":["Slice","Prepared"],"picked":"Blade Dance","floor":8},{"not_picked":["Acrobatics","Slice"],"picked":"Poisoned Stab","floor":12},{"not_picked":["Distraction","Dagger Throw","Dodge and Roll"],"picked":"SKIP","floor":12},{"not_picked":["Bouncing Flask","Terror"],"picked":"Backflip","floor":14},{"not_picked":["Terror","Backstab"],"picked":"Crippling Poison","floor":14}],"player_experience":574523,"relics_obtained":[{"floor":6,"key":"Oddly Smooth Stone"},{"floor":8,"key":"Prayer Wheel"},{"floor":9,"key":"Sundial"}],"event_choices":[{"damage_healed":0,"gold_gain":0,"player_choice":"Got Potions","damage_taken":0,"max_hp_gain":0,"max_hp_loss":0,"event_name":"Lab","floor":2,"gold_loss":0},{"damage_healed":0,"gold_gain":0,"player_choice":"Entered Light","damage_taken":15,"max_hp_gain":0,"max_hp_loss":0,"event_name":"Shining Light","floor":11,"gold_loss":0,"cards_upgraded":["Strike_G","Strike_G"]},{"damage_healed":25,"gold_gain":0,"player_choice":"Banana","damage_taken":0,"max_hp_gain":0,"max_hp_loss":0,"event_name":"Big Fish","floor":13,"gold_loss":0}],"is_beta":false,"boss_relics":[],"items_purged_floors":[],"is_endless":false,"potions_floor_spawned":[1,5,8,12],"killed_by":"Slime Boss","ascension_level":7}