{"gold_per_floor":[99,99,48,48,48,48,48,48,48,48,48,48,48,48,48,48,48,48,48,48,48,48,48,48,48,48,48,48,48,19,19,19,19,19,19,19,19,19,19,19,0,0,0,0,0,0,0,0,0,0,0,0,0,0,0,0],"floor_reached":57,"playtime":4840,"items_purged":[],"score":2992,"play_id":"bd5d310f-6f15-45c4-bc0d-4626346f284c","local_time":"20190410203221","is_ascension_mode":true,"campfire_choices":[{"floor":10.0,"key":"REST"},{"data":"Zap","floor":13.0,"key":"SMITH"},{"data":"Redo","floor":15.0,"key":"SMITH"},{"data":"Seek","floor":24.0,"key":"SMITH"},{"data":"Lockon","floor":27.0,"key":"SMITH"},{"floor":32.0,"key":"REST"},{"floor":45.0,"key":"RECALL"},{"floor":49.0,"key":"REST"},{"floor":53.0,"key":"REST"}],"neow_cost":"NONE","seed_source_timestamp":71634932674712,"circlet_count":0,"master_deck":["AscendersBane","Zap+1","Dualcast","Beam Cell","Doom and Gloom","Redo+1","Hologram","FTL","Doom and Gloom","Reboot","Steam","Seek+1","Double Energy","Cold Snap","Reboot","Leap","Electrodynamics+1","Hologram","Steam","Sunder+1","Lockon+1","Static Discharge+1","Redo","Conserve Battery+1","Echo Form+1","Glacier+1","Stack","Multi-Cast","Undo","Stack+1","Hologram","Hologram","Redo","Go for the Eyes","Go for the Eyes+1","Chill+1","Stack+1"],"special_seed":0,"relics":["Ectoplasm","DataDisk","Shuriken","Meat on the Bone","Frozen Egg 2","Pandora\u0027s Box","MutagenicStrength","Bottled Lightning","Anchor","Kunai","Incense Burner","Black Star","Prayer Wheel","Sundial","Regal Pillow","Red Mask","Blood Vial","Ice Cream","MawBank","Calipers","Bronze Scales","Ancient Tea Set","Dream Catcher","Pantograph","Boot"],"potions_floor_usage":[56,56],"damage_taken":[{"damage":4.0,"enemies":"Small Slimes","floor":1.0,"turns":4.0},{"damage":1.0,"enemies":"Cultist","floor":2.0,"turns":3.0},{"damage":14.0,"enemies":"Jaw Worm","floor":4.0,"turns":3.0},{"damage":10.0,"enemies":"3 Sentries","floor":6.0,"turns":4.0},{"damage":8.0,"enemies":"Large Slime","floor":7.0,"turns":3.0},{"damage":22.0,"enemies":"Lagavulin","floor":8.0,"turns":5.0},{"damage":7.0,"enemies":"3 Sentries","floor":12.0,"turns":2.0},{"damage":9.0,"enemies":"2 Fungi Beasts","floor":14.0,"turns":2.0},{"damage":21.0,"enemies":"Hexaghost","floor":16.0,"turns":7.0},{"damage":0.0,"enemies":"Spheric Guardian","floor":18.0,"turns":2.0},{"damage":0.0,"enemies":"Chosen","floor":19.0,"turns":3.0},{"damage":12.0,"enemies":"Shelled Parasite and Fungi","floor":20.0,"turns":3.0},{"damage":20.0,"enemies":"Book of Stabbing","floor":23.0,"turns":3.0},{"damage":0.0,"enemies":"3 Cultists","floor":25.0,"turns":2.0},{"damage":4.0,"enemies":"Slavers","floor":28.0,"turns":2.0},{"damage":0.0,"enemies":"Gremlin Leader","floor":31.0,"turns":2.0},{"damage":13.0,"enemies":"Automaton","floor":33.0,"turns":8.0},{"damage":0.0,"enemies":"3 Shapes","floor":35.0,"turns":3.0},{"damage":0.0,"enemies":"Orb Walker","floor":38.0,"turns":2.0},{"damage":0.0,"enemies":"Mind Bloom Boss Battle","floor":39.0,"turns":5.0},{"damage":23.0,"enemies":"Giant Head","floor":40.0,"turns":9.0},{"damage":18.0,"enemies":"Nemesis","floor":42.0,"turns":7.0},{"damage":15.0,"enemies":"Giant Head","floor":44.0,"turns":5.0},{"damage":2.0,"enemies":"3 Darklings","floor":46.0,"turns":2.0},{"damage":0.0,"enemies":"Maw","floor":47.0,"turns":4.0},{"damage":22.0,"enemies":"Nemesis","floor":48.0,"turns":5.0},{"damage":12.0,"enemies":"Awakened One","floor":50.0,"turns":9.0},{"damage":35.0,"enemies":"Time Eater","floor":51.0,"turns":9.0},{"damage":48.0,"enemies":"Shield and Spear","floor":55.0,"turns":5.0},{"damage":57,"enemies":"The Heart","floor":56,"turns":9}],"seed_played":"461141442544593161","potions_obtained":[{"floor":1.0,"key":"Regen Potion"},{"floor":4.0,"key":"FocusPotion"},{"floor":8.0,"key":"FocusPotion"},{"floor":23.0,"key":"PowerPotion"},{"floor":46.0,"key":"FocusPotion"},{"floor":47.0,"key":"Block Potion"}],"is_trial":false,"path_per_floor":["M","M","$","M","?","E","M","E","T","R","?","E","R","M","R","B",null,"M","M","M","T","?","E","R","M","T","R","E","?","$","E","R","B",null,"M","?","?","M","?","E","?","E","T","E","R","M","M","E","R","B","B",null,"R","$","E","B",null],"character_chosen":"DEFECT","items_purchased":["Redo","Redo"],"campfire_rested":4,"item_purchase_floors":[3,30],"current_hp_per_floor":[60,59,59,45,38,40,32,10,10,31,31,36,36,39,39,30,61,61,61,49,49,49,41,41,41,41,41,37,37,37,37,58,45,65,65,65,65,65,65,42,42,36,36,35,35,35,37,29,64,54,33,59,67,67,31,13],"gold":0,"neow_bonus":"BOSS_RELIC","is_prod":false,"is_daily":false,"chose_seed":false,"campfire_upgraded":4,"win_rate":0,"timestamp":1554946341,"path_taken":["M","M","$","M","?","E","M","E","T","R","?","E","R","M","R","BOSS","M","M","M","?","?","E","R","M","T","R","E","?","$","E","R","BOSS","M","?","?","M","?","E","?","E","T","E","R","M","M","E","R","BOSS","BOSS","R","$","E","BOSS"],"build_version":"2019-01-23","purchased_purges":0,"victory":true,"max_hp_per_floor":[71,71,71,71,71,71,71,71,71,71,71,71,71,71,71,71,71,71,71,71,71,71,71,71,71,71,71,71,71,71,71,71,71,71,71,67,67,67,67,67,67,67,67,67,67,67,67,67,67,67,67,67,67,67,67,67],"card_choices":[{"not_picked":["Steam Power","Go for the Eyes"],"picked":"Beam Cell","floor":1.0},{"not_picked":["Gash","Stack"],"picked":"Doom and Gloom","floor":2.0},{"not_picked":["Stack","Double Energy"],"picked":"Hologram","floor":4.0},{"not_picked":["Barrage","Go for the Eyes"],"picked":"FTL","floor":6.0},{"not_picked":["Gash","Reprogram"],"picked":"Doom and Gloom","floor":7.0},{"not_picked":["Sweeping Beam","Meteor Strike"],"picked":"Reboot","floor":8.0},{"not_picked":["Streamline","Barrage"],"picked":"Steam","floor":12.0},{"not_picked":["Gash","Sweeping Beam","Rainbow"],"picked":"SKIP","floor":14.0},{"not_picked":["Hyperbeam","Rainbow"],"picked":"Seek","floor":16.0},{"not_picked":["Streamline","Storm+1"],"picked":"Steam","floor":18.0},{"not_picked":["Storm+1","Steam","White Noise+1"],"picked":"SKIP","floor":19.0},{"not_picked":["Creative AI+1","Melter"],"picked":"Sunder+1","floor":20.0},{"not_picked":["Steam Power","Streamline"],"picked":"Lockon","floor":23.0},{"not_picked":["Gash","Blizzard","Barrage"],"picked":"SKIP","floor":25.0},{"not_picked":["Coolheaded","Reprogram"],"picked":"Static Discharge+1","floor":28.0},{"not_picked":["Recycle","FTL"],"picked":"Conserve Battery+1","floor":31.0},{"not_picked":["Creative AI+1","Biased Cognition+1"],"picked":"Echo Form+1","floor":33.0},{"not_picked":["Glacier","Sweeping Beam","Rip and Tear+1"],"picked":"SKIP","floor":35.0},{"not_picked":["Glacier","Sweeping Beam","Rip and Tear+1"],"picked":"SKIP","floor":35.0},{"not_picked":["Blizzard","Capacitor+1"],"picked":"Glacier+1","floor":38.0},{"not_picked":["Scrape+1","Leap"],"picked":"Stack","floor":39.0},{"not_picked":["Aggregate","Amplify"],"picked":"Multi-Cast","floor":40.0},{"not_picked":["Coolheaded","Skim+1"],"picked":"Undo","floor":42.0},{"not_picked":["Hyperbeam","Melter","Doom and Gloom"],"picked":"SKIP","floor":44.0},{"not_picked":["Aggregate","Steam"],"picked":"Stack+1","floor":46.0},{"not_picked":["Steam","Rip and Tear"],"picked":"Hologram","floor":46.0},{"not_picked":["Static Discharge+1","Steam Power"],"picked":"Hologram","floor":47.0},{"not_picked":["Turbo","Sweeping Beam"],"picked":"Redo","floor":47.0},{"not_picked":["Cold Snap","Ball Lightning"],"picked":"Go for the Eyes","floor":48.0},{"not_picked":["BootSequence","Cold Snap+1"],"picked":"Go for the Eyes+1","floor":49.0},{"not_picked":["Hologram+1","Reprogram"],"picked":"Chill+1","floor":53.0},{"not_picked":["Darkness","Hello World+1"],"picked":"Stack+1","floor":55.0}],"player_experience":1023244,"relics_obtained":[{"floor":6.0,"key":"DataDisk"},{"floor":8.0,"key":"Shuriken"},{"floor":9.0,"key":"Meat on the Bone"},{"floor":12.0,"key":"Frozen Egg 2"},{"floor":23.0,"key":"Bottled Lightning"},{"floor":26.0,"key":"Anchor"},{"floor":28.0,"key":"Kunai"},{"floor":31.0,"key":"Incense Burner"},{"floor":39.0,"key":"Prayer Wheel"},{"floor":40.0,"key":"Sundial"},{"floor":40.0,"key":"Regal Pillow"},{"floor":42.0,"key":"Blood Vial"},{"floor":42.0,"key":"Ice Cream"},{"floor":43.0,"key":"MawBank"},{"floor":44.0,"key":"Calipers"},{"floor":44.0,"key":"Bronze Scales"},{"floor":48.0,"key":"Ancient Tea Set"},{"floor":48.0,"key":"Dream Catcher"},{"floor":55.0,"key":"Pantograph"},{"floor":55.0,"key":"Boot"}],"event_choices":[{"cards_removed":["Strike_B"],"damage_healed":0.0,"max_hp_gain":0.0,"max_hp_loss":0.0,"gold_gain":0.0,"event_name":"Golden Wing","player_choice":"Card Removal","floor":5.0,"gold_loss":0.0,"damage_taken":7.0},{"damage_healed":0.0,"max_hp_gain":0.0,"max_hp_loss":0.0,"gold_gain":0.0,"event_name":"Match and Keep!","player_choice":"0 cards matched","floor":11.0,"gold_loss":0.0,"damage_taken":0.0,"cards_obtained":[]},{"damage_healed":0.0,"max_hp_gain":0.0,"max_hp_loss":0.0,"gold_gain":0.0,"event_name":"Drug Dealer","player_choice":"Inject Mutagens","floor":22.0,"gold_loss":0.0,"damage_taken":0.0,"relics_obtained":["MutagenicStrength"]},{"damage_healed":0.0,"max_hp_gain":0.0,"max_hp_loss":4.0,"gold_gain":0.0,"event_name":"Winding Halls","player_choice":"Max HP","floor":36.0,"gold_loss":0.0,"damage_taken":0.0},{"cards_removed":["Heatsinks"],"damage_healed":0.0,"max_hp_gain":0.0,"max_hp_loss":0.0,"gold_gain":0.0,"event_name":"Falling","player_choice":"Removed Power","floor":37.0,"gold_loss":0.0,"damage_taken":0.0},{"damage_healed":0.0,"max_hp_gain":0.0,"max_hp_loss":0.0,"gold_gain":0.0,"event_name":"MindBloom","player_choice":"Fight","floor":39.0,"gold_loss":0.0,"damage_taken":0.0},{"damage_healed":0.0,"max_hp_gain":0.0,"max_hp_loss":0.0,"gold_gain":0.0,"event_name":"Tomb of Lord Red Mask","player_choice":"Paid","floor":41.0,"gold_loss":19.0,"damage_taken":0.0,"relics_obtained":["Red Mask"]}],"is_beta":false,"boss_relics":[{"not_picked":["Eternal Feather","White Beast Statue"],"picked":"Pandora\u0027s Box"},{"not_picked":["Empty Cage","Tiny House"],"picked":"Black Star"}],"items_purged_floors":[],"is_endless":false,"potions_floor_spawned":[1,4,8,14,23,25,31,39,46,47,55],"ascension_level":20}