{"gold_per_floor":[112,112,129,304,204,235,235,261,261,277,306,306,317,317,317,415,415,425,435,178,196,212,224,237,266,266,69,69,69,89,102,102,102],"floor_reached":33,"playtime":2114,"items_purged":["Regret","Doubt"],"score":289,"play_id":"7c1b551a-cb46-4be9-88ab-a195fb7ab9cc","local_time":"20190410205954","is_ascension_mode":false,"campfire_choices":[{"floor":7,"key":"REST"},{"data":"Neutralize","floor":12,"key":"SMITH"},{"floor":15,"key":"REST"},{"floor":28,"key":"REST"},{"floor":32,"key":"REST"}],"neow_cost":"NONE","seed_source_timestamp":144925050623982,"circlet_count":0,"master_deck":["Defend_G","Defend_G","Defend_G","Defend_G","Defend_G","Strike_G","Strike_G","Strike_G+1","Strike_G+1","Survivor","Neutralize+1","Quick Slash","Backflip","Poisoned Stab","Deadly Poison","Backflip","Flying Knee","Acrobatics+1","Sucker Punch+1"],"relics":["Ring of the Snake","Torii","Bag of Marbles","Ornamental Fan","Frozen Egg 2","Whetstone","Busted Crown","Bronze Scales","Thread and Needle","Matryoshka","HandDrill"],"potions_floor_usage":[11,16,25,25],"damage_taken":[{"damage":0,"enemies":"Small Slimes","floor":1,"turns":4},{"damage":12,"enemies":"2 Louse","floor":3,"turns":3},{"damage":43,"enemies":"Lagavulin","floor":6,"turns":10},{"damage":13,"enemies":"3 Sentries","floor":8,"turns":9},{"damage":1,"enemies":"Jaw Worm","floor":10,"turns":3},{"damage":18,"enemies":"Gremlin Nob","floor":11,"turns":4},{"damage":1,"enemies":"Lots of Slimes","floor":13,"turns":3},{"damage":13,"enemies":"The Guardian","floor":16,"turns":9},{"damage":2,"enemies":"Shell Parasite","floor":18,"turns":5},{"damage":8,"enemies":"2 Thieves","floor":19,"turns":4},{"damage":15,"enemies":"Snecko","floor":21,"turns":6},{"damage":0,"enemies":"Centurion and Healer","floor":22,"turns":6},{"damage":11,"enemies":"Cultist and Chosen","floor":23,"turns":8},{"damage":2,"enemies":"Snake Plant","floor":24,"turns":4},{"damage":33,"enemies":"Gremlin Leader","floor":25,"turns":5},{"damage":0,"enemies":"Snecko","floor":30,"turns":6},{"damage":1,"enemies":"Centurion and Healer","floor":31,"turns":7},{"damage":63,"enemies":"Champ","floor":33,"turns":13}],"seed_played":"2172967108888550041","potions_obtained":[{"floor":8,"key":"Weak Potion"},{"floor":10,"key":"GamblersBrew"},{"floor":13,"key":"Poison Potion"},{"floor":16,"key":"GhostInAJar"},{"floor":21,"key":"SpeedPotion"},{"floor":23,"key":"Ancient Potion"},{"floor":30,"key":"Explosive Potion"}],"is_trial":false,"path_per_floor":["M","?","M","?","$","E","R","E","T","M","E","R","M","?","R","B",null,"M","M","$","M","M","M","M","E","T","$","R","?","M","M","R","B"],"character_chosen":"THE_SILENT","items_purchased":["Poisoned Stab","Bronze Scales","HandDrill"],"campfire_rested":4,"item_purchase_floors":[5,20,27],"current_hp_per_floor":[77,77,65,65,65,22,45,32,32,31,13,13,12,12,35,22,77,75,67,67,52,52,41,39,6,6,6,29,29,29,28,51,0],"gold":102,"neow_bonus":"TEN_PERCENT_HP_BONUS","is_prod":false,"is_daily":false,"chose_seed":false,"campfire_upgraded":1,"win_rate":0,"timestamp":1554926394,"path_taken":["M","?","M","?","?","E","R","E","T","?","E","R","M","?","R","BOSS","M","M","$","M","M","M","M","E","T","$","R","?","?","M","R","BOSS"],"build_version":"2019-01-23","purchased_purges":2,"victory":false,"max_hp_per_floor":[77,77,77,77,77,77,77,77,77,77,77,77,77,77,77,77,77,77,77,77,77,77,77,77,77,77,77,77,77,77,77,77,77],"card_choices":[{"not_picked":["Acrobatics","Terror"],"picked":"Quick Slash","floor":1},{"not_picked":["Acrobatics","Outmaneuver"],"picked":"Backflip","floor":3},{"not_picked":["Eviscerate","All Out Attack"],"picked":"Deadly Poison","floor":6},{"not_picked":["Catalyst","Slice","Footwork"],"picked":"SKIP","floor":8},{"not_picked":["PiercingWail","Predator"],"picked":"Backflip","floor":10},{"not_picked":["Backflip","Reflex","Concentrate"],"picked":"SKIP","floor":11},{"not_picked":["Setup","Well Laid Plans+1"],"picked":"Flying Knee","floor":13},{"not_picked":["Dagger Spray+1"],"picked":"SKIP","floor":19},{"not_picked":["Underhanded Strike"],"picked":"SKIP","floor":21},{"not_picked":[],"picked":"Acrobatics+1","floor":22},{"not_picked":["Reflex"],"picked":"SKIP","floor":23},{"not_picked":[],"picked":"Sucker Punch+1","floor":24}],"player_experience":423485,"relics_obtained":[{"floor":6,"key":"Bag of Marbles"},{"floor":8,"key":"Ornamental Fan"},{"floor":9,"key":"Frozen Egg 2"},{"floor":11,"key":"Whetstone"},{"floor":25,"key":"Thread and Needle"},{"floor":26,"key":"Matryoshka"}],"event_choices":[{"damage_healed":0,"gold_gain":0,"player_choice":"Box","damage_taken":0,"relics_obtained":["Torii"],"max_hp_gain":0,"max_hp_loss":0,"event_name":"Big Fish","floor":2,"gold_loss":0,"cards_obtained":["Regret"]},{"damage_healed":0,"gold_gain":175,"player_choice":"AGREE","damage_taken":0,"max_hp_gain":0,"max_hp_loss":0,"event_name":"Liars Game","floor":4,"gold_loss":0,"cards_obtained":["Doubt"]},{"damage_healed":0,"gold_gain":0,"player_choice":"Ignored","damage_taken":0,"max_hp_gain":0,"max_hp_loss":0,"event_name":"Shining Light","floor":14,"gold_loss":0},{"cards_removed":["Strike_G"],"damage_healed":0,"gold_gain":0,"player_choice":"Offered Basic","damage_taken":0,"max_hp_gain":0,"max_hp_loss":0,"event_name":"Bonfire Elementals","floor":29,"gold_loss":0}],"is_beta":false,"boss_relics":[{"not_picked":["Runic Pyramid","White Beast Statue"],"picked":"Busted Crown"}],"items_purged_floors":[5,20],"is_endless":false,"potions_floor_spawned":[8,10,13,16,21,23,30],"killed_by":"Champ","ascension_level":0}