{"gold_per_floor":[211,211,222,20,40,40,55,65,65,100,100,275,275,300,300,400,400,419,419,419,18,33,33],"floor_reached":23,"playtime":1069,"items_purged":[],"score":269,"play_id":"1c5d7d8e-a411-4f10-91b7-6c586efb1559","local_time":"20190502165050","is_ascension_mode":true,"campfire_choices":[{"data":"Noxious Fumes","floor":6,"key":"SMITH"},{"data":"Bane","floor":11,"key":"SMITH"},{"floor":13,"key":"REST"},{"floor":15,"key":"REST"}],"neow_cost":"NONE","seed_source_timestamp":732428131366702,"circlet_count":0,"master_deck":["Defend_G","Defend_G","Defend_G","Defend_G","Defend_G","Strike_G","Strike_G","Strike_G","Strike_G","Strike_G","Survivor","Neutralize","Terror","Regret","Backflip","Noxious Fumes+1","Deflect","Dagger Throw","Bane+1","Doubt","Prepared","Adrenaline","Outmaneuver","Calculated Gamble","Footwork","Tactician","Acrobatics","Concentrate"],"relics":["Ring of the Snake","Happy Flower","OrangePellets","Pear","WingedGreaves","Bag of Marbles","Cursed Key","MutagenicStrength","Medical Kit"],"potions_floor_usage":[8,14,16],"damage_taken":[{"damage":10,"enemies":"Cultist","floor":1,"turns":6},{"damage":0,"enemies":"2 Louse","floor":3,"turns":3},{"damage":2,"enemies":"Jaw Worm","floor":5,"turns":5},{"damage":16,"enemies":"Exordium Thugs","floor":7,"turns":5},{"damage":1,"enemies":"3 Louse","floor":8,"turns":4},{"damage":16,"enemies":"3 Sentries","floor":10,"turns":7},{"damage":40,"enemies":"Lagavulin","floor":14,"turns":7},{"damage":27,"enemies":"Slime Boss","floor":16,"turns":6},{"damage":3,"enemies":"Chosen","floor":18,"turns":4},{"damage":22,"enemies":"3 Byrds","floor":22,"turns":5},{"damage":38,"enemies":"Book of Stabbing","floor":23,"turns":4}],"seed_played":"-5760788424853224970","potions_obtained":[{"floor":5,"key":"Dexterity Potion"},{"floor":8,"key":"Energy Potion"},{"floor":14,"key":"GamblersBrew"}],"is_trial":false,"path_per_floor":["M","?","M","$","M","R","M","M","T","E","R","?","R","E","R","B",null,"M","?","?","$","M","E"],"character_chosen":"THE_SILENT","items_purchased":["OrangePellets","Footwork","Medical Kit","Tactician","Acrobatics"],"campfire_rested":2,"item_purchase_floors":[4,21,21,21,21],"current_hp_per_floor":[53,53,53,53,51,51,35,34,44,28,28,28,52,12,36,9,62,59,59,59,59,37,0],"gold":33,"neow_bonus":"HUNDRED_GOLD","is_prod":false,"is_daily":false,"chose_seed":false,"campfire_upgraded":2,"win_rate":0,"timestamp":1556812250,"path_taken":["M","?","M","$","M","R","M","M","T","E","R","?","R","E","R","BOSS","M","?","?","$","M","E"],"build_version":"2019-01-23","purchased_purges":0,"victory":false,"max_hp_per_floor":[70,70,70,70,70,70,70,70,80,80,80,80,80,80,80,80,80,80,80,80,80,80,80],"card_choices":[{"not_picked":["Blade Dance","Eviscerate"],"picked":"Terror","floor":1},{"not_picked":["Acrobatics","Blade Dance"],"picked":"Backflip","floor":3},{"not_picked":["Underhanded Strike","Dagger Throw"],"picked":"Noxious Fumes","floor":5},{"not_picked":["Masterful Stab","Quick Slash"],"picked":"Deflect","floor":7},{"not_picked":["Quick Slash","Infinite Blades"],"picked":"Dagger Throw","floor":8},{"not_picked":["Bouncing Flask","Cloak And Dagger"],"picked":"Bane","floor":10},{"not_picked":["Choke","Phantasmal Killer"],"picked":"Prepared","floor":14},{"not_picked":["Die Die Die","Storm of Steel"],"picked":"Adrenaline","floor":16},{"not_picked":["Sucker Punch","Dagger Throw"],"picked":"Outmaneuver","floor":18},{"not_picked":["Sucker Punch+1","Reflex"],"picked":"Concentrate","floor":22}],"player_experience":584395,"relics_obtained":[{"floor":9,"key":"Pear"},{"floor":10,"key":"WingedGreaves"},{"floor":14,"key":"Bag of Marbles"}],"event_choices":[{"damage_healed":0,"gold_gain":0,"player_choice":"Box","damage_taken":0,"relics_obtained":["Happy Flower"],"max_hp_gain":0,"max_hp_loss":0,"event_name":"Big Fish","floor":2,"gold_loss":0,"cards_obtained":["Regret"]},{"damage_healed":0,"gold_gain":175,"player_choice":"AGREE","damage_taken":0,"max_hp_gain":0,"max_hp_loss":0,"event_name":"Liars Game","floor":12,"gold_loss":0,"cards_obtained":["Doubt"]},{"damage_healed":0,"gold_gain":0,"player_choice":"Inject Mutagens","damage_taken":0,"relics_obtained":["MutagenicStrength"],"max_hp_gain":0,"max_hp_loss":0,"event_name":"Drug Dealer","floor":19,"gold_loss":0},{"damage_healed":0,"gold_gain":0,"player_choice":"Read","damage_taken":0,"max_hp_gain":0,"max_hp_loss":0,"event_name":"The Library","floor":20,"gold_loss":0,"cards_obtained":["Calculated Gamble"]}],"is_beta":false,"boss_relics":[{"not_picked":["Astrolabe","Ectoplasm"],"picked":"Cursed Key"}],"items_purged_floors":[],"is_endless":false,"potions_floor_spawned":[5,8,14],"killed_by":"Book of Stabbing","ascension_level":7}