{"gold_per_floor":[114,114,129,140,51,85,105,105,128,140,140,140,174,192,192,288,338,356,356,356,374,374,374,385,399,399,413,431,431,466,480,480,480],"floor_reached":33,"playtime":8618,"items_purged":[],"score":306,"play_id":"d6d63322-3a9a-4979-a419-09cd90d4800a","local_time":"20190504221341","is_ascension_mode":false,"campfire_choices":[{"floor":8,"key":"REST"},{"data":"Feed","floor":12,"key":"SMITH"},{"data":"Bash","floor":15,"key":"SMITH"},{"floor":23,"key":"REST"},{"floor":29,"key":"REST"},{"floor":32,"key":"REST"}],"neow_cost":"NONE","seed_source_timestamp":256902022966100,"circlet_count":0,"master_deck":["Strike_R+1","Strike_R+1","Strike_R+1","Strike_R+1","Defend_R+1","Defend_R+1","Defend_R+1","Defend_R+1","Bash+1","Seeing Red+1","True Grit","Feed+1","Carnage","Heavy Blade","Swift Strike+1","Anger","Pommel Strike","Dark Embrace","True Grit","Headbutt","Juggernaut","Shrug It Off","Body Slam","Cleave","Body Slam+1","True Grit","Ghostly Armor","Anger","Shrug It Off","Iron Wave+1"],"relics":["Burning Blood","Boot","Bronze Scales","GremlinMask","War Paint","Tiny House","Shuriken","Bag of Marbles"],"potions_floor_usage":[13,16,21,25,27,28,31,31],"damage_taken":[{"damage":6,"enemies":"Jaw Worm","floor":1,"turns":2},{"damage":6,"enemies":"Cultist","floor":3,"turns":6},{"damage":0,"enemies":"2 Louse","floor":4,"turns":3},{"damage":37,"enemies":"Lagavulin","floor":6,"turns":8},{"damage":20,"enemies":"Exordium Thugs","floor":7,"turns":5},{"damage":3,"enemies":"3 Louse","floor":10,"turns":3},{"damage":22,"enemies":"Gremlin Nob","floor":13,"turns":4},{"damage":7,"enemies":"Blue Slaver","floor":14,"turns":3},{"damage":21,"enemies":"Slime Boss","floor":16,"turns":10},{"damage":32,"enemies":"Spheric Guardian","floor":18,"turns":5},{"damage":24,"enemies":"Shell Parasite","floor":21,"turns":7},{"damage":36,"enemies":"Snake Plant","floor":24,"turns":4},{"damage":33,"enemies":"Centurion and Healer","floor":25,"turns":9},{"damage":8,"enemies":"Chosen and Byrds","floor":27,"turns":4},{"damage":10,"enemies":"Cultist and Chosen","floor":28,"turns":6},{"damage":32,"enemies":"Slavers","floor":30,"turns":4},{"damage":16,"enemies":"Sentry and Sphere","floor":31,"turns":6},{"damage":58,"enemies":"Champ","floor":33,"turns":11}],"seed_played":"5765294970415384143","potions_obtained":[{"floor":1,"key":"SpeedPotion"},{"floor":6,"key":"Regen Potion"},{"floor":7,"key":"Ancient Potion"},{"floor":14,"key":"FearPotion"},{"floor":16,"key":"SpeedPotion"},{"floor":17,"key":"SteroidPotion"},{"floor":21,"key":"GamblersBrew"},{"floor":27,"key":"FearPotion"},{"floor":30,"key":"Poison Potion"}],"is_trial":false,"path_per_floor":["M","?","M","M","$","E","M","R","T","M","?","R","E","M","R","B",null,"M","?","?","M","?","R","M","M","T","M","M","R","E","M","R","B"],"character_chosen":"IRONCLAD","items_purchased":["Swift Strike"],"campfire_rested":4,"item_purchase_floors":[5],"current_hp_per_floor":[80,80,83,86,86,55,44,70,70,73,73,73,69,68,68,53,94,68,68,68,50,50,78,48,25,25,23,19,48,22,16,46,0],"gold":480,"neow_bonus":"THREE_CARDS","is_prod":false,"is_daily":false,"chose_seed":false,"campfire_upgraded":2,"win_rate":0.0,"timestamp":1557000821,"path_taken":["M","?","M","?","$","E","M","R","T","M","?","R","E","M","R","BOSS","M","?","?","M","?","R","?","M","T","M","M","R","E","M","R","BOSS"],"build_version":"2019-01-23","purchased_purges":0,"victory":false,"max_hp_per_floor":[80,80,83,86,86,86,89,89,89,89,89,89,89,89,89,89,94,94,94,94,94,94,94,94,98,98,98,98,98,98,102,102,102],"card_choices":[{"not_picked":["Thunderclap","Headbutt"],"picked":"Seeing Red","floor":0},{"not_picked":["Intimidate","Body Slam"],"picked":"True Grit","floor":1},{"not_picked":["Headbutt","Iron Wave"],"picked":"Carnage","floor":3},{"not_picked":["Disarm","Infernal Blade"],"picked":"Heavy Blade","floor":4},{"not_picked":["Shockwave","Sword Boomerang"],"picked":"Anger","floor":6},{"not_picked":["Heavy Blade","Sever Soul"],"picked":"Pommel Strike","floor":7},{"not_picked":["Disarm","Clothesline"],"picked":"Dark Embrace","floor":10},{"not_picked":["Rampage","Pommel Strike"],"picked":"True Grit","floor":13},{"not_picked":["Power Through","Perfected Strike"],"picked":"Headbutt","floor":14},{"not_picked":["Brutality","Offering"],"picked":"Juggernaut","floor":16},{"not_picked":["Battle Trance","Body Slam"],"picked":"Shrug It Off","floor":17},{"not_picked":["Perfected Strike","Sever Soul"],"picked":"Body Slam","floor":18},{"not_picked":["Hemokinesis+1","Metallicize"],"picked":"Body Slam+1","floor":21},{"not_picked":["Uppercut","Combust+1"],"picked":"True Grit","floor":24},{"not_picked":["True Grit","Shrug It Off"],"picked":"Ghostly Armor","floor":25},{"not_picked":["Sword Boomerang+1","Body Slam+1"],"picked":"Anger","floor":27},{"not_picked":["Clash","Sword Boomerang"],"picked":"Shrug It Off","floor":28},{"not_picked":["Hemokinesis","Pummel+1","Thunderclap+1"],"picked":"SKIP","floor":30},{"not_picked":["Perfected Strike","True Grit+1"],"picked":"Iron Wave+1","floor":31}],"player_experience":7387,"relics_obtained":[{"floor":6,"key":"Boot"},{"floor":9,"key":"Bronze Scales"},{"floor":13,"key":"War Paint"},{"floor":26,"key":"Shuriken"},{"floor":30,"key":"Bag of Marbles"}],"event_choices":[{"damage_healed":0,"gold_gain":0,"cards_transformed":["Strike_R"],"player_choice":"Transformed","damage_taken":0,"max_hp_gain":0,"max_hp_loss":0,"event_name":"Transmorgrifier","floor":2,"gold_loss":0,"cards_obtained":["Feed"]},{"damage_healed":0,"gold_gain":0,"player_choice":"Trade","damage_taken":0,"relics_obtained":["GremlinMask"],"max_hp_gain":0,"max_hp_loss":0,"event_name":"FaceTrader","floor":11,"gold_loss":0},{"damage_healed":0,"gold_gain":0,"player_choice":"Simplicity","damage_taken":0,"max_hp_gain":0,"max_hp_loss":0,"event_name":"Back to Basics","floor":19,"gold_loss":0,"cards_upgraded":["Strike_R","Strike_R","Strike_R","Strike_R","Defend_R","Defend_R","Defend_R"]},{"damage_healed":0,"gold_gain":0,"player_choice":"Read","damage_taken":0,"max_hp_gain":0,"max_hp_loss":0,"event_name":"The Library","floor":20,"gold_loss":0,"cards_obtained":["Cleave"]},{"damage_healed":0,"gold_gain":0,"player_choice":"Ignored","damage_taken":0,"max_hp_gain":0,"max_hp_loss":0,"event_name":"Ghosts","floor":22,"gold_loss":0}],"is_beta":false,"boss_relics":[{"not_picked":["Calling Bell","Lizard Tail"],"picked":"Tiny House"}],"items_purged_floors":[],"is_endless":false,"potions_floor_spawned":[1,6,7,14,16,18,21,27,30],"killed_by":"Champ","ascension_level":0}