{"gold_per_floor":[12,12,12,23,23,23,23,53,53,65,83,83,112,131,131,231,231,244,244,53,64,77,77,102,120,170,190,190,204,204,235,235,331,331,341,356,373,33,51,51,63,73,73,73,3,3,3,3,3,3],"floor_reached":51,"playtime":2561,"items_purged":["Regret"],"score":803,"play_id":"396ed366-9c2f-461d-a68f-75e07aeac8af","local_time":"20180826221811","is_ascension_mode":true,"campfire_choices":[{"data":"Pommel Strike","floor":6,"key":"SMITH"},{"floor":12,"key":"REST"},{"floor":15,"key":"REST"},{"data":"Armaments","floor":23,"key":"SMITH"},{"floor":30,"key":"REST"},{"data":"Feed","floor":32,"key":"SMITH"},{"floor":40,"key":"REST"},{"floor":44,"key":"REST"},{"floor":47,"key":"REST"},{"floor":49,"key":"REST"}],"neow_cost":"NO_GOLD","seed_source_timestamp":658130640604137,"circlet_count":0,"master_deck":["Strike_R+1","Strike_R+1","Strike_R+1","Strike_R+1","Strike_R+1","Defend_R+1","Defend_R+1","Defend_R+1","Defend_R+1","Bash+1","Shrug It Off+1","Pommel Strike+1","Perfected Strike+1","Pommel Strike+1","Dropkick+1","Feed+1","Havoc+1","Barricade+1","Sever Soul+1","Infernal Blade+1","Combust+1","Sword Boomerang+1","Armaments+1","Disarm+1","Rupture+1","Blood for Blood+1","Spot Weakness+1","Impervious+1","Demon Form+1","Body Slam+1","Sever Soul+1","Cleave+1","Havoc+1","Dropkick+1","Impervious+1","Flex+1","Heavy Blade+1","Clumsy","Metallicize+1","Barricade+1","Pommel Strike+1","Clothesline+1"],"relics":["Burning Blood","Calipers","Dead Branch","Mummified Hand","Odd Mushroom","Bottled Lightning","Du-Vu Doll","Snecko Eye","StoneCalendar","Red Skull","Potion Belt","Cursed Key","Dream Catcher","Shuriken","Mark of the Bloom"],"potions_floor_usage":[8,16,22,29,29,31,39,39,39,39,50,50,50],"damage_taken":[{"damage":0,"enemies":"Small Slimes","floor":1,"turns":3},{"damage":14,"enemies":"Cultist","floor":4,"turns":4},{"damage":14,"enemies":"The Mushroom Lair","floor":8,"turns":5},{"damage":3,"enemies":"Jaw Worm","floor":10,"turns":4},{"damage":10,"enemies":"3 Louse","floor":11,"turns":5},{"damage":37,"enemies":"Lagavulin","floor":13,"turns":6},{"damage":16,"enemies":"Large Slime","floor":14,"turns":5},{"damage":32,"enemies":"Slime Boss","floor":16,"turns":14},{"damage":45,"enemies":"2 Thieves","floor":18,"turns":3},{"damage":1,"enemies":"Chosen","floor":21,"turns":3},{"damage":13,"enemies":"Shelled Parasite and Fungi","floor":22,"turns":3},{"damage":4,"enemies":"Book of Stabbing","floor":24,"turns":4},{"damage":14,"enemies":"Snecko","floor":25,"turns":3},{"damage":3,"enemies":"Centurion and Healer","floor":27,"turns":5},{"damage":5,"enemies":"Snake Plant","floor":29,"turns":2},{"damage":1,"enemies":"Gremlin Leader","floor":31,"turns":7},{"damage":16,"enemies":"Collector","floor":33,"turns":10},{"damage":18,"enemies":"Orb Walker","floor":35,"turns":3},{"damage":37,"enemies":"3 Darklings","floor":36,"turns":5},{"damage":17,"enemies":"Maw","floor":37,"turns":6},{"damage":6,"enemies":"Spire Growth","floor":39,"turns":3},{"damage":7,"enemies":"Flame Bruiser 2 Orb","floor":41,"turns":4},{"damage":60,"enemies":"Sphere and 2 Shapes","floor":42,"turns":4},{"damage":46,"enemies":"Time Eater","floor":50,"turns":10}],"seed_played":"-637529913652991078","potions_obtained":[{"floor":4,"key":"Fire Potion"},{"floor":14,"key":"PowerPotion"},{"floor":16,"key":"LiquidBronze"},{"floor":18,"key":"Energy Potion"},{"floor":24,"key":"Energy Potion"},{"floor":25,"key":"Block Potion"},{"floor":37,"key":"SteroidPotion"}],"is_trial":false,"path_per_floor":["M","?","?","M","?","R","?","?","T","M","M","R","E","M","R","B",null,"M","?","$","M","M","R","E","M","T","M","?","M","R","E","R","B",null,"M","M","M","$","M","R","M","M","T","R","$","?","R","?","R","B"],"character_chosen":"IRONCLAD","items_purchased":["Infernal Blade","Combust","Dream Catcher","EntropicBrew","Havoc","Dropkick","Barricade"],"campfire_rested":7,"item_purchase_floors":[20,20,38,38,38,38,45],"current_hp_per_floor":[80,80,80,72,72,72,56,48,48,51,47,71,40,33,57,42,87,48,77,77,82,75,75,77,72,72,78,78,79,93,93,93,83,93,81,65,58,58,58,88,91,45,45,77,77,77,109,109,109,63],"gold":3,"neow_bonus":"ONE_RARE_RELIC","is_prod":false,"is_daily":false,"chose_seed":false,"campfire_upgraded":3,"win_rate":0,"timestamp":1535314691,"path_taken":["M","?","?","M","?","R","?","?","T","?","M","R","E","M","R","BOSS","M","?","$","?","M","R","E","M","T","M","?","M","R","E","R","BOSS","M","M","M","$","M","R","?","M","T","R","$","?","R","?","R","BOSS"],"build_version":"2018-08-23v2","purchased_purges":1,"victory":true,"max_hp_per_floor":[80,80,80,80,80,80,80,80,80,80,80,80,80,83,83,87,87,87,87,87,87,87,87,87,90,90,93,93,93,93,93,93,93,93,93,97,101,101,101,101,105,109,109,109,109,109,109,109,109,109],"card_choices":[{"not_picked":["Body Slam","Reckless Charge"],"picked":"Shrug It Off","floor":1},{"not_picked":["Burning Pact","Body Slam"],"picked":"Pommel Strike","floor":4},{"not_picked":["Heavy Blade","Rupture"],"picked":"Perfected Strike","floor":8},{"not_picked":["Body Slam","Heavy Blade"],"picked":"Pommel Strike","floor":10},{"not_picked":["Clash","Pommel Strike"],"picked":"Dropkick","floor":11},{"not_picked":["Battle Trance","Heavy Blade"],"picked":"Feed","floor":13},{"not_picked":["Wild Strike","Twin Strike"],"picked":"Havoc","floor":14},{"not_picked":["Impervious","Juggernaut"],"picked":"Barricade","floor":16},{"not_picked":["True Grit","Thunderclap"],"picked":"Sever Soul+1","floor":18},{"not_picked":["Body Slam","Flex"],"picked":"Sword Boomerang+1","floor":21},{"not_picked":["Shrug It Off","Anger"],"picked":"Armaments","floor":22},{"not_picked":["True Grit+1","Pommel Strike"],"picked":"Disarm","floor":24},{"not_picked":["Dual Wield","Limit Break"],"picked":"Rupture","floor":25},{"not_picked":["Infernal Blade+1","Warcry"],"picked":"Blood for Blood+1","floor":27},{"not_picked":["Anger+1","Thunderclap"],"picked":"Spot Weakness","floor":29},{"not_picked":["Pommel Strike","Bloodletting+1"],"picked":"Impervious","floor":31},{"not_picked":["Bludgeon","Reaper"],"picked":"Demon Form","floor":33},{"not_picked":["Iron Wave+1","Flame Barrier+1"],"picked":"Body Slam","floor":35},{"not_picked":["Wild Strike","Hemokinesis+1"],"picked":"Sever Soul+1","floor":36},{"not_picked":["Intimidate","Spot Weakness+1"],"picked":"Cleave+1","floor":37},{"not_picked":["Dual Wield+1","Thunderclap+1"],"picked":"Warcry+1","floor":39},{"not_picked":["Pummel+1","Reckless Charge"],"picked":"Impervious","floor":40},{"not_picked":["Iron Wave+1","Pommel Strike"],"picked":"Flex+1","floor":41},{"not_picked":["Body Slam","Pommel Strike"],"picked":"Heavy Blade+1","floor":42},{"not_picked":["True Grit+1","Rage"],"picked":"Metallicize+1","floor":44},{"not_picked":["Anger+1","Headbutt"],"picked":"Pommel Strike","floor":47},{"not_picked":["Havoc","Brutality"],"picked":"Clothesline+1","floor":49}],"player_experience":205676,"relics_obtained":[{"floor":8,"key":"Odd Mushroom"},{"floor":9,"key":"Bottled Lightning"},{"floor":13,"key":"Du-Vu Doll"},{"floor":24,"key":"StoneCalendar"},{"floor":26,"key":"Red Skull"},{"floor":31,"key":"Potion Belt"},{"floor":43,"key":"Shuriken"}],"event_choices":[{"event_name":"Accursed Blacksmith","player_choice":"Rummage","floor":2,"damage_taken":0},{"event_name":"Big Fish","player_choice":"Box","floor":3,"damage_taken":0},{"event_name":"The Cleric","player_choice":"Leave","floor":5,"damage_taken":0},{"event_name":"Shining Light","player_choice":"Entered Light","floor":7,"damage_taken":0},{"event_name":"Mushrooms","player_choice":"Fought Mushrooms","floor":8,"damage_taken":0},{"event_name":"The Library","player_choice":"Heal","floor":19,"damage_taken":0},{"event_name":"Purifier","player_choice":"Skipped","floor":28,"damage_taken":0},{"event_name":"Falling","player_choice":"Removed Skill","floor":46,"damage_taken":0},{"event_name":"MindBloom","player_choice":"Upgrade","floor":48,"damage_taken":0}],"is_beta":false,"boss_relics":[{"not_picked":["Black Star","Pandora\u0027s Box"],"picked":"Snecko Eye"},{"not_picked":["Calling Bell","Runic Cube"],"picked":"Cursed Key"}],"items_purged_floors":[20],"is_endless":false,"potions_floor_spawned":[4,14,16,18,24,25,37],"ascension_level":2}