{"gold_per_floor":[114,129,204,379,394,424,454,454,479,494,524,539,554,569,569,669,669,684,36,51,66,81,111,111,26,26,41,41,71,86,101,101,201,201,216,216,231,246,261,291,291,291,366,381,396,426,441,456,456,456],"floor_reached":51,"playtime":4676,"items_purged":[],"score":1069,"play_id":"0e93de5c-ad86-41d9-87b5-7e8630878dfa","local_time":"20180714231454","daily_mods":["Insanity","Terminal","Vintage"],"is_ascension_mode":false,"campfire_choices":[{"data":"Buffer","floor":8.0,"key":"SMITH"},{"data":"Doubt","floor":15.0,"key":"PURGE"},{"data":"BootSequence","floor":28.0,"key":"SMITH"},{"data":"Aggregate","floor":32.0,"key":"SMITH"},{"floor":41.0,"key":"DIG"},{"data":"Storm","floor":49.0,"key":"SMITH"}],"neow_cost":"","seed_source_timestamp":0,"circlet_count":0,"master_deck":["Force Field+1","Defragment","All For One","Turbo+1","Core Surge","Rainbow","Strike_B","Storm","Heatsinks","Consume","All For One+1","Coolheaded","Blizzard","Storm","Echo Form","Defend_B","Coolheaded","Chill","Strike_B","Defend_B","Dualcast","Aggregate+1","Fusion","Rip and Tear","Cold Snap","Steam Power","Redo","Sweeping Beam","Darkness","Steam","Buffer+1","Static Discharge","Recycle","Scrape","Turbo","Meteor Strike","Thunder Strike","Multi-Cast","Force Field","Dualcast","Streamline","Glacier","Fusion","Reboot","All For One+1","Multi-Cast","Sunder","Rip and Tear","Conserve Battery","Leap","BootSequence+1","Conserve Battery","Amplify","Meteor Strike","Storm+1","Chill","Fission","Purity","Flash of Steel","Panacea","BootSequence+1"],"special_seed":17727,"relics":["Cracked Core","Bottled Tornado","Sundial","Happy Flower","Shuriken","Ancient Tea Set","Whetstone","War Paint","Peace Pipe","Torii","Bag of Preparation","Smiling Mask","Omamori","Runic Pyramid","Calipers","Strange Spoon","Art of War","Centennial Puzzle","Bottled Lightning","Bird Faced Urn","Pear","DataDisk","Oddly Smooth Stone","Lantern","Blood Vial","Cables","Ginger","Kunai","Anchor","Nuclear Battery","Question Card","Strawberry","Shovel","Gremlin Horn","Symbiotic Virus","Darkstone Periapt","Singing Bowl","Frozen Egg 2","Bag of Marbles","Du-Vu Doll","Blue Candle","Orichalcum","Incense Burner"],"potions_floor_usage":[50,50,50,50,50],"damage_taken":[{"damage":3.0,"enemies":"Small Slimes","floor":1.0,"turns":3.0},{"damage":4.0,"enemies":"Jaw Worm","floor":2.0,"turns":2.0},{"damage":0.0,"enemies":"2 Louse","floor":5.0,"turns":2.0},{"damage":13.0,"enemies":"Gremlin Nob","floor":6.0,"turns":3.0},{"damage":0.0,"enemies":"Large Slime","floor":10.0,"turns":5.0},{"damage":0.0,"enemies":"3 Sentries","floor":11.0,"turns":6.0},{"damage":0.0,"enemies":"2 Fungi Beasts","floor":12.0,"turns":3.0},{"damage":0.0,"enemies":"Gremlin Gang","floor":13.0,"turns":4.0},{"damage":0.0,"enemies":"Exordium Thugs","floor":14.0,"turns":7.0},{"damage":5.0,"enemies":"Hexaghost","floor":16.0,"turns":7.0},{"damage":0.0,"enemies":"Shell Parasite","floor":18.0,"turns":3.0},{"damage":0.0,"enemies":"Chosen","floor":20.0,"turns":4.0},{"damage":0.0,"enemies":"Snecko","floor":21.0,"turns":2.0},{"damage":0.0,"enemies":"3 Cultists","floor":22.0,"turns":5.0},{"damage":13.0,"enemies":"Slavers","floor":23.0,"turns":7.0},{"damage":0.0,"enemies":"Centurion and Healer","floor":27.0,"turns":4.0},{"damage":0.0,"enemies":"Gremlin Leader","floor":29.0,"turns":3.0},{"damage":0.0,"enemies":"Snake Plant","floor":30.0,"turns":2.0},{"damage":0.0,"enemies":"3 Cultists","floor":31.0,"turns":6.0},{"damage":0.0,"enemies":"Collector","floor":33.0,"turns":5.0},{"damage":0.0,"enemies":"Orb Walker","floor":35.0,"turns":3.0},{"damage":0.0,"enemies":"Flame Bruiser 1 Orb","floor":37.0,"turns":5.0},{"damage":0.0,"enemies":"4 Shapes","floor":38.0,"turns":5.0},{"damage":0.0,"enemies":"Flame Bruiser 2 Orb","floor":39.0,"turns":4.0},{"damage":0.0,"enemies":"2 Orb Walkers","floor":40.0,"turns":3.0},{"damage":0.0,"enemies":"Spire Growth","floor":44.0,"turns":3.0},{"damage":0.0,"enemies":"3 Darklings","floor":45.0,"turns":2.0},{"damage":0.0,"enemies":"Nemesis","floor":46.0,"turns":5.0},{"damage":0.0,"enemies":"4 Shapes","floor":47.0,"turns":2.0},{"damage":0.0,"enemies":"Sphere and 2 Shapes","floor":48.0,"turns":4.0},{"damage":0,"enemies":"Time Eater","floor":50,"turns":8}],"seed_played":"-3267651053854438972","potions_obtained":[{"floor":1.0,"key":"Swift Potion"},{"floor":10.0,"key":"EssenceOfSteel"},{"floor":11.0,"key":"Fire Potion"},{"floor":16.0,"key":"FocusPotion"},{"floor":21.0,"key":"Swift Potion"},{"floor":23.0,"key":"EssenceOfSteel"},{"floor":30.0,"key":"Ancient Potion"},{"floor":33.0,"key":"Block Potion"},{"floor":39.0,"key":"EntropicBrew"}],"is_trial":false,"path_per_floor":["M","M","?","?","M","E","?","R","T","M","E","M","M","M","R","B",null,"M","$","M","M","M","E","?","?","T","M","R","E","M","M","R","B",null,"M","?","M","M","M","E","R","T","T","M","M","E","M","M","R","B"],"character_chosen":"DEFECT","items_purchased":["Strange Spoon","Art of War","Centennial Puzzle","Meteor Strike"],"campfire_rested":0,"item_purchase_floors":[19,19,19,19],"current_hp_per_floor":[71,67,56,56,56,43,43,43,43,43,43,43,43,43,43,38,57,56,55,54,53,62,51,51,51,51,57,56,55,54,53,52,51,50,49,39,54,53,52,51,50,49,48,47,46,45,44,43,42,41],"gold":456,"neow_bonus":"","is_prod":false,"is_daily":true,"chose_seed":false,"campfire_upgraded":4,"win_rate":0,"timestamp":1531624494,"path_taken":["M","M","?","?","M","E","?","R","T","M","E","?","M","M","R","BOSS","M","$","M","M","M","E","?","?","T","M","R","E","M","M","R","BOSS","M","?","M","M","?","E","R","?","T","M","M","E","M","M","R","BOSS"],"build_version":"2018-07-12","purchased_purges":0,"victory":true,"max_hp_per_floor":[73,72,71,70,69,68,67,66,65,64,63,62,61,60,59,58,57,56,55,54,53,62,61,60,59,58,57,56,55,54,53,52,51,50,49,48,54,53,52,51,50,49,48,47,46,45,44,43,42,41],"card_choices":[{"not_picked":["Scrape","Cold Snap"],"picked":"BootSequence","floor":6.0},{"not_picked":["Static Discharge","Glacier"],"picked":"Conserve Battery","floor":11.0},{"not_picked":["Multi-Cast","Echo Form"],"picked":"Amplify","floor":16.0},{"not_picked":["Steam Power","Steam"],"picked":"Storm","floor":23.0},{"not_picked":["Coolheaded","Gash"],"picked":"Chill","floor":29.0},{"not_picked":["Hyperbeam","Reboot"],"picked":"Fission","floor":33.0},{"not_picked":["Swift Strike","Jack Of All Trades","Panacea"],"picked":"Purity","floor":36.0},{"not_picked":["Jack Of All Trades","Bandage Up","Good Instincts"],"picked":"Flash of Steel","floor":36.0},{"not_picked":["Swift Strike","Blind","Madness"],"picked":"Panacea","floor":36.0},{"not_picked":["Leap","Darkness","Gash","Auto Shields"],"picked":"SKIP","floor":40.0},{"not_picked":["Rainbow","Lockon","Steam+1"],"picked":"BootSequence+1","floor":46.0}],"player_experience":58600,"relics_obtained":[{"floor":1.0,"key":"Bottled Tornado"},{"floor":2.0,"key":"Sundial"},{"floor":5.0,"key":"Happy Flower"},{"floor":6.0,"key":"Shuriken"},{"floor":9.0,"key":"Whetstone"},{"floor":10.0,"key":"War Paint"},{"floor":11.0,"key":"Peace Pipe"},{"floor":12.0,"key":"Torii"},{"floor":13.0,"key":"Bag of Preparation"},{"floor":14.0,"key":"Smiling Mask"},{"floor":16.0,"key":"Omamori"},{"floor":18.0,"key":"Calipers"},{"floor":20.0,"key":"Bottled Lightning"},{"floor":21.0,"key":"Bird Faced Urn"},{"floor":22.0,"key":"Pear"},{"floor":23.0,"key":"DataDisk"},{"floor":26.0,"key":"Lantern"},{"floor":27.0,"key":"Blood Vial"},{"floor":29.0,"key":"Cables"},{"floor":30.0,"key":"Ginger"},{"floor":31.0,"key":"Kunai"},{"floor":33.0,"key":"Anchor"},{"floor":35.0,"key":"Question Card"},{"floor":37.0,"key":"Strawberry"},{"floor":38.0,"key":"Shovel"},{"floor":39.0,"key":"Gremlin Horn"},{"floor":40.0,"key":"Symbiotic Virus"},{"floor":41.0,"key":"Darkstone Periapt"},{"floor":42.0,"key":"Singing Bowl"},{"floor":43.0,"key":"Frozen Egg 2"},{"floor":44.0,"key":"Bag of Marbles"},{"floor":45.0,"key":"Du-Vu Doll"},{"floor":46.0,"key":"Blue Candle"},{"floor":47.0,"key":"Orichalcum"},{"floor":48.0,"key":"Incense Burner"}],"event_choices":[{"event_name":"World of Goop","player_choice":"Gather Gold","floor":3.0,"damage_taken":0.0},{"event_name":"Liars Game","player_choice":"agreed","floor":4.0,"damage_taken":0.0},{"event_name":"Dead Adventurer","player_choice":"Searched \u00273\u0027 times","floor":7.0,"damage_taken":0.0},{"event_name":"Ghosts","player_choice":"Ignored","floor":24.0,"damage_taken":0.0},{"event_name":"Addict","player_choice":"Obtained Relic","floor":25.0,"damage_taken":0.0},{"event_name":"SensoryStone","player_choice":"Memory 3","floor":36.0,"damage_taken":0.0}],"boss_relics":[{"not_picked":["Orrery","Velvet Choker"],"picked":"Runic Pyramid"},{"not_picked":["Cursed Key","Tiny House"],"picked":"Nuclear Battery"}],"items_purged_floors":[],"is_endless":false,"potions_floor_spawned":[1,10,11,16,21,23,30,33,35,38,39,40,47],"ascension_level":0}