{"gold_per_floor":[116,130,141,91,91,91,120,120,120,137,149,184,194,223,223,318,318,329,329,244,263,72,72,72],"floor_reached":24,"playtime":1111,"items_purged":[],"score":259,"play_id":"2b3d85cb-c427-47d8-80e9-86c75fb69e8c","local_time":"20190407234349","is_ascension_mode":true,"campfire_choices":[{"data":"Survivor","floor":6,"key":"SMITH"},{"data":"Deadly Poison","floor":8,"key":"SMITH"},{"floor":15,"key":"REST"},{"floor":23,"key":"REST"}],"neow_cost":"NONE","seed_source_timestamp":61975060306864,"circlet_count":0,"master_deck":["Defend_G","Defend_G","Defend_G","Defend_G","Strike_G","Strike_G","Strike_G","Strike_G","Survivor+1","Neutralize","Underhanded Strike","Malaise","Deadly Poison+1","Footwork","Bouncing Flask","Flying Knee","Envenom","Pain","Pain","Parasite","Footwork+1","Deadly Poison+1"],"relics":["Philosopher\u0027s Stone","Boot","Girya","Bronze Scales","Calling Bell","Strawberry","Ornamental Fan","FossilizedHelix","Juzu Bracelet","OrangePellets"],"potions_floor_usage":[7,12,14,14,16,21],"damage_taken":[{"damage":0,"enemies":"Jaw Worm","floor":1,"turns":3},{"damage":0,"enemies":"2 Louse","floor":2,"turns":3},{"damage":3,"enemies":"Small Slimes","floor":3,"turns":4},{"damage":13,"enemies":"Lagavulin","floor":7,"turns":9},{"damage":2,"enemies":"Looter","floor":10,"turns":3},{"damage":0,"enemies":"Blue Slaver","floor":11,"turns":4},{"damage":12,"enemies":"3 Sentries","floor":12,"turns":9},{"damage":10,"enemies":"Exordium Thugs","floor":13,"turns":4},{"damage":19,"enemies":"Gremlin Nob","floor":14,"turns":5},{"damage":9,"enemies":"Hexaghost","floor":16,"turns":7},{"damage":19,"enemies":"3 Byrds","floor":18,"turns":3},{"damage":34,"enemies":"2 Thieves","floor":21,"turns":4},{"damage":34,"enemies":"3 Cultists","floor":24,"turns":6}],"seed_played":"-8980474559500682738","potions_obtained":[{"floor":1,"key":"SpeedPotion"},{"floor":3,"key":"FearPotion"},{"floor":7,"key":"Dexterity Potion"},{"floor":13,"key":"Block Potion"},{"floor":14,"key":"Strength Potion"},{"floor":18,"key":"Explosive Potion"}],"is_trial":false,"path_per_floor":["M","M","M","?","?","R","E","R","T","M","M","E","M","E","R","B",null,"M","?","?","M","$","R","M"],"character_chosen":"THE_SILENT","items_purchased":["OrangePellets"],"campfire_rested":2,"item_purchase_floors":[22],"current_hp_per_floor":[70,70,67,67,67,67,54,54,54,52,52,40,30,11,32,23,77,58,44,44,10,10,34,0],"gold":72,"neow_bonus":"BOSS_RELIC","is_prod":false,"is_daily":false,"chose_seed":false,"campfire_upgraded":2,"win_rate":0,"timestamp":1554677029,"path_taken":["M","M","M","?","?","R","E","R","T","M","M","E","M","E","R","BOSS","M","?","?","M","$","R","M"],"build_version":"2019-01-23","purchased_purges":0,"victory":false,"max_hp_per_floor":[70,70,70,70,70,70,70,70,70,70,70,70,70,70,70,70,77,77,82,82,82,82,82,82],"card_choices":[{"not_picked":["Flechettes","Outmaneuver","Terror"],"picked":"SKIP","floor":2},{"not_picked":["Bane","Concentrate"],"picked":"Underhanded Strike","floor":3},{"not_picked":["Outmaneuver","Flying Knee"],"picked":"Deadly Poison","floor":7},{"not_picked":["Blade Dance","Riddle With Holes"],"picked":"Footwork","floor":10},{"not_picked":["Deflect","Night Terror"],"picked":"Bouncing Flask","floor":12},{"not_picked":["Dagger Spray","Backstab"],"picked":"Flying Knee","floor":14},{"not_picked":["Glass Knife","Die Die Die"],"picked":"Envenom","floor":16},{"not_picked":["Caltrops","Tactician"],"picked":"Footwork+1","floor":18},{"not_picked":["Dagger Throw","Slice+1"],"picked":"Deadly Poison+1","floor":21}],"player_experience":391443,"relics_obtained":[{"floor":9,"key":"Boot"},{"floor":12,"key":"Girya"},{"floor":14,"key":"Bronze Scales"},{"floor":17,"key":"Strawberry"},{"floor":17,"key":"Ornamental Fan"},{"floor":17,"key":"FossilizedHelix"}],"event_choices":[{"cards_removed":["Defend_G"],"damage_healed":0,"gold_gain":0,"player_choice":"Card Removal","damage_taken":0,"max_hp_gain":0,"max_hp_loss":0,"event_name":"The Cleric","floor":4,"gold_loss":50},{"damage_healed":0,"gold_gain":0,"cards_transformed":["Strike_G"],"player_choice":"Change","damage_taken":0,"max_hp_gain":0,"max_hp_loss":0,"event_name":"Living Wall","floor":5,"gold_loss":0,"cards_obtained":["Malaise"]},{"damage_healed":0,"gold_gain":0,"player_choice":"Shed Blood","damage_taken":19,"max_hp_gain":5,"max_hp_loss":0,"event_name":"Forgotten Altar","floor":19,"gold_loss":0},{"damage_healed":0,"gold_gain":0,"player_choice":"Obtained Relic","damage_taken":0,"relics_obtained":["Juzu Bracelet"],"max_hp_gain":0,"max_hp_loss":0,"event_name":"Addict","floor":20,"gold_loss":85}],"is_beta":false,"boss_relics":[{"not_picked":["Sozu","Fusion Hammer"],"picked":"Calling Bell"}],"items_purged_floors":[],"is_endless":false,"potions_floor_spawned":[1,3,7,13,14,18],"killed_by":"3 Cultists","ascension_level":4}