{"gold_per_floor":[116,116,41,41,53,53,53,67,67,85,114,114,139,58,58,155,155,166,166,18,49,49,49],"floor_reached":23,"playtime":939,"items_purged":["Strike_R"],"score":195,"play_id":"cc74c828-fd83-4bd6-a47e-1851bb084cce","local_time":"20190414172233","is_ascension_mode":false,"campfire_choices":[{"data":"Bash","floor":6,"key":"SMITH"},{"data":"Shrug It Off","floor":12,"key":"SMITH"},{"data":"Rage","floor":15,"key":"SMITH"}],"neow_cost":"NONE","seed_source_timestamp":263412506628100,"circlet_count":0,"master_deck":["Strike_R+1","Strike_R+1","Strike_R+1","Defend_R+1","Defend_R+1","Defend_R+1","Defend_R+1","Bash+1","Uppercut+1","Body Slam","Shrug It Off+1","Metallicize","Rage+1","Demon Form","Heavy Blade+1","RitualDagger","Whirlwind"],"relics":["Burning Blood","Red Skull","Kunai","Dream Catcher","Sozu","War Paint","Red Mask"],"potions_floor_usage":[11],"damage_taken":[{"damage":9,"enemies":"Jaw Worm","floor":1,"turns":5},{"damage":0,"enemies":"Small Slimes","floor":5,"turns":3},{"damage":0,"enemies":"Cultist","floor":8,"turns":3},{"damage":2,"enemies":"Red Slaver","floor":10,"turns":4},{"damage":31,"enemies":"3 Sentries","floor":11,"turns":7},{"damage":11,"enemies":"Gremlin Nob","floor":13,"turns":5},{"damage":35,"enemies":"Hexaghost","floor":16,"turns":14},{"damage":0,"enemies":"Chosen","floor":18,"turns":8},{"damage":31,"enemies":"Masked Bandits","floor":21,"turns":5},{"damage":50,"enemies":"Gremlin Leader","floor":23,"turns":4}],"seed_played":"-3515406638371710714","potions_obtained":[{"floor":8,"key":"AttackPotion"},{"floor":11,"key":"Ancient Potion"},{"floor":13,"key":"GamblersBrew"}],"is_trial":false,"path_per_floor":["M","?","$","?","M","R","$","M","T","M","E","R","E","$","R","B",null,"M","?","$","?","?","E"],"character_chosen":"IRONCLAD","items_purchased":["Rage","War Paint"],"campfire_rested":0,"item_purchase_floors":[14,20],"current_hp_per_floor":[77,61,61,61,67,67,67,73,73,77,52,52,47,47,47,18,80,80,74,74,49,49,0],"gold":49,"neow_bonus":"REMOVE_CARD","is_prod":false,"is_daily":false,"chose_seed":false,"campfire_upgraded":3,"win_rate":0,"timestamp":1555255353,"path_taken":["M","?","$","?","?","R","?","M","T","M","E","R","E","$","R","BOSS","M","?","$","?","?","E"],"build_version":"2019-01-23","purchased_purges":1,"victory":false,"max_hp_per_floor":[80,80,80,80,80,80,80,80,80,80,80,80,80,80,80,80,80,80,80,80,80,80,80],"card_choices":[{"not_picked":["Flex","Havoc"],"picked":"Uppercut","floor":1},{"not_picked":["Anger","Sword Boomerang","Iron Wave"],"picked":"SKIP","floor":5},{"not_picked":["Twin Strike","Dual Wield"],"picked":"Body Slam","floor":8},{"not_picked":["Sentinel","Heavy Blade"],"picked":"Shrug It Off","floor":10},{"not_picked":["Feel No Pain","Dark Embrace","Hemokinesis"],"picked":"SKIP","floor":11},{"not_picked":["Clothesline","Body Slam"],"picked":"Metallicize","floor":13},{"not_picked":["Fiend Fire","Brutality"],"picked":"Demon Form","floor":16},{"not_picked":["Body Slam+1","Twin Strike"],"picked":"Heavy Blade+1","floor":18},{"not_picked":["Cleave","Anger"],"picked":"Whirlwind","floor":21}],"player_experience":377965,"relics_obtained":[{"floor":9,"key":"Red Skull"},{"floor":11,"key":"Kunai"},{"floor":13,"key":"Dream Catcher"},{"floor":21,"key":"Red Mask"}],"event_choices":[{"damage_healed":0,"gold_gain":0,"player_choice":"Entered Light","damage_taken":16,"max_hp_gain":0,"max_hp_loss":0,"event_name":"Shining Light","floor":2,"gold_loss":0,"cards_upgraded":["Uppercut","Defend_R"]},{"damage_healed":0,"gold_gain":0,"player_choice":"Ignored","damage_taken":0,"max_hp_gain":0,"max_hp_loss":0,"event_name":"NoteForYourself","floor":4,"gold_loss":0},{"damage_healed":0,"gold_gain":0,"player_choice":"Joined the Cult","damage_taken":6,"max_hp_gain":0,"max_hp_loss":0,"event_name":"Nest","floor":19,"gold_loss":0,"cards_obtained":["RitualDagger"]},{"damage_healed":0,"gold_gain":0,"player_choice":"Fought Bandits","damage_taken":0,"max_hp_gain":0,"max_hp_loss":0,"event_name":"Masked Bandits","floor":21,"gold_loss":0},{"damage_healed":0,"gold_gain":0,"player_choice":"Simplicity","damage_taken":0,"max_hp_gain":0,"max_hp_loss":0,"event_name":"Back to Basics","floor":22,"gold_loss":0,"cards_upgraded":["Strike_R","Strike_R","Strike_R","Defend_R"]}],"is_beta":false,"boss_relics":[{"not_picked":["Philosopher\u0027s Stone","Astrolabe"],"picked":"Sozu"}],"items_purged_floors":[3],"is_endless":false,"potions_floor_spawned":[8,11,13,18,21],"killed_by":"Gremlin Leader","ascension_level":0}