{"gold_per_floor":[109,127,57,67,80,80,97,97,120,139,139,93,106,106,106,237,237,252,252,270,291,44,83,103,127,127,162,162,181,225,250,250,250],"floor_reached":33,"playtime":1049,"items_purged":[],"score":353,"play_id":"ff5e2a64-9d09-4259-8604-7b863aa0c05a","local_time":"20190305072856","is_ascension_mode":false,"campfire_choices":[{"data":"Hyperbeam","floor":6,"key":"SMITH"},{"data":"Hologram","floor":8,"key":"SMITH"},{"floor":11,"key":"REST"},{"data":"Streamline","floor":15,"key":"SMITH"},{"floor":28,"key":"REST"},{"floor":32,"key":"REST"}],"neow_cost":"TEN_PERCENT_HP_LOSS","seed_source_timestamp":147128343914800,"circlet_count":0,"master_deck":["Strike_B","Strike_B","Strike_B","Strike_B","Defend_B","Defend_B","Defend_B","Defend_B","Zap","Dualcast","Hyperbeam+1","Streamline+1","Turbo","Conserve Battery","Hologram+1","Conserve Battery","Defragment","Streamline","Hyperbeam","Genetic Algorithm+1","Hyperbeam+1","FTL","Auto Shields","Rebound","Buffer"],"relics":["Cracked Core","Lantern","Golden Idol","Nuclear Battery","Vajra","Strawberry","Peace Pipe","DataDisk","Unceasing Top"],"potions_floor_usage":[1,16,16,20,23,27,27,29,31],"damage_taken":[{"damage":0,"enemies":"Cultist","floor":1,"turns":2},{"damage":5,"enemies":"Small Slimes","floor":2,"turns":2},{"damage":11,"enemies":"Jaw Worm","floor":4,"turns":2},{"damage":7,"enemies":"Exordium Thugs","floor":5,"turns":3},{"damage":3,"enemies":"Looter","floor":7,"turns":3},{"damage":10,"enemies":"Lots of Slimes","floor":10,"turns":2},{"damage":7,"enemies":"2 Fungi Beasts","floor":13,"turns":2},{"damage":0,"enemies":"Slime Boss","floor":16,"turns":7},{"damage":15,"enemies":"2 Thieves","floor":18,"turns":2},{"damage":0,"enemies":"Shell Parasite","floor":20,"turns":2},{"damage":11,"enemies":"Snake Plant","floor":21,"turns":3},{"damage":18,"enemies":"Gremlin Leader","floor":23,"turns":4},{"damage":2,"enemies":"Centurion and Healer","floor":24,"turns":3},{"damage":4,"enemies":"Shelled Parasite and Fungi","floor":25,"turns":2},{"damage":18,"enemies":"Slavers","floor":27,"turns":3},{"damage":5,"enemies":"Snecko","floor":29,"turns":4},{"damage":8,"enemies":"Gremlin Leader","floor":30,"turns":4},{"damage":5,"enemies":"Chosen and Byrds","floor":31,"turns":3},{"damage":57,"enemies":"Collector","floor":33,"turns":6}],"seed_played":"460045450270170405","potions_obtained":[{"floor":1,"key":"Fruit Juice"},{"floor":2,"key":"SteroidPotion"},{"floor":13,"key":"Poison Potion"},{"floor":16,"key":"SneckoOil"},{"floor":18,"key":"Fire Potion"},{"floor":21,"key":"PowerPotion"},{"floor":24,"key":"Ancient Potion"},{"floor":29,"key":"Fruit Juice"},{"floor":30,"key":"LiquidBronze"}],"is_trial":false,"path_per_floor":["M","M","$","M","M","R","M","R","T","M","R","$","M","?","R","B",null,"M","?","M","M","$","E","M","M","T","E","R","M","E","M","R","B"],"character_chosen":"DEFECT","items_purchased":["Conserve Battery","Hologram","Streamline","Vajra","Auto Shields","Rebound"],"campfire_rested":3,"item_purchase_floors":[3,3,12,22,22,22],"current_hp_per_floor":[73,68,68,57,50,50,47,47,47,37,58,58,51,51,51,51,68,53,53,53,42,42,31,29,25,25,7,29,29,21,16,40,0],"gold":250,"neow_bonus":"THREE_RARE_CARDS","is_prod":false,"is_daily":false,"chose_seed":false,"campfire_upgraded":3,"win_rate":0,"timestamp":1551767336,"path_taken":["M","M","$","M","M","R","M","R","T","?","R","$","M","?","R","BOSS","M","?","M","?","$","E","M","M","T","E","R","M","E","M","R","BOSS"],"build_version":"2019-01-23","purchased_purges":0,"victory":false,"max_hp_per_floor":[73,73,73,73,73,73,73,73,73,73,73,73,73,68,68,68,68,68,68,68,68,68,75,75,75,75,75,75,80,80,80,80,80],"card_choices":[{"not_picked":["Multi-Cast","Core Surge"],"picked":"Hyperbeam","floor":0},{"not_picked":["Capacitor","Coolheaded"],"picked":"Streamline","floor":1},{"not_picked":["Sweeping Beam","Stack"],"picked":"Turbo","floor":2},{"not_picked":["Leap","Stack"],"picked":"Conserve Battery","floor":4},{"not_picked":["Thunder Strike","Conserve Battery","Gash"],"picked":"SKIP","floor":5},{"not_picked":["Streamline","Coolheaded"],"picked":"Defragment","floor":7},{"not_picked":["Recycle","Doom and Gloom","Undo"],"picked":"SKIP","floor":10},{"not_picked":["Storm","Cold Snap","Redo"],"picked":"SKIP","floor":13},{"not_picked":["Machine Learning","Reboot"],"picked":"Hyperbeam","floor":16},{"not_picked":["BootSequence","Steam"],"picked":"Genetic Algorithm+1","floor":18},{"not_picked":["Gash","Blizzard+1","Hologram"],"picked":"SKIP","floor":20},{"not_picked":["Ball Lightning","Sweeping Beam+1"],"picked":"FTL","floor":21},{"not_picked":["Doom and Gloom","Consume","Tempest+1"],"picked":"SKIP","floor":23},{"not_picked":["White Noise","Lockon","Hello World"],"picked":"SKIP","floor":24},{"not_picked":["Rebound","Streamline","Go for the Eyes"],"picked":"SKIP","floor":25},{"not_picked":["Tempest+1","Beam Cell+1","Aggregate"],"picked":"SKIP","floor":27},{"not_picked":["Gash","Lockon","Cold Snap"],"picked":"SKIP","floor":29},{"not_picked":["Leap","Static Discharge","Compile Driver"],"picked":"SKIP","floor":30},{"not_picked":["Leap","Cold Snap"],"picked":"Buffer","floor":31}],"player_experience":327069,"relics_obtained":[{"floor":9,"key":"Lantern"},{"floor":23,"key":"Strawberry"},{"floor":26,"key":"Peace Pipe"},{"floor":27,"key":"DataDisk"},{"floor":30,"key":"Unceasing Top"}],"event_choices":[{"damage_healed":0,"gold_gain":0,"player_choice":"Lose Max HP","damage_taken":0,"relics_obtained":["Golden Idol"],"max_hp_gain":0,"max_hp_loss":5,"event_name":"Golden Idol","floor":14,"gold_loss":0},{"damage_healed":0,"gold_gain":0,"player_choice":"Copied","damage_taken":0,"max_hp_gain":0,"max_hp_loss":0,"event_name":"Duplicator","floor":19,"gold_loss":0,"cards_obtained":["Hyperbeam"]}],"is_beta":false,"boss_relics":[{"not_picked":["Philosopher\u0027s Stone","Sozu"],"picked":"Nuclear Battery"}],"items_purged_floors":[],"is_endless":false,"potions_floor_spawned":[1,2,13,16,18,21,24,29,30],"killed_by":"Collector","ascension_level":0}