{"gold_per_floor":[113,128,143,143,161,191,191,141,164,179,9,38,54,68,68,164,164,182,199,199,209,228,261,274,294,321,321,333,349,429,462,462,565,565,581,600,600,612,628,628,656,669,669,679,691,725,725,750,750,750],"floor_reached":50,"playtime":3449,"items_purged":[],"score":669,"play_id":"f9ac4c95-8a68-4527-abbe-517823701a99","local_time":"20180706004547","is_ascension_mode":false,"campfire_choices":[{"data":"Thunderclap","floor":7,"key":"SMITH"},{"data":"Rampage","floor":15,"key":"SMITH"},{"floor":27,"key":"REST"},{"floor":32,"key":"REST"},{"data":"Perfected Strike","floor":40,"key":"SMITH"},{"floor":47,"key":"REST"},{"data":"Seeing Red","floor":49,"key":"SMITH"}],"neow_cost":"NONE","seed_source_timestamp":478540991867027,"circlet_count":0,"master_deck":["Strike_R+1","Strike_R+1","Strike_R","Strike_R","Defend_R","Defend_R","Defend_R","Defend_R","Bash","Flex","Metallicize","Thunderclap+1","Twin Strike","Pommel Strike","Rampage+1","Iron Wave","Dropkick","Clothesline","True Grit","Brutality","Cleave","Seeing Red+1","Offering+1","Rage+1","Twin Strike+1","Flex+1","Thunderclap","Dark Embrace","Reaper","Shrug It Off+1","Cleave","Twin Strike","Shockwave","Perfected Strike+1","Twin Strike","Feed","Perfected Strike","Seeing Red+1","Whirlwind+1","Dropkick","Fire Breathing+1","Hemokinesis+1","Infernal Blade","Thunderclap+1"],"special_seed":0,"relics":["Burning Blood","Centennial Puzzle","Bag of Marbles","Bag of Preparation","Anchor","Vajra","White Beast Statue","Enchiridion","Ice Cream","War Paint","Self Forming Clay","Paper Frog","Orrery","Gambling Chip","Ancient Tea Set","Boot","Juzu Bracelet"],"potions_floor_usage":[16,18,19,21,22,23,25,31,33,33,39,39,46,46,48,48,50],"damage_taken":[{"damage":7,"enemies":"2 Louse","floor":1,"turns":2},{"damage":6,"enemies":"Jaw Worm","floor":2,"turns":2},{"damage":6,"enemies":"Cultist","floor":3,"turns":4},{"damage":13,"enemies":"Red Slaver","floor":5,"turns":3},{"damage":25,"enemies":"Lagavulin","floor":6,"turns":7},{"damage":0,"enemies":"Blue Slaver","floor":10,"turns":1},{"damage":0,"enemies":"3 Sentries","floor":12,"turns":6},{"damage":12,"enemies":"Exordium Thugs","floor":13,"turns":3},{"damage":0,"enemies":"Looter","floor":14,"turns":1},{"damage":24,"enemies":"Hexaghost","floor":16,"turns":9},{"damage":25,"enemies":"Spheric Guardian","floor":18,"turns":4},{"damage":2,"enemies":"Shell Parasite","floor":19,"turns":3},{"damage":0,"enemies":"Snake Plant","floor":21,"turns":2},{"damage":27,"enemies":"Sentry and Sphere","floor":22,"turns":5},{"damage":20,"enemies":"Slavers","floor":23,"turns":4},{"damage":4,"enemies":"Chosen and Byrds","floor":24,"turns":2},{"damage":15,"enemies":"Snake Plant","floor":25,"turns":4},{"damage":8,"enemies":"Slaver and Parasite","floor":28,"turns":5},{"damage":4,"enemies":"Centurion and Healer","floor":29,"turns":2},{"damage":15,"enemies":"Book of Stabbing","floor":31,"turns":3},{"damage":75,"enemies":"Automaton","floor":33,"turns":7},{"damage":0,"enemies":"3 Shapes","floor":35,"turns":1},{"damage":15,"enemies":"Orb Walker","floor":36,"turns":3},{"damage":13,"enemies":"3 Darklings","floor":38,"turns":4},{"damage":11,"enemies":"Sphere and 2 Shapes","floor":39,"turns":4},{"damage":10,"enemies":"2 Orb Walkers","floor":41,"turns":3},{"damage":0,"enemies":"4 Shapes","floor":42,"turns":1},{"damage":7,"enemies":"3 Darklings","floor":44,"turns":3},{"damage":42,"enemies":"Maw","floor":45,"turns":7},{"damage":32,"enemies":"Giant Head","floor":46,"turns":5},{"damage":4,"enemies":"2 Orb Walkers","floor":48,"turns":3},{"damage":87,"enemies":"Awakened One","floor":50,"turns":8}],"seed_played":"7965572629428466305","potions_obtained":[{"floor":2,"key":"FairyPotion"},{"floor":10,"key":"Dexterity Potion"},{"floor":13,"key":"GamblersBrew"},{"floor":14,"key":"Energy Potion"},{"floor":16,"key":"Weak Potion"},{"floor":18,"key":"Energy Potion"},{"floor":19,"key":"Fire Potion"},{"floor":21,"key":"Poison Potion"},{"floor":22,"key":"Weak Potion"},{"floor":23,"key":"FearPotion"},{"floor":24,"key":"Explosive Potion"},{"floor":25,"key":"Energy Potion"},{"floor":28,"key":"FearPotion"},{"floor":31,"key":"Regen Potion"},{"floor":33,"key":"Block Potion"},{"floor":35,"key":"FearPotion"},{"floor":36,"key":"Ancient Potion"},{"floor":39,"key":"Ancient Potion"},{"floor":41,"key":"Explosive Potion"},{"floor":44,"key":"Strength Potion"},{"floor":46,"key":"Block Potion"},{"floor":48,"key":"EssenceOfSteel"}],"is_trial":false,"path_per_floor":["M","M","M","?","M","E","R","?","T","M","$","E","M","M","R","B",null,"M","M","?","M","M","E","M","M","T","R","M","M","T","E","R","B",null,"M","M","?","M","M","R","E","M","T","M","M","E","R","E","R"],"character_chosen":"IRONCLAD","items_purchased":["Anchor","Iron Wave"],"campfire_rested":3,"item_purchase_floors":[11,11],"current_hp_per_floor":[79,79,79,63,56,37,37,37,37,43,43,49,43,49,49,31,80,61,65,49,55,34,20,22,13,13,37,35,37,37,28,52,14,80,80,71,76,69,78,78,74,80,80,79,43,22,46,64,64,0],"gold":750,"neow_bonus":"RANDOM_COMMON_RELIC","is_prod":false,"is_daily":false,"chose_seed":false,"campfire_upgraded":4,"win_rate":0.0,"timestamp":1530852347,"path_taken":["M","M","M","?","?","E","R","?","T","M","$","E","?","M","R","BOSS","M","?","?","M","M","E","?","M","T","R","M","M","?","E","R","BOSS","M","M","?","M","M","R","E","M","T","?","M","E","R","E","R","BOSS"],"build_version":"2018-07-05","purchased_purges":0,"victory":false,"max_hp_per_floor":[80,80,80,80,80,80,80,80,80,80,80,80,80,80,80,80,80,80,80,80,80,80,80,80,80,80,80,80,80,80,80,80,80,80,80,80,80,80,83,83,83,83,83,83,83,83,83,83,83,83],"card_choices":[{"not_picked":["True Grit","Body Slam"],"picked":"Flex","floor":1},{"not_picked":["Body Slam","Reckless Charge"],"picked":"Metallicize","floor":2},{"not_picked":["Cleave","Anger"],"picked":"Thunderclap","floor":3},{"not_picked":["Double Tap","Disarm"],"picked":"Twin Strike","floor":5},{"not_picked":["Shockwave","Heavy Blade"],"picked":"Pommel Strike","floor":6},{"not_picked":["Power Through","Combust"],"picked":"Rampage","floor":10},{"not_picked":["Uppercut","Offering"],"picked":"Dropkick","floor":12},{"not_picked":["Armaments","Power Through"],"picked":"Clothesline","floor":13},{"not_picked":["Iron Wave","Heavy Blade"],"picked":"True Grit","floor":14},{"not_picked":["Barricade","Impervious"],"picked":"Brutality","floor":16},{"not_picked":["Clothesline","Burning Pact"],"picked":"Clash","floor":18},{"not_picked":["Spot Weakness+1","Body Slam"],"picked":"Cleave","floor":19},{"not_picked":["Burning Pact","Headbutt+1"],"picked":"Seeing Red+1","floor":21},{"not_picked":["Hemokinesis","Body Slam","Infernal Blade"],"picked":"SKIP","floor":22},{"not_picked":["Dual Wield","Spot Weakness+1"],"picked":"Offering","floor":23},{"not_picked":["Iron Wave","Clothesline"],"picked":"Rage","floor":24},{"not_picked":["Dropkick","Inflame"],"picked":"Twin Strike+1","floor":25},{"not_picked":["Burning Pact","Entrench"],"picked":"Flex+1","floor":28},{"not_picked":["Carnage","Anger+1"],"picked":"Thunderclap","floor":29},{"not_picked":["Corruption+1","Metallicize"],"picked":"Dark Embrace","floor":31},{"not_picked":["Juggernaut","Barricade"],"picked":"Reaper","floor":33},{"not_picked":["Body Slam+1","Reckless Charge"],"picked":"Shrug It Off+1","floor":34},{"not_picked":["Anger+1","Heavy Blade"],"picked":"Cleave","floor":34},{"not_picked":["Heavy Blade","Rage"],"picked":"Twin Strike","floor":34},{"not_picked":["Cleave","Carnage"],"picked":"Shockwave","floor":34},{"not_picked":["Anger","Combust+1"],"picked":"Perfected Strike","floor":34},{"not_picked":["Clash+1","Uppercut"],"picked":"Twin Strike","floor":35},{"not_picked":["Armaments","Carnage"],"picked":"Feed","floor":36},{"not_picked":["Flex","Metallicize"],"picked":"Perfected Strike","floor":38},{"not_picked":["Warcry","True Grit+1"],"picked":"Seeing Red","floor":39},{"not_picked":["Cleave","Headbutt"],"picked":"Whirlwind+1","floor":41},{"not_picked":["Flex+1","Blood for Blood+1"],"picked":"Dropkick","floor":42},{"not_picked":["Sever Soul+1","Twin Strike+1"],"picked":"Fire Breathing+1","floor":44},{"not_picked":["Anger+1","Shockwave"],"picked":"Hemokinesis+1","floor":45},{"not_picked":["Uppercut","Rage"],"picked":"Infernal Blade","floor":46},{"not_picked":["Clothesline","Brutality"],"picked":"Thunderclap+1","floor":48}],"player_experience":7803,"relics_obtained":[{"floor":6,"key":"Bag of Marbles"},{"floor":9,"key":"Bag of Preparation"},{"floor":12,"key":"Vajra"},{"floor":20,"key":"Enchiridion"},{"floor":23,"key":"Ice Cream"},{"floor":26,"key":"War Paint"},{"floor":30,"key":"Self Forming Clay"},{"floor":31,"key":"Paper Frog"},{"floor":41,"key":"Gambling Chip"},{"floor":43,"key":"Ancient Tea Set"},{"floor":46,"key":"Boot"},{"floor":48,"key":"Juzu Bracelet"}],"event_choices":[{"event_name":"Shining Light","player_choice":"Entered Light","floor":4,"damage_taken":0},{"event_name":"The Cleric","player_choice":"Card Removal","floor":8,"damage_taken":0},{"event_name":"Cursed Tome","player_choice":"Obtained Book","floor":20,"damage_taken":0},{"event_name":"Bonfire Elementals","player_choice":"COMMON","floor":37,"damage_taken":0}],"boss_relics":[{"not_picked":["Coffee Dripper","Black Blood"],"picked":"White Beast Statue"},{"not_picked":["Philosopher\u0027s Stone","Velvet Choker"],"picked":"Orrery"}],"items_purged_floors":[],"is_endless":false,"potions_floor_spawned":[2,10,13,14,16,18,19,21,22,23,24,25,28,29,31,33,35,36,38,39,41,42,44,45,46,48],"killed_by":"Awakened One","ascension_level":0}