{"gold_per_floor":[112,125,73,92,103,103,134,134,158,202,214,226,269,281,293,378,390,415,461,523,435,447,459,386,398,434,446,472,509,173,173],"floor_reached":31,"playtime":1780,"items_purged":[],"score":573,"play_id":"ce5f1768-8121-41b6-96a7-6ec32c652f86","local_time":"20190410223059","is_ascension_mode":true,"campfire_choices":[{"data":"Defragment","floor":6.0,"key":"SMITH"},{"data":"Streamline","floor":8.0,"key":"SMITH"},{"data":"Zap","floor":11.0,"key":"SMITH"},{"floor":15.0,"key":"REST"},{"data":"Consume","floor":23.0,"key":"SMITH"},{"data":"Biased Cognition","floor":25.0,"key":"SMITH"},{"data":"Chill","floor":27.0,"key":"SMITH"}],"neow_cost":"NONE","seed_source_timestamp":83915417098996,"circlet_count":0,"master_deck":["AscendersBane","Defend_B","Defend_B","Defend_B","Defend_B","Zap+1","Dualcast","Streamline+1","Rip and Tear","Coolheaded","Conserve Battery","Defragment+1","Redo","Streamline","Chill+1","Biased Cognition+1","Consume+1","Glacier","Barrage","Bite","Bite","Bite","Bite","Bite","Defragment+1","Capacitor","Consume+1"],"special_seed":0,"relics":["Runic Dome","Anchor","MawBank","Smiling Mask","Happy Flower","Inserter","Red Mask","DataDisk","Bag of Marbles","Toxic Egg 2"],"potions_floor_usage":[],"damage_taken":[{"damage":7.0,"enemies":"Jaw Worm","floor":1.0,"turns":2.0},{"damage":0.0,"enemies":"2 Louse","floor":2.0,"turns":3.0},{"damage":14.0,"enemies":"Small Slimes","floor":4.0,"turns":3.0},{"damage":9.0,"enemies":"3 Louse","floor":5.0,"turns":6.0},{"damage":18.0,"enemies":"Lagavulin","floor":7.0,"turns":7.0},{"damage":0.0,"enemies":"3 Sentries","floor":10.0,"turns":8.0},{"damage":13.0,"enemies":"Lagavulin","floor":13.0,"turns":6.0},{"damage":38.0,"enemies":"The Guardian","floor":16.0,"turns":12.0},{"damage":4.0,"enemies":"Spheric Guardian","floor":18.0,"turns":4.0},{"damage":8.0,"enemies":"Masked Bandits","floor":19.0,"turns":6.0},{"damage":0.0,"enemies":"2 Thieves","floor":21.0,"turns":5.0},{"damage":0.0,"enemies":"Centurion and Healer","floor":28.0,"turns":9.0},{"damage":0.0,"enemies":"Cultist and Chosen","floor":29.0,"turns":6.0},{"damage":73,"enemies":"Gremlin Leader","floor":31,"turns":6}],"seed_played":"7905558506656449458","potions_obtained":[{"floor":2.0,"key":"Regen Potion"},{"floor":5.0,"key":"Block Potion"},{"floor":7.0,"key":"FearPotion"},{"floor":18.0,"key":"Strength Potion"}],"is_trial":false,"path_per_floor":["M","M","$","M","M","R","E","R","T","E","R","?","E","?","R","B",null,"M","?","?","M","?","R","?","R","T","R","M","M","$","E"],"character_chosen":"DEFECT","items_purchased":["Coolheaded","Toxic Egg 2","Consume+1"],"campfire_rested":1,"item_purchase_floors":[3,30,30],"current_hp_per_floor":[57,57,57,43,49,49,31,31,31,31,31,31,18,18,39,1,54,50,42,42,42,42,42,42,42,42,42,49,49,49,0],"gold":173,"neow_bonus":"BOSS_RELIC","is_prod":false,"is_daily":false,"chose_seed":false,"campfire_upgraded":6,"win_rate":0,"timestamp":1554953459,"path_taken":["M","M","$","M","M","R","E","R","T","E","R","?","E","?","R","BOSS","M","?","?","M","?","R","?","R","T","R","M","?","$","E"],"build_version":"2019-01-23","purchased_purges":0,"victory":false,"max_hp_per_floor":[71,71,71,71,71,71,71,71,71,71,71,71,71,71,71,71,71,71,71,71,71,49,49,49,49,49,49,49,49,49,49],"card_choices":[{"not_picked":["Gash","Tempest"],"picked":"Streamline","floor":1.0},{"not_picked":["Scrape","Coolheaded"],"picked":"Rip and Tear","floor":2.0},{"not_picked":["Gash","Redo"],"picked":"Conserve Battery","floor":4.0},{"not_picked":["Streamline","Beam Cell"],"picked":"Defragment","floor":5.0},{"not_picked":["Leap","Fusion"],"picked":"Redo","floor":7.0},{"not_picked":["Beam Cell","Compile Driver"],"picked":"Streamline","floor":10.0},{"not_picked":["Aggregate","Hologram"],"picked":"Chill","floor":13.0},{"not_picked":["Buffer","Core Surge"],"picked":"Biased Cognition","floor":16.0},{"not_picked":["Turbo","Static Discharge"],"picked":"Consume","floor":18.0},{"not_picked":["Hologram","BootSequence"],"picked":"Glacier","floor":19.0},{"not_picked":["Auto Shields","Doom and Gloom"],"picked":"Barrage","floor":21.0},{"not_picked":["Steam","Rebound+1"],"picked":"Defragment+1","floor":28.0},{"not_picked":["Self Repair","Coolheaded"],"picked":"Capacitor","floor":29.0}],"player_experience":1028084,"relics_obtained":[{"floor":7.0,"key":"Anchor"},{"floor":9.0,"key":"MawBank"},{"floor":10.0,"key":"Smiling Mask"},{"floor":13.0,"key":"Happy Flower"},{"floor":19.0,"key":"Red Mask"},{"floor":26.0,"key":"Bag of Marbles"}],"event_choices":[{"damage_healed":0.0,"max_hp_gain":0.0,"max_hp_loss":0.0,"gold_gain":0.0,"event_name":"Scrap Ooze","player_choice":"Fled","floor":12.0,"gold_loss":0.0,"damage_taken":0.0},{"damage_healed":0.0,"max_hp_gain":0.0,"max_hp_loss":0.0,"gold_gain":0.0,"event_name":"Dead Adventurer","player_choice":"Searched \u00270\u0027 times","floor":14.0,"gold_loss":0.0,"damage_taken":0.0},{"damage_healed":0.0,"max_hp_gain":0.0,"max_hp_loss":0.0,"gold_gain":0.0,"event_name":"Masked Bandits","player_choice":"Fought Bandits","floor":19.0,"gold_loss":0.0,"damage_taken":0.0},{"damage_healed":0.0,"max_hp_gain":0.0,"max_hp_loss":0.0,"gold_gain":50.0,"event_name":"Nest","player_choice":"Stole From Cult","floor":20.0,"gold_loss":0.0,"damage_taken":0.0},{"damage_healed":0.0,"max_hp_gain":0.0,"max_hp_loss":22.0,"gold_gain":0.0,"event_name":"Vampires","player_choice":"Became a vampire","floor":22.0,"gold_loss":0.0,"damage_taken":0.0,"cards_obtained":["Bite","Bite","Bite","Bite","Bite"]},{"damage_healed":0.0,"max_hp_gain":0.0,"max_hp_loss":0.0,"gold_gain":0.0,"event_name":"Addict","player_choice":"Obtained Relic","floor":24.0,"gold_loss":85.0,"damage_taken":0.0,"relics_obtained":["DataDisk"]}],"is_beta":false,"boss_relics":[{"not_picked":["Pandora\u0027s Box","Lizard Tail"],"picked":"Inserter"}],"items_purged_floors":[],"is_endless":false,"potions_floor_spawned":[2,5,7,18],"killed_by":"Gremlin Leader","ascension_level":20}