{"gold_per_floor":[112,124,138,138,151,181,181,214,214,214,269,279,311,311,311,412,412,422,345,255,275,275,306,306,339,339,339,368,33,43,43,43,147,147,166,217,227,243,243,269,288,314,314,314,314,328,359,17,17,17],"floor_reached":51,"playtime":3232,"items_purged":[],"score":958,"play_id":"80975dd7-eca9-4dfd-b1ea-078ae1c40f42","local_time":"20180812145948","is_ascension_mode":true,"campfire_choices":[{"floor":7.0,"key":"REST"},{"floor":10.0,"key":"REST"},{"data":"Redo","floor":15.0,"key":"SMITH"},{"floor":24.0,"key":"REST"},{"data":"Beam Cell","floor":27.0,"key":"SMITH"},{"floor":32.0,"key":"REST"},{"data":"Loop","floor":45.0,"key":"SMITH"},{"floor":49.0,"key":"REST"}],"neow_cost":"NONE","seed_source_timestamp":158755348419710,"circlet_count":0,"master_deck":["Strike_B+1","Strike_B+1","Strike_B+1","Defend_B+1","Defend_B+1","Defend_B+1","Zap+1","Dualcast+1","Redo+1","Echo Form","Darkness","Electrodynamics","Beam Cell+1","Leap+1","Steam+1","White Noise+1","Auto Shields+1","Rainbow+1","Chaos+1","J.A.X.+1","Turbo+1","Redo+1","Loop+1","Fusion+1","Biased Cognition","FTL+1","Defragment","Amplify+1","Ball Lightning+1","Hologram+1","Force Field+1","Bandage Up+1","Conserve Battery+1","Chill+1"],"special_seed":0,"relics":["Cracked Core","Kunai","Toxic Egg 2","Letter Opener","Pear","Thread and Needle","Empty Cage","Cables","Ornamental Fan","Dead Branch","Mercury Hourglass","Pen Nib","Blue Candle","Shuriken","Nuclear Battery","Peace Pipe","Bag of Preparation","Matryoshka","Bronze Scales","Bottled Flame","Incense Burner","Strawberry"],"potions_floor_usage":[],"damage_taken":[{"damage":0.0,"enemies":"Small Slimes","floor":1.0,"turns":2.0},{"damage":0.0,"enemies":"2 Louse","floor":2.0,"turns":1.0},{"damage":2.0,"enemies":"Jaw Worm","floor":3.0,"turns":4.0},{"damage":8.0,"enemies":"Blue Slaver","floor":5.0,"turns":3.0},{"damage":32.0,"enemies":"Gremlin Nob","floor":6.0,"turns":4.0},{"damage":20.0,"enemies":"3 Sentries","floor":8.0,"turns":4.0},{"damage":3.0,"enemies":"Gremlin Nob","floor":11.0,"turns":3.0},{"damage":0.0,"enemies":"2 Fungi Beasts","floor":12.0,"turns":3.0},{"damage":9.0,"enemies":"Gremlin Nob","floor":13.0,"turns":4.0},{"damage":6.0,"enemies":"Slime Boss","floor":16.0,"turns":6.0},{"damage":0.0,"enemies":"Chosen","floor":18.0,"turns":4.0},{"damage":10.0,"enemies":"2 Thieves","floor":21.0,"turns":2.0},{"damage":53.0,"enemies":"Book of Stabbing","floor":23.0,"turns":5.0},{"damage":0.0,"enemies":"Gremlin Leader","floor":25.0,"turns":6.0},{"damage":7.0,"enemies":"Book of Stabbing","floor":28.0,"turns":4.0},{"damage":8.0,"enemies":"Snake Plant","floor":30.0,"turns":3.0},{"damage":27.0,"enemies":"Champ","floor":33.0,"turns":9.0},{"damage":0.0,"enemies":"3 Shapes","floor":35.0,"turns":4.0},{"damage":0.0,"floor":36.0,"turns":3.0},{"damage":13.0,"enemies":"3 Darklings","floor":37.0,"turns":2.0},{"damage":0.0,"enemies":"4 Shapes","floor":38.0,"turns":2.0},{"damage":22.0,"enemies":"2 Orb Walkers","floor":40.0,"turns":3.0},{"damage":4.0,"enemies":"Transient","floor":41.0,"turns":5.0},{"damage":9.0,"enemies":"Giant Head","floor":42.0,"turns":6.0},{"damage":9.0,"enemies":"3 Darklings","floor":46.0,"turns":2.0},{"damage":6.0,"enemies":"2 Orb Walkers","floor":47.0,"turns":4.0},{"damage":63,"enemies":"Donu and Deca","floor":50,"turns":8}],"seed_played":"5390445766903620986","potions_obtained":[{"floor":3.0,"key":"PowerPotion"},{"floor":11.0,"key":"FocusPotion"},{"floor":12.0,"key":"FearPotion"},{"floor":16.0,"key":"Explosive Potion"},{"floor":18.0,"key":"SpeedPotion"},{"floor":25.0,"key":"Explosive Potion"},{"floor":28.0,"key":"SpeedPotion"},{"floor":30.0,"key":"EssenceOfSteel"},{"floor":36.0,"key":"LiquidBronze"},{"floor":41.0,"key":"FearPotion"},{"floor":42.0,"key":"AttackPotion"}],"is_trial":false,"path_per_floor":["M","M","M","?","M","E","R","E","T","R","?","M","E","?","R","B",null,"M","?","?","M","?","E","R","E","T","R","E","$","M","T","R","B",null,"M","?","M","M","?","E","M","E","T","?","R","M","E","$","R","B"],"character_chosen":"DEFECT","items_purchased":["Blue Candle","Loop","Strawberry","Bandage Up+1","Conserve Battery+1","Chill+1"],"campfire_rested":5,"item_purchase_floors":[29,29,48,48,48,48],"current_hp_per_floor":[75,75,73,58,50,18,40,20,20,42,49,49,40,68,68,62,85,85,85,85,75,75,22,47,54,54,54,47,47,39,39,64,37,85,85,85,72,72,72,50,46,37,37,74,74,65,59,66,81,18],"gold":17,"neow_bonus":"UPGRADE_CARD","is_prod":false,"is_daily":false,"chose_seed":false,"campfire_upgraded":3,"win_rate":0,"timestamp":1534100388,"path_taken":["M","M","M","?","M","E","R","E","T","R","?","M","E","?","R","BOSS","M","?","?","?","?","E","R","E","T","R","E","?","M","?","R","BOSS","M","?","M","?","?","E","M","E","T","?","R","M","E","$","R","BOSS"],"build_version":"2018-08-09","purchased_purges":0,"victory":true,"max_hp_per_floor":[75,75,75,75,75,75,75,75,75,75,85,85,85,85,85,85,85,85,85,85,85,85,85,85,85,85,85,85,85,85,85,85,85,85,85,85,85,85,85,85,85,85,85,74,74,74,74,81,81,81],"card_choices":[{"not_picked":["Turbo","Ball Lightning"],"picked":"Redo","floor":1.0},{"not_picked":["Barrage","Hologram"],"picked":"Echo Form","floor":2.0},{"not_picked":["Go for the Eyes","Compile Driver"],"picked":"Darkness","floor":3.0},{"not_picked":["Gash","Capacitor"],"picked":"Electrodynamics","floor":5.0},{"not_picked":["Coolheaded","FTL"],"picked":"Beam Cell","floor":6.0},{"not_picked":["Force Field","Sweeping Beam"],"picked":"Leap","floor":8.0},{"not_picked":["Glacier+1","Compile Driver"],"picked":"Steam+1","floor":11.0},{"not_picked":["Storm","Doom and Gloom"],"picked":"White Noise+1","floor":12.0},{"not_picked":["Streamline","Echo Form"],"picked":"Auto Shields+1","floor":13.0},{"not_picked":["Echo Form","Machine Learning"],"picked":"Rainbow+1","floor":16.0},{"not_picked":["Steam+1","Darkness+1"],"picked":"Chaos+1","floor":18.0},{"not_picked":["Blizzard","Coolheaded+1"],"picked":"Turbo+1","floor":21.0},{"not_picked":["Chaos+1","Turbo+1","Creative AI"],"picked":"SKIP","floor":23.0},{"not_picked":["Scrape","Undo+1","Compile Driver"],"picked":"SKIP","floor":25.0},{"not_picked":["Beam Cell","Gash"],"picked":"Redo+1","floor":28.0},{"not_picked":["Sunder+1","Ball Lightning"],"picked":"Fusion+1","floor":30.0},{"not_picked":["Buffer","Hyperbeam"],"picked":"Biased Cognition","floor":33.0},{"not_picked":["Capacitor","Darkness+1","Turbo+1"],"picked":"SKIP","floor":35.0},{"not_picked":["Cold Snap+1","Steam+1"],"picked":"FTL+1","floor":36.0},{"not_picked":["Beam Cell","Turbo+1","Sunder+1"],"picked":"SKIP","floor":37.0},{"not_picked":["Gash+1","Auto Shields+1","Rebound"],"picked":"SKIP","floor":38.0},{"not_picked":["Rebound","Ball Lightning"],"picked":"Defragment","floor":40.0},{"not_picked":["Go for the Eyes+1","Reprogram+1"],"picked":"Amplify+1","floor":41.0},{"not_picked":["Steam+1","Streamline"],"picked":"Ball Lightning+1","floor":42.0},{"not_picked":["Sunder","Leap+1"],"picked":"Hologram+1","floor":46.0},{"not_picked":["Undo+1","Hologram+1"],"picked":"Force Field+1","floor":47.0}],"player_experience":185895,"relics_obtained":[{"floor":6.0,"key":"Kunai"},{"floor":8.0,"key":"Toxic Egg 2"},{"floor":9.0,"key":"Letter Opener"},{"floor":13.0,"key":"Thread and Needle"},{"floor":23.0,"key":"Ornamental Fan"},{"floor":25.0,"key":"Dead Branch"},{"floor":26.0,"key":"Mercury Hourglass"},{"floor":28.0,"key":"Pen Nib"},{"floor":31.0,"key":"Shuriken"},{"floor":36.0,"key":"Peace Pipe"},{"floor":40.0,"key":"Bag of Preparation"},{"floor":42.0,"key":"Matryoshka"},{"floor":43.0,"key":"Bronze Scales"},{"floor":43.0,"key":"Bottled Flame"},{"floor":47.0,"key":"Incense Burner"}],"event_choices":[{"event_name":"Shining Light","player_choice":"Entered Light","floor":4.0,"damage_taken":0.0},{"event_name":"Dead Adventurer","player_choice":"Searched \u00273\u0027 times","floor":11.0,"damage_taken":0.0},{"event_name":"Big Fish","player_choice":"Banana","floor":14.0,"damage_taken":0.0},{"event_name":"Drug Dealer","player_choice":"Got JAXXED","floor":19.0,"damage_taken":0.0},{"event_name":"WeMeetAgain","player_choice":"Gold","floor":20.0,"damage_taken":0.0},{"event_name":"Back to Basics","player_choice":"Simplicity","floor":22.0,"damage_taken":0.0},{"event_name":"Mysterious Sphere","player_choice":"Fight","floor":36.0,"damage_taken":0.0},{"event_name":"The Woman in Blue","player_choice":"Bought 0 Potions","floor":39.0,"damage_taken":0.0},{"event_name":"The Moai Head","player_choice":"Heal","floor":44.0,"damage_taken":0.0}],"is_beta":false,"boss_relics":[{"not_picked":["White Beast Statue","Black Star"],"picked":"Empty Cage"},{"not_picked":["Inserter","FrozenCore"],"picked":"Nuclear Battery"}],"items_purged_floors":[],"is_endless":false,"potions_floor_spawned":[3,11,12,16,18,25,28,30,36,41,42],"ascension_level":3}