{"gold_per_floor":[115,115,128,128,140,174,174,190,190,210,210,228,257,145,145,240,240,258,283,283,295,295,295,311,16,90,115,126,137,137,151,151,256,256,273,285,299,315,80,80,5,5,84,84,84,98,98,98,98,98],"floor_reached":50,"playtime":1585,"items_purged":[],"score":499,"play_id":"b9fcefdb-90eb-413d-a390-c6b381f56f07","local_time":"20181202210454","is_ascension_mode":false,"campfire_choices":[{"floor":7,"key":"REST"},{"floor":11,"key":"RECALL"},{"data":"Uppercut","floor":15,"key":"SMITH"},{"floor":23,"key":"REST"},{"floor":30,"key":"REST"},{"floor":32,"key":"REST"},{"floor":40,"key":"REST"},{"floor":44,"key":"REST"},{"floor":49,"key":"REST"}],"neow_cost":"NONE","seed_source_timestamp":105941904206457,"circlet_count":0,"master_deck":["Strike_R","Strike_R","Strike_R","Strike_R","Defend_R","Defend_R","Defend_R","Defend_R","Bash","Immolate","Clothesline","Shrug It Off","Seeing Red","Perfected Strike","Infernal Blade","Perfected Strike","Fiend Fire","Disarm","Blood for Blood","Uppercut+1","Infernal Blade","Berserk+1","Carnage","Wild Strike","Perfected Strike","Pommel Strike+1","Headbutt+1","Feel No Pain+1","Thunderclap+1","Dark Embrace","Injury","Doubt","Regret","Clothesline+1","Pommel Strike+1","Cleave+1","Disarm+1","Apotheosis+1","Inflame","Writhe","Whirlwind+1","Transmutation"],"relics":["Burning Blood","Ice Cream","Mercury Hourglass","Champion Belt","Self Forming Clay","Fusion Hammer","Red Mask","Turnip","Molten Egg 2","Calling Bell","Centennial Puzzle","Letter Opener","StoneCalendar","Bottled Flame"],"potions_floor_usage":[6,27,33,35,35,37,37,50],"damage_taken":[{"damage":6,"enemies":"Jaw Worm","floor":1,"turns":2},{"damage":8,"enemies":"2 Louse","floor":3,"turns":2},{"damage":0,"enemies":"Cultist","floor":5,"turns":3},{"damage":28,"enemies":"3 Sentries","floor":6,"turns":5},{"damage":5,"enemies":"Looter","floor":8,"turns":2},{"damage":0,"enemies":"Large Slime","floor":10,"turns":3},{"damage":0,"enemies":"2 Fungi Beasts","floor":12,"turns":1},{"damage":23,"enemies":"Lagavulin","floor":13,"turns":6},{"damage":38,"enemies":"Slime Boss","floor":16,"turns":9},{"damage":15,"enemies":"Spheric Guardian","floor":18,"turns":3},{"damage":0,"enemies":"Masked Bandits","floor":19,"turns":2},{"damage":10,"enemies":"3 Byrds","floor":21,"turns":4},{"damage":4,"enemies":"Snecko","floor":24,"turns":3},{"damage":13,"enemies":"Book of Stabbing","floor":27,"turns":4},{"damage":13,"enemies":"Snake Plant","floor":28,"turns":3},{"damage":8,"enemies":"Sentry and Sphere","floor":29,"turns":4},{"damage":13,"enemies":"Centurion and Healer","floor":31,"turns":3},{"damage":60,"enemies":"Champ","floor":33,"turns":9},{"damage":27,"enemies":"3 Darklings","floor":35,"turns":6},{"damage":17,"enemies":"Orb Walker","floor":36,"turns":3},{"damage":33,"enemies":"Spire Growth","floor":37,"turns":4},{"damage":20,"enemies":"3 Darklings","floor":38,"turns":3},{"damage":23,"enemies":"Jaw Worm Horde","floor":46,"turns":4},{"damage":95,"enemies":"Awakened One","floor":50,"turns":5}],"seed_played":"6808218470229662049","potions_obtained":[{"floor":1,"key":"GamblersBrew"},{"floor":5,"key":"Strength Potion"},{"floor":10,"key":"Ancient Potion"},{"floor":13,"key":"Explosive Potion"},{"floor":16,"key":"SkillPotion"},{"floor":29,"key":"Explosive Potion"},{"floor":31,"key":"Energy Potion"},{"floor":33,"key":"SkillPotion"},{"floor":35,"key":"LiquidBronze"},{"floor":36,"key":"SpeedPotion"},{"floor":38,"key":"GamblersBrew"}],"is_trial":false,"path_per_floor":["M","?","M","?","M","E","R","M","T","M","R","M","E","$","R","B",null,"M","?","?","M","?","R","M","$","T","E","M","M","R","M","R","B",null,"M","M","M","M","$","R","$","?","T","R","?","M","?","?","R","B"],"character_chosen":"IRONCLAD","items_purchased":["Uppercut","Infernal Blade","Turnip","Apotheosis","Strength Potion","Inflame"],"campfire_rested":7,"item_purchase_floors":[14,14,25,39,39,41],"current_hp_per_floor":[80,62,60,60,66,44,68,69,69,75,75,80,63,63,63,31,80,71,77,62,58,58,83,85,85,85,78,71,69,85,78,85,31,85,64,53,26,12,12,37,37,58,58,83,83,66,66,66,85,0],"gold":98,"neow_bonus":"ONE_RANDOM_RARE_CARD","is_prod":false,"is_daily":false,"chose_seed":false,"campfire_upgraded":1,"win_rate":0,"timestamp":1543781094,"path_taken":["M","?","M","?","M","E","R","M","T","M","R","?","E","$","R","BOSS","M","?","?","M","?","R","M","$","T","E","?","M","R","M","R","BOSS","M","M","M","M","$","R","$","?","T","R","?","?","?","?","R","BOSS"],"build_version":"2018-11-15","purchased_purges":0,"victory":false,"max_hp_per_floor":[80,80,80,80,80,80,80,80,80,80,80,80,80,80,80,80,80,80,80,85,85,85,85,85,85,85,85,85,85,85,85,85,85,85,85,85,85,85,85,85,85,85,85,85,85,85,85,85,85,85],"card_choices":[{"not_picked":["Disarm","Power Through"],"picked":"Clothesline","floor":1},{"not_picked":["Havoc","Bloodletting"],"picked":"Shrug It Off","floor":3},{"not_picked":["Headbutt","Iron Wave"],"picked":"Perfected Strike","floor":5},{"not_picked":["Heavy Blade","Dual Wield"],"picked":"Infernal Blade","floor":6},{"not_picked":["Clothesline","Reckless Charge"],"picked":"Perfected Strike","floor":8},{"not_picked":["Warcry","Cleave"],"picked":"Fiend Fire","floor":10},{"not_picked":["Intimidate","Fire Breathing"],"picked":"Disarm","floor":12},{"not_picked":["Warcry","Searing Blow"],"picked":"Blood for Blood","floor":13},{"not_picked":["Brutality","Juggernaut"],"picked":"Berserk","floor":16},{"not_picked":["Power Through","Iron Wave","Heavy Blade"],"picked":"SKIP","floor":18},{"not_picked":["Clash","Sentinel"],"picked":"Carnage","floor":19},{"not_picked":["Entrench","Thunderclap"],"picked":"Wild Strike","floor":21},{"not_picked":["Dropkick","Twin Strike"],"picked":"Perfected Strike","floor":24},{"not_picked":["Seeing Red","Shockwave+1"],"picked":"Pommel Strike","floor":27},{"not_picked":["Iron Wave+1","Metallicize"],"picked":"Headbutt+1","floor":28},{"not_picked":["Pommel Strike+1","Heavy Blade+1"],"picked":"Feel No Pain+1","floor":29},{"not_picked":["Shrug It Off","Flex"],"picked":"Thunderclap+1","floor":31},{"not_picked":["Exhume","Immolate+1"],"picked":"Dark Embrace","floor":33},{"not_picked":["Clash+1","Flex"],"picked":"Clothesline+1","floor":35},{"not_picked":["True Grit","Carnage+1"],"picked":"Pommel Strike+1","floor":36},{"not_picked":["Armaments","Thunderclap+1"],"picked":"Cleave+1","floor":37},{"not_picked":["True Grit+1","Twin Strike+1"],"picked":"Disarm+1","floor":38},{"not_picked":["Flex+1","Shrug It Off"],"picked":"Whirlwind+1","floor":46},{"not_picked":["Good Instincts","PanicButton"],"picked":"Transmutation","floor":48}],"player_experience":306531,"relics_obtained":[{"floor":6,"key":"Mercury Hourglass"},{"floor":9,"key":"Champion Belt"},{"floor":13,"key":"Self Forming Clay"},{"floor":19,"key":"Red Mask"},{"floor":27,"key":"Molten Egg 2"},{"floor":34,"key":"Centennial Puzzle"},{"floor":34,"key":"Letter Opener"},{"floor":34,"key":"StoneCalendar"},{"floor":43,"key":"Bottled Flame"}],"event_choices":[{"damage_healed":0,"gold_gain":0,"player_choice":"Success","damage_taken":18,"relics_obtained":["Ice Cream"],"max_hp_gain":0,"max_hp_loss":0,"event_name":"Scrap Ooze","floor":2,"gold_loss":0},{"damage_healed":0,"gold_gain":0,"cards_transformed":["Strike_R"],"player_choice":"Transformed","damage_taken":0,"max_hp_gain":0,"max_hp_loss":0,"event_name":"Transmorgrifier","floor":4,"gold_loss":0,"cards_obtained":["Seeing Red"]},{"damage_healed":0,"gold_gain":0,"player_choice":"Fought Bandits","damage_taken":0,"max_hp_gain":0,"max_hp_loss":0,"event_name":"Masked Bandits","floor":19,"gold_loss":0},{"damage_healed":0,"gold_gain":0,"player_choice":"Shed Blood","damage_taken":20,"max_hp_gain":5,"max_hp_loss":0,"event_name":"Forgotten Altar","floor":20,"gold_loss":0},{"damage_healed":0,"gold_gain":0,"player_choice":"Upgraded","damage_taken":0,"max_hp_gain":0,"max_hp_loss":0,"event_name":"Upgrade Shrine","floor":22,"gold_loss":0,"cards_upgraded":["Berserk"]},{"damage_healed":21,"gold_gain":0,"player_choice":"Writhe","damage_taken":0,"max_hp_gain":0,"max_hp_loss":0,"event_name":"Winding Halls","floor":42,"gold_loss":0,"cards_obtained":["Writhe"]},{"damage_healed":0,"gold_gain":0,"player_choice":"Forge","damage_taken":0,"max_hp_gain":0,"max_hp_loss":0,"event_name":"Accursed Blacksmith","floor":45,"gold_loss":0,"cards_upgraded":["Apotheosis"]},{"damage_healed":0,"gold_gain":0,"player_choice":"Ignored","damage_taken":0,"max_hp_gain":0,"max_hp_loss":0,"event_name":"Tomb of Lord Red Mask","floor":47,"gold_loss":0},{"damage_healed":0,"gold_gain":0,"player_choice":"Memory 1","damage_taken":0,"max_hp_gain":0,"max_hp_loss":0,"event_name":"SensoryStone","floor":48,"gold_loss":0}],"is_beta":false,"boss_relics":[{"not_picked":["Sozu","Pandora\u0027s Box"],"picked":"Fusion Hammer"},{"not_picked":["Black Blood","Philosopher\u0027s Stone"],"picked":"Calling Bell"}],"items_purged_floors":[],"is_endless":false,"potions_floor_spawned":[1,5,10,13,16,18,19,29,31,33,35,36,38],"killed_by":"Awakened One","ascension_level":0}