{"gold_per_floor":[116,116,135,135,135,135,146,146,169,202,202,216,232,259,259,259],"floor_reached":16,"playtime":880,"items_purged":[],"score":110,"play_id":"f34df523-65c9-412a-a172-705c3d21258d","local_time":"20190504031421","is_ascension_mode":false,"campfire_choices":[{"data":"Defend_R","floor":6,"key":"SMITH"},{"floor":11,"key":"REST"},{"floor":15,"key":"REST"}],"neow_cost":"","seed_source_timestamp":0,"circlet_count":0,"master_deck":["Strike_R","Strike_R","Strike_R","Strike_R","Defend_R","Defend_R","Defend_R","Defend_R+1","Bash","Body Slam","Whirlwind+1","Clothesline","Cleave","Iron Wave","Shrug It Off","Thunderclap","True Grit","Body Slam"],"special_seed":0,"relics":["Burning Blood","Bag of Preparation","Dream Catcher","Bag of Marbles"],"potions_floor_usage":[16,16,16],"damage_taken":[{"damage":11,"enemies":"Jaw Worm","floor":1,"turns":5},{"damage":3,"enemies":"Cultist","floor":3,"turns":5},{"damage":0,"enemies":"Small Slimes","floor":7,"turns":3},{"damage":46,"enemies":"Lagavulin","floor":10,"turns":9},{"damage":5,"enemies":"Looter","floor":12,"turns":3},{"damage":0,"enemies":"Gremlin Gang","floor":13,"turns":1},{"damage":23,"enemies":"3 Sentries","floor":14,"turns":5},{"damage":70,"enemies":"The Guardian","floor":16,"turns":15}],"seed_played":"-1511526818747839916","potions_obtained":[{"floor":7,"key":"SpeedPotion"},{"floor":10,"key":"Block Potion"},{"floor":14,"key":"SpeedPotion"}],"is_trial":false,"path_per_floor":["M","?","M","?","?","R","M","?","T","E","R","M","M","E","R","B"],"character_chosen":"IRONCLAD","items_purchased":[],"campfire_rested":2,"item_purchase_floors":[],"current_hp_per_floor":[75,67,70,70,63,63,69,69,69,29,53,54,60,43,67,0],"gold":259,"neow_bonus":"","is_prod":false,"is_daily":false,"chose_seed":false,"campfire_upgraded":1,"win_rate":0.0,"timestamp":1556932461,"path_taken":["M","?","?","?","?","R","M","?","T","E","R","M","M","E","R","BOSS"],"build_version":"2019-01-23","purchased_purges":0,"victory":false,"max_hp_per_floor":[80,80,80,80,80,80,80,80,80,80,80,80,80,80,80,80],"card_choices":[{"not_picked":["Headbutt","Second Wind"],"picked":"Body Slam","floor":1},{"not_picked":["Warcry","Combust"],"picked":"Whirlwind","floor":3},{"not_picked":["Headbutt","Sword Boomerang"],"picked":"Clothesline","floor":7},{"not_picked":["Dark Embrace","Shockwave"],"picked":"Cleave","floor":10},{"not_picked":["Dual Wield","Reckless Charge"],"picked":"Iron Wave","floor":11},{"not_picked":["Fire Breathing","Rupture"],"picked":"Shrug It Off","floor":12},{"not_picked":["Combust","Perfected Strike"],"picked":"Thunderclap","floor":13},{"not_picked":["Dark Embrace","Clash"],"picked":"True Grit","floor":14},{"not_picked":["Seeing Red","Armaments"],"picked":"Body Slam","floor":15}],"player_experience":0,"relics_obtained":[{"floor":9,"key":"Bag of Preparation"},{"floor":10,"key":"Dream Catcher"},{"floor":14,"key":"Bag of Marbles"}],"event_choices":[{"damage_healed":0,"gold_gain":0,"player_choice":"Damaged","damage_taken":8,"max_hp_gain":0,"max_hp_loss":0,"event_name":"Wheel of Change","floor":2,"gold_loss":0},{"damage_healed":0,"gold_gain":0,"player_choice":"Grow","damage_taken":0,"max_hp_gain":0,"max_hp_loss":0,"event_name":"Living Wall","floor":4,"gold_loss":0,"cards_upgraded":["Whirlwind"]},{"cards_removed":["Strike_R"],"damage_healed":0,"gold_gain":0,"player_choice":"Card Removal","damage_taken":7,"max_hp_gain":0,"max_hp_loss":0,"event_name":"Golden Wing","floor":5,"gold_loss":0},{"damage_healed":0,"gold_gain":0,"player_choice":"Bought 0 Potions","damage_taken":0,"max_hp_gain":0,"max_hp_loss":0,"event_name":"The Woman in Blue","floor":8,"gold_loss":0}],"is_beta":false,"boss_relics":[],"items_purged_floors":[],"is_endless":false,"potions_floor_spawned":[7,10,14],"killed_by":"The Guardian","ascension_level":0}