{"gold_per_floor":[113,388,18,38,2,35,35,65,90,106,106,118,151,9,9,86,86,98,98,128,53,66,66,26,45,70,70,89,89,109,123,123,200,200,210,210,224,224,224,224,446,462,507,507,520,532,43,62,62,62,62],"floor_reached":51,"playtime":3344,"items_purged":["Regret","Strike_G","Defend_G"],"score":1363,"play_id":"07308812-1cec-43bf-b745-05d69bbe238a","local_time":"20190209193415","is_ascension_mode":true,"campfire_choices":[{"data":"Noxious Fumes","floor":7.0,"key":"SMITH"},{"floor":11.0,"key":"REST"},{"data":"Neutralize","floor":15.0,"key":"SMITH"},{"floor":23.0,"key":"REST"},{"floor":32.0,"key":"REST"},{"data":"Noxious Fumes","floor":40.0,"key":"SMITH"},{"floor":49.0,"key":"REST"}],"neow_cost":"NONE","seed_source_timestamp":251633813217359,"circlet_count":0,"master_deck":["AscendersBane","Defend_G","Defend_G","Defend_G","Defend_G","Survivor","Neutralize+1","Noxious Fumes+1","Backstab","Heel Hook","Blur","Catalyst","Sucker Punch","PiercingWail","Heel Hook","Glass Knife","All Out Attack+1","Grand Finale+1","Doppelganger+1","Quick Slash+1","Escape Plan","Blur","Leg Sweep","Footwork","Bouncing Flask","Noxious Fumes+1","Footwork","Bullet Time","Leg Sweep","Leg Sweep+1","Blur","Deflect","Deflect+1"],"special_seed":0,"relics":["Ring of the Snake","NeowsBlessing","HandDrill","Snake Skull","Bottled Flame","Juzu Bracelet","Bag of Preparation","Astrolabe","MutagenicStrength","Red Mask","Ancient Tea Set","Snecko Eye","Anchor","Bird Faced Urn","Gambling Chip"],"potions_floor_usage":[50,50,50],"damage_taken":[{"damage":0.0,"enemies":"2 Louse","floor":1.0,"turns":1.0},{"damage":0.0,"enemies":"Cultist","floor":4.0,"turns":1.0},{"damage":0.0,"enemies":"Gremlin Nob","floor":6.0,"turns":1.0},{"damage":17.0,"enemies":"3 Sentries","floor":8.0,"turns":7.0},{"damage":10.0,"enemies":"Small Slimes","floor":10.0,"turns":4.0},{"damage":0.0,"enemies":"Looter","floor":12.0,"turns":4.0},{"damage":20.0,"enemies":"Lagavulin","floor":13.0,"turns":7.0},{"damage":29.0,"enemies":"Hexaghost","floor":16.0,"turns":10.0},{"damage":10.0,"enemies":"Shell Parasite","floor":18.0,"turns":7.0},{"damage":20.0,"enemies":"Masked Bandits","floor":20.0,"turns":5.0},{"damage":0.0,"enemies":"Chosen","floor":22.0,"turns":1.0},{"damage":11.0,"enemies":"Snake Plant","floor":25.0,"turns":5.0},{"damage":1.0,"enemies":"Shelled Parasite and Fungi","floor":28.0,"turns":2.0},{"damage":6.0,"enemies":"Chosen and Byrds","floor":29.0,"turns":5.0},{"damage":3.0,"enemies":"Snake Plant","floor":30.0,"turns":3.0},{"damage":0.0,"enemies":"Centurion and Healer","floor":31.0,"turns":6.0},{"damage":19.0,"enemies":"Champ","floor":33.0,"turns":8.0},{"damage":2.0,"enemies":"3 Shapes","floor":35.0,"turns":5.0},{"damage":0.0,"enemies":"Orb Walker","floor":37.0,"turns":3.0},{"damage":19.0,"enemies":"Sphere and 2 Shapes","floor":42.0,"turns":5.0},{"damage":0.0,"enemies":"4 Shapes","floor":45.0,"turns":4.0},{"damage":0.0,"enemies":"3 Darklings","floor":46.0,"turns":5.0},{"damage":4.0,"enemies":"Jaw Worm Horde","floor":48.0,"turns":5.0},{"damage":19,"enemies":"Time Eater","floor":50,"turns":15},{"damage":64,"enemies":"Donu and Deca","floor":51,"turns":9}],"seed_played":"-3443160209318568354","potions_obtained":[{"floor":1.0,"key":"SmokeBomb"},{"floor":8.0,"key":"Block Potion"},{"floor":20.0,"key":"FearPotion"},{"floor":22.0,"key":"SteroidPotion"},{"floor":31.0,"key":"GamblersBrew"},{"floor":33.0,"key":"Ancient Potion"},{"floor":42.0,"key":"Explosive Potion"},{"floor":48.0,"key":"EntropicBrew"}],"is_trial":false,"path_per_floor":["M","?","$","M","$","E","R","E","T","M","R","M","E","$","R","B",null,"M","?","?","$","M","R","$","M","T","$","M","M","M","M","R","B",null,"M","?","M","?","?","R","?","M","T","T","M","M","$","M","R","B","B"],"character_chosen":"THE_SILENT","items_purchased":["HandDrill","Noxious Fumes","Heel Hook","Heel Hook","Blur","Footwork","Gambling Chip","Deflect"],"campfire_rested":4,"item_purchase_floors":[3,3,5,14,21,24,47,47],"current_hp_per_floor":[59,59,59,59,59,59,59,42,42,32,51,51,31,31,31,2,50,40,40,20,20,20,39,39,28,28,28,27,21,18,18,37,18,54,52,52,52,52,52,52,52,33,33,33,41,47,47,47,66,48,0],"gold":62,"neow_bonus":"THREE_ENEMY_KILL","is_prod":false,"is_daily":false,"chose_seed":false,"campfire_upgraded":3,"win_rate":0,"timestamp":1549758855,"path_taken":["M","?","$","M","?","E","R","E","T","M","R","M","E","$","R","BOSS","M","?","?","$","M","R","$","M","T","$","M","M","M","M","R","BOSS","M","?","M","?","?","R","?","M","T","?","M","M","$","M","R","BOSS","BOSS"],"build_version":"2019-01-23","purchased_purges":3,"victory":false,"max_hp_per_floor":[66,66,66,66,66,66,66,66,66,66,66,66,66,66,66,66,66,66,66,66,66,66,66,66,66,66,66,66,66,66,66,66,66,66,66,66,66,66,66,66,66,66,66,66,66,66,66,66,66,66,66],"card_choices":[{"not_picked":["Bane","Concentrate"],"picked":"Riddle With Holes","floor":1.0},{"not_picked":["Acrobatics","Dagger Spray"],"picked":"Backstab","floor":4.0},{"not_picked":["Eviscerate","Outmaneuver"],"picked":"Blur","floor":6.0},{"not_picked":["Accuracy","Outmaneuver"],"picked":"Catalyst","floor":8.0},{"not_picked":["Slice","Deflect"],"picked":"Sucker Punch","floor":10.0},{"not_picked":["Phantasmal Killer","Reflex","Underhanded Strike"],"picked":"SKIP","floor":12.0},{"not_picked":["Quick Slash","Prepared"],"picked":"PiercingWail","floor":13.0},{"not_picked":["Storm of Steel","Unload"],"picked":"Glass Knife","floor":16.0},{"not_picked":["Slice","Riddle With Holes"],"picked":"Quick Slash+1","floor":18.0},{"not_picked":["Quick Slash+1","Expertise"],"picked":"Escape Plan","floor":20.0},{"not_picked":["Calculated Gamble","Expertise+1"],"picked":"Leg Sweep","floor":22.0},{"not_picked":["Underhanded Strike","Acrobatics","Sucker Punch"],"picked":"SKIP","floor":25.0},{"not_picked":["Flying Knee+1","Dagger Throw"],"picked":"Bouncing Flask","floor":28.0},{"not_picked":["Underhanded Strike","Slice+1"],"picked":"Noxious Fumes","floor":30.0},{"not_picked":["Die Die Die","Dagger Throw"],"picked":"Footwork","floor":31.0},{"not_picked":["Tools of the Trade","Grand Finale"],"picked":"Bullet Time","floor":33.0},{"not_picked":["Prepared","Underhanded Strike+1","Reflex+1"],"picked":"SKIP","floor":35.0},{"not_picked":["Outmaneuver","Terror+1","Sucker Punch"],"picked":"SKIP","floor":37.0},{"not_picked":["Poisoned Stab","Dagger Throw"],"picked":"Leg Sweep","floor":42.0},{"not_picked":["Dagger Spray","Poisoned Stab"],"picked":"Leg Sweep+1","floor":45.0},{"not_picked":["Bouncing Flask","Dodge and Roll"],"picked":"Blur","floor":46.0},{"not_picked":["Concentrate+1","Flying Knee+1"],"picked":"Deflect+1","floor":48.0}],"player_experience":646775,"relics_obtained":[{"floor":6.0,"key":"Snake Skull"},{"floor":8.0,"key":"Bottled Flame"},{"floor":9.0,"key":"Juzu Bracelet"},{"floor":13.0,"key":"Bag of Preparation"},{"floor":20.0,"key":"Red Mask"},{"floor":26.0,"key":"Ancient Tea Set"},{"floor":43.0,"key":"Anchor"},{"floor":44.0,"key":"Bird Faced Urn"}],"event_choices":[{"damage_healed":0.0,"max_hp_gain":0.0,"max_hp_loss":0.0,"gold_gain":275.0,"event_name":"Golden Shrine","player_choice":"Desecrate","floor":2.0,"gold_loss":0.0,"damage_taken":0.0,"cards_obtained":["Regret"]},{"damage_healed":0.0,"max_hp_gain":0.0,"max_hp_loss":0.0,"gold_gain":0.0,"event_name":"Drug Dealer","player_choice":"Inject Mutagens","floor":19.0,"gold_loss":0.0,"damage_taken":0.0,"relics_obtained":["MutagenicStrength"]},{"damage_healed":0.0,"max_hp_gain":0.0,"max_hp_loss":0.0,"gold_gain":0.0,"event_name":"Masked Bandits","player_choice":"Fought Bandits","floor":20.0,"gold_loss":0.0,"damage_taken":0.0},{"damage_healed":0.0,"max_hp_gain":0.0,"max_hp_loss":0.0,"gold_gain":0.0,"event_name":"Mysterious Sphere","player_choice":"Ignored","floor":36.0,"gold_loss":0.0,"damage_taken":0.0},{"cards_removed":["Riddle With Holes"],"damage_healed":0.0,"max_hp_gain":0.0,"max_hp_loss":0.0,"gold_gain":0.0,"event_name":"Falling","player_choice":"Removed Attack","floor":38.0,"gold_loss":0.0,"damage_taken":0.0},{"cards_removed":["Strike_G"],"damage_healed":0.0,"max_hp_gain":0.0,"max_hp_loss":0.0,"gold_gain":0.0,"event_name":"Purifier","player_choice":"Purged","floor":39.0,"gold_loss":0.0,"damage_taken":0.0},{"damage_healed":0.0,"max_hp_gain":0.0,"max_hp_loss":0.0,"gold_gain":222.0,"event_name":"Tomb of Lord Red Mask","player_choice":"Wore Mask","floor":41.0,"gold_loss":0.0,"damage_taken":0.0}],"is_beta":false,"boss_relics":[{"not_picked":["Runic Dome","Black Star"],"picked":"Astrolabe"},{"not_picked":["Velvet Choker","Lizard Tail"],"picked":"Snecko Eye"}],"items_purged_floors":[3,14,47],"is_endless":false,"potions_floor_spawned":[1,8,20,22,29,31,33,42,48],"killed_by":"Donu and Deca","ascension_level":20}