{"gold_per_floor":[116,134,152,152,177,210,210,210,235,0,0,0,24,63,63,191,191,206,241,241,254,33,61,42,42,68,68,68,88,88,114,114,114],"floor_reached":33,"playtime":1567,"items_purged":[],"score":291,"play_id":"243da946-d7cf-40c0-9b55-3c9b21b14ab4","local_time":"20180705232925","is_ascension_mode":false,"campfire_choices":[{"floor":8,"key":"REST"},{"floor":15,"key":"REST"},{"data":"Combust","floor":25,"key":"SMITH"},{"floor":30,"key":"REST"},{"floor":32,"key":"REST"}],"neow_cost":"NONE","seed_source_timestamp":475867998521277,"circlet_count":0,"master_deck":["Strike_R+1","Strike_R","Strike_R","Strike_R+1","Strike_R","Defend_R","Defend_R","Defend_R","Bash","Twin Strike","Second Wind","Combust+1","Headbutt","Reckless Charge","Iron Wave","Dropkick","Rupture","Armaments","Impervious","Iron Wave","Pommel Strike","Demon Form","Inflame","Pommel Strike+1","Twin Strike","Thunderclap","Twin Strike+1"],"relics":["Runic Dome","Bloody Idol","Blood Vial","Strawberry","Centennial Puzzle","Anchor","Vajra","Black Star","Red Mask","Membership Card","Regal Pillow","Whetstone","Juzu Bracelet","Gambling Chip","Ice Cream"],"potions_floor_usage":[6,14,16,16],"damage_taken":[{"damage":0,"enemies":"2 Louse","floor":1,"turns":3},{"damage":0,"enemies":"Small Slimes","floor":2,"turns":3},{"damage":6,"enemies":"Cultist","floor":3,"turns":3},{"damage":11,"enemies":"2 Fungi Beasts","floor":5,"turns":3},{"damage":24,"enemies":"3 Sentries","floor":6,"turns":7},{"damage":7,"enemies":"Gremlin Gang","floor":13,"turns":3},{"damage":29,"enemies":"Lagavulin","floor":14,"turns":4},{"damage":15,"enemies":"Hexaghost","floor":16,"turns":7},{"damage":0,"enemies":"Chosen","floor":18,"turns":3},{"damage":29,"floor":19,"turns":5},{"damage":2,"enemies":"3 Byrds","floor":21,"turns":4},{"damage":35,"enemies":"Slavers","floor":23,"turns":6},{"damage":17,"enemies":"Snecko","floor":29,"turns":4},{"damage":39,"enemies":"Gremlin Leader","floor":31,"turns":4},{"damage":96,"enemies":"Champ","floor":33,"turns":7}],"seed_played":"3001302706469319392","potions_obtained":[{"floor":2,"key":"Poison Potion"},{"floor":5,"key":"SteroidPotion"},{"floor":6,"key":"Fruit Juice"},{"floor":14,"key":"Block Potion"},{"floor":18,"key":"Ancient Potion"},{"floor":19,"key":"Energy Potion"}],"is_trial":false,"path_per_floor":["M","M","M","?","M","E","?","R","T","$","?","?","M","E","R","B",null,"M","?","?","M","$","E","$","R","T","?","?","M","R","E","R"],"character_chosen":"IRONCLAD","items_purchased":["Centennial Puzzle","Dropkick","Membership Card","Inflame","Twin Strike"],"campfire_rested":4,"item_purchase_floors":[10,10,22,22,24],"current_hp_per_floor":[80,80,74,54,43,19,19,43,50,50,38,38,33,11,38,25,92,92,63,63,68,68,40,40,40,45,45,45,35,77,45,87,0],"gold":114,"neow_bonus":"BOSS_RELIC","is_prod":false,"is_daily":false,"chose_seed":false,"campfire_upgraded":1,"win_rate":0.0,"timestamp":1530847765,"path_taken":["M","M","M","?","M","E","?","R","T","$","?","?","M","E","R","BOSS","M","?","?","?","$","E","?","R","T","?","?","M","R","E","R","BOSS"],"build_version":"2018-07-05","purchased_purges":0,"victory":false,"max_hp_per_floor":[80,80,80,80,80,80,80,80,87,87,87,87,87,92,92,92,92,92,92,92,92,92,92,92,92,92,92,92,92,92,92,92,92],"card_choices":[{"not_picked":["Clash","Armaments"],"picked":"Twin Strike","floor":1},{"not_picked":["Clash","True Grit"],"picked":"Second Wind","floor":2},{"not_picked":["Clothesline","Warcry"],"picked":"Combust","floor":3},{"not_picked":["Entrench","Fire Breathing"],"picked":"Headbutt","floor":5},{"not_picked":["Burning Pact","Fire Breathing"],"picked":"Reckless Charge","floor":6},{"not_picked":["Clothesline","Shrug It Off"],"picked":"Rupture","floor":13},{"not_picked":["Warcry","Iron Wave"],"picked":"Armaments","floor":14},{"not_picked":["Fiend Fire","Double Tap"],"picked":"Impervious","floor":16},{"not_picked":["True Grit+1","Searing Blow"],"picked":"Iron Wave","floor":18},{"not_picked":["Second Wind","Inflame"],"picked":"Pommel Strike","floor":19},{"not_picked":["Rupture","Dropkick"],"picked":"Demon Form","floor":21},{"not_picked":["Twin Strike","Body Slam"],"picked":"Pommel Strike+1","floor":23},{"not_picked":["Rupture","Battle Trance"],"picked":"Thunderclap","floor":29},{"not_picked":["Berserk","Hemokinesis"],"picked":"Twin Strike+1","floor":31}],"player_experience":6236,"relics_obtained":[{"floor":6,"key":"Blood Vial"},{"floor":9,"key":"Strawberry"},{"floor":14,"key":"Vajra"},{"floor":19,"key":"Red Mask"},{"floor":23,"key":"Regal Pillow"},{"floor":23,"key":"Whetstone"},{"floor":26,"key":"Juzu Bracelet"},{"floor":31,"key":"Gambling Chip"},{"floor":31,"key":"Ice Cream"}],"event_choices":[{"event_name":"Golden Idol","player_choice":"Take Damage","floor":4,"damage_taken":0},{"event_name":"Transmorgrifier","player_choice":"Transform","floor":7,"damage_taken":0},{"event_name":"Scrap Ooze","player_choice":"success","floor":11,"damage_taken":12},{"event_name":"The Cleric","player_choice":"Leave","floor":12,"damage_taken":0},{"event_name":"Masked Bandits","player_choice":"Fought over 206 gold","floor":19,"damage_taken":0},{"event_name":"Forgotten Altar","player_choice":"Gave Idol","floor":20,"damage_taken":0},{"event_name":"Drug Dealer","player_choice":"Ignored","floor":27,"damage_taken":0},{"event_name":"Addict","player_choice":"Ignored","floor":28,"damage_taken":0}],"boss_relics":[{"not_picked":["Calling Bell","Coffee Dripper"],"picked":"Black Star"}],"items_purged_floors":[],"is_endless":false,"potions_floor_spawned":[2,5,6,14,18,19],"killed_by":"Champ","ascension_level":0}