{"gold_per_floor":[18,30,48,2,21,47,62,19,19,19,19,30,30,30,30,104,104,117,130,42,42,92,92,108,108,134,147,17,37,37,50,50,124,124,144,163,180,191,206,206,226,240,293,293,293,206,217,56,56,56],"floor_reached":51,"playtime":5590,"items_purged":["Strike_G+1"],"score":1254,"play_id":"14db58fc-a96b-4675-924b-c088e0ae13ef","local_time":"20190205185936","is_ascension_mode":true,"campfire_choices":[{"data":"Catalyst","floor":11.0,"key":"SMITH"},{"floor":13.0,"key":"REST"},{"data":"After Image","floor":15.0,"key":"SMITH"},{"data":"Neutralize","floor":23.0,"key":"SMITH"},{"data":"Survivor","floor":25.0,"key":"SMITH"},{"floor":30.0,"key":"REST"},{"floor":32.0,"key":"REST"},{"floor":40.0,"key":"REST"},{"floor":44.0,"key":"REST"},{"floor":49,"key":"REST"}],"neow_cost":"NO_GOLD","seed_source_timestamp":577502939894983,"circlet_count":0,"master_deck":["AscendersBane","Defend_G+1","Defend_G+1","Defend_G+1","Defend_G+1","Defend_G+1","Strike_G+1","Strike_G+1","Strike_G+1","Strike_G+1","Survivor+1","Neutralize+1","After Image+1","Poisoned Stab","Backstab","Catalyst+1","Poisoned Stab+1","Noxious Fumes+1","Crippling Poison+1","Unload","Acrobatics+1","Bouncing Flask+1","Leg Sweep+1","Deadly Poison+1","Distraction+1","Bandage Up+1","Prepared+1","Crippling Poison+1","Backflip+1","Night Terror+1","Deflect+1","Blur+1","PiercingWail+1","Dodge and Roll+1","Deflect+1","Catalyst+1","Dodge and Roll+1","Backflip+1","Dodge and Roll+1","Catalyst+1","Bouncing Flask+1"],"special_seed":0,"relics":["Ring of the Snake","Darkstone Periapt","Toxic Egg 2","Letter Opener","Sozu","Bag of Marbles","Orrery","Blood Vial"],"potions_floor_usage":[],"damage_taken":[{"damage":0.0,"enemies":"2 Louse","floor":1.0,"turns":3.0},{"damage":6.0,"enemies":"Small Slimes","floor":2.0,"turns":4.0},{"damage":0.0,"enemies":"Jaw Worm","floor":3.0,"turns":6.0},{"damage":0.0,"enemies":"Blue Slaver","floor":5.0,"turns":3.0},{"damage":16.0,"enemies":"Lagavulin","floor":6.0,"turns":6.0},{"damage":19.0,"enemies":"Exordium Thugs","floor":7.0,"turns":7.0},{"damage":15.0,"enemies":"Gremlin Gang","floor":12.0,"turns":4.0},{"damage":2.0,"enemies":"Hexaghost","floor":16.0,"turns":8.0},{"damage":2.0,"enemies":"3 Byrds","floor":18.0,"turns":4.0},{"damage":1.0,"enemies":"Chosen","floor":19.0,"turns":4.0},{"damage":0.0,"enemies":"Snake Plant","floor":24.0,"turns":4.0},{"damage":3.0,"enemies":"Centurion and Healer","floor":27.0,"turns":5.0},{"damage":9.0,"enemies":"Chosen and Byrds","floor":29.0,"turns":6.0},{"damage":16.0,"enemies":"Shelled Parasite and Fungi","floor":31.0,"turns":6.0},{"damage":38.0,"enemies":"Champ","floor":33.0,"turns":9.0},{"damage":0.0,"enemies":"Orb Walker","floor":35.0,"turns":4.0},{"damage":2.0,"enemies":"3 Darklings","floor":36.0,"turns":3.0},{"damage":15.0,"enemies":"Jaw Worm Horde","floor":37.0,"turns":7.0},{"damage":20.0,"enemies":"Maw","floor":38.0,"turns":7.0},{"damage":21.0,"enemies":"Spire Growth","floor":39.0,"turns":4.0},{"damage":22.0,"enemies":"3 Darklings","floor":41.0,"turns":6.0},{"damage":11.0,"enemies":"4 Shapes","floor":42.0,"turns":4.0},{"damage":2,"enemies":"Writhing Mass","floor":47,"turns":5},{"damage":51,"enemies":"Awakened One","floor":50,"turns":13}],"seed_played":"-4429915040751901926","potions_obtained":[{"floor":2.0,"key":"Poison Potion"},{"floor":3.0,"key":"Block Potion"},{"floor":5.0,"key":"Poison Potion"},{"floor":16.0,"key":"FairyPotion"}],"is_trial":false,"path_per_floor":["M","M","M","?","M","E","M","$","T","?","R","M","R","?","R","B",null,"M","M","$","?","?","R","M","R","T","M","$","M","R","M","R","B",null,"M","M","M","M","M","R","M","M","T","R","?","$","M","$","R","B",null],"character_chosen":"THE_SILENT","items_purchased":["Noxious Fumes","Leg Sweep+1","Bandage Up+1","Prepared+1","Catalyst+1","Bouncing Flask+1"],"campfire_rested":6,"item_purchase_floors":[8,20,28,28,46,48],"current_hp_per_floor":[59,53,53,53,53,37,18,18,18,18,18,3,22,11,11,9,52,50,49,49,49,49,49,49,49,49,46,46,43,62,52,66,34,58,58,56,47,51,30,49,33,28,28,47,47,47,53,53,66,21],"gold":56,"neow_bonus":"THREE_RARE_CARDS","is_prod":false,"is_daily":false,"chose_seed":false,"campfire_upgraded":4,"win_rate":0,"timestamp":1549411176,"path_taken":["M","M","M","?","M","E","M","$","T","?","R","M","R","?","R","BOSS","M","M","$","?","?","R","M","R","T","M","?","M","R","M","R","BOSS","M","M","M","M","M","R","M","M","T","R","?","?","M","$","R","BOSS"],"build_version":"2019-01-23","purchased_purges":1,"victory":true,"max_hp_per_floor":[66,66,66,66,66,66,66,66,66,66,66,66,66,66,66,66,66,66,66,66,66,66,66,66,66,66,66,66,66,66,66,66,66,66,66,66,66,66,66,66,66,66,66,66,66,66,66,66,66,66],"card_choices":[{"not_picked":["Phantasmal Killer","Night Terror"],"picked":"After Image","floor":0.0},{"not_picked":["Prepared","Terror"],"picked":"Poisoned Stab","floor":1.0},{"not_picked":["Tactician","PiercingWail","Setup"],"picked":"SKIP","floor":2.0},{"not_picked":["Endless Agony","Eviscerate"],"picked":"Backstab","floor":3.0},{"not_picked":["Quick Slash","Acrobatics"],"picked":"Catalyst","floor":5.0},{"not_picked":["After Image","Cloak And Dagger"],"picked":"Poisoned Stab","floor":6.0},{"not_picked":["Underhanded Strike","Heel Hook","Finisher"],"picked":"SKIP","floor":7.0},{"not_picked":["Flying Knee","Bane"],"picked":"Crippling Poison+1","floor":12.0},{"not_picked":["A Thousand Cuts","Wraith Form v2"],"picked":"Unload","floor":16.0},{"not_picked":["Quick Slash+1","Endless Agony"],"picked":"Acrobatics+1","floor":18.0},{"not_picked":["Dagger Throw","Dagger Spray+1"],"picked":"Bouncing Flask+1","floor":19.0},{"not_picked":["Dodge and Roll+1","Sucker Punch"],"picked":"Deadly Poison+1","floor":24.0},{"not_picked":["Masterful Stab","Deadly Poison+1"],"picked":"Distraction+1","floor":27.0},{"not_picked":["Finisher","Deadly Poison+1"],"picked":"Crippling Poison+1","floor":29.0},{"not_picked":["Heel Hook","Eviscerate"],"picked":"Backflip+1","floor":31.0},{"not_picked":["Bullet Time+1","Venomology+1"],"picked":"Night Terror+1","floor":33.0},{"not_picked":["Cloak And Dagger+1","Slice+1"],"picked":"Deflect+1","floor":34.0},{"not_picked":["Underhanded Strike","Cloak And Dagger+1"],"picked":"Blur+1","floor":34.0},{"not_picked":["Dagger Throw","Bouncing Flask+1"],"picked":"PiercingWail+1","floor":34.0},{"not_picked":["Flying Knee","Underhanded Strike"],"picked":"Dodge and Roll+1","floor":34.0},{"not_picked":["Backstab+1","Predator"],"picked":"Deflect+1","floor":35.0},{"not_picked":["Blade Dance+1","Dagger Throw"],"picked":"Catalyst+1","floor":36.0},{"not_picked":["Bullet Time+1","Blade Dance+1","Outmaneuver+1"],"picked":"SKIP","floor":37.0},{"not_picked":["Cloak And Dagger+1","Flying Knee+1","Caltrops"],"picked":"SKIP","floor":38.0},{"not_picked":["Outmaneuver+1","Glass Knife"],"picked":"Dodge and Roll+1","floor":39.0},{"not_picked":["Slice","Accuracy"],"picked":"Backflip+1","floor":41.0},{"not_picked":["Slice","Underhanded Strike"],"picked":"Dodge and Roll+1","floor":42.0},{"not_picked":["Flying Knee","Terror+1","Deadly Poison+1"],"picked":"SKIP","floor":47}],"player_experience":625286,"relics_obtained":[{"floor":6.0,"key":"Darkstone Periapt"},{"floor":9.0,"key":"Toxic Egg 2"},{"floor":26.0,"key":"Bag of Marbles"},{"floor":43.0,"key":"Blood Vial"}],"event_choices":[{"damage_healed":0.0,"max_hp_gain":0.0,"max_hp_loss":0.0,"gold_gain":0.0,"event_name":"World of Goop","player_choice":"Left Gold","floor":4.0,"gold_loss":46.0,"damage_taken":0.0},{"damage_healed":0.0,"max_hp_gain":0.0,"max_hp_loss":0.0,"gold_gain":0.0,"event_name":"Living Wall","player_choice":"Grow","floor":10.0,"gold_loss":0.0,"damage_taken":0.0,"cards_upgraded":["Noxious Fumes"]},{"damage_healed":0.0,"max_hp_gain":0.0,"max_hp_loss":0.0,"gold_gain":0.0,"event_name":"Scrap Ooze","player_choice":"Success","floor":14.0,"gold_loss":0.0,"damage_taken":11.0,"relics_obtained":["Letter Opener"]},{"damage_healed":0.0,"max_hp_gain":0.0,"max_hp_loss":0.0,"gold_gain":0.0,"event_name":"Back to Basics","player_choice":"Simplicity","floor":21.0,"gold_loss":0.0,"damage_taken":0.0,"cards_upgraded":["Defend_G","Defend_G","Defend_G","Defend_G","Defend_G","Strike_G","Strike_G","Strike_G","Strike_G","Strike_G"]},{"damage_healed":0.0,"max_hp_gain":0.0,"max_hp_loss":0.0,"gold_gain":50.0,"event_name":"Nest","player_choice":"Stole From Cult","floor":22.0,"gold_loss":0.0,"damage_taken":0.0},{"damage_healed":0.0,"max_hp_gain":0.0,"max_hp_loss":0.0,"gold_gain":0.0,"event_name":"Accursed Blacksmith","player_choice":"Forge","floor":45.0,"gold_loss":0.0,"damage_taken":0.0,"cards_upgraded":["Poisoned Stab"]}],"is_beta":false,"boss_relics":[{"not_picked":["Eternal Feather","Ectoplasm"],"picked":"Sozu"},{"not_picked":["Velvet Choker","Snecko Eye"],"picked":"Orrery"}],"items_purged_floors":[48],"is_endless":false,"potions_floor_spawned":[2,3,5,16,27,35,37,41,42],"ascension_level":19}