{"gold_per_floor":[109,127,127,141,91,118,118,133,133,133,153,179,209,222,222,327,327,345,105,105,30,30,30],"floor_reached":23,"playtime":1250,"items_purged":["Barricade"],"score":333,"play_id":"c5f7bef8-c6dd-437e-b409-ee447863b0c4","local_time":"20181030180658","is_ascension_mode":true,"campfire_choices":[{"data":"Heavy Blade","floor":7,"key":"SMITH"},{"data":"Feed","floor":10,"key":"SMITH"},{"floor":15,"key":"REST"}],"neow_cost":"PERCENT_DAMAGE","seed_source_timestamp":218912246325191,"circlet_count":0,"master_deck":["Strike_R","Strike_R","Defend_R","Defend_R","Defend_R","Defend_R","Bash","AscendersBane","Feed+1","Cleave","Ghostly Armor","Spot Weakness","Heavy Blade+1","Headbutt","Demon Form","True Grit","Double Tap","Shrug It Off+1"],"relics":["Burning Blood","Boot","Sundial","Du-Vu Doll","Tiny Chest","Cursed Key","Blue Candle","Nilry\u0027s Codex"],"potions_floor_usage":[11,12,23],"damage_taken":[{"damage":2,"enemies":"2 Louse","floor":1,"turns":4},{"damage":6,"enemies":"Cultist","floor":2,"turns":4},{"damage":12,"enemies":"Small Slimes","floor":4,"turns":4},{"damage":20,"enemies":"3 Sentries","floor":6,"turns":7},{"damage":7,"enemies":"Red Slaver","floor":8,"turns":4},{"damage":19,"enemies":"Exordium Thugs","floor":11,"turns":5},{"damage":32,"enemies":"Gremlin Nob","floor":12,"turns":5},{"damage":6,"enemies":"Blue Slaver","floor":14,"turns":4},{"damage":35,"enemies":"Slime Boss","floor":16,"turns":8},{"damage":28,"enemies":"3 Byrds","floor":18,"turns":5},{"damage":56,"enemies":"Slavers","floor":23,"turns":4}],"seed_played":"-2943084486652907095","potions_obtained":[{"floor":4,"key":"GamblersBrew"},{"floor":6,"key":"Energy Potion"},{"floor":8,"key":"PowerPotion"},{"floor":11,"key":"SkillPotion"},{"floor":12,"key":"Fruit Juice"}],"is_trial":false,"path_per_floor":["M","M","?","M","?","E","R","M","T","R","M","E","T","M","R","B",null,"M","$","?","$","?"],"character_chosen":"IRONCLAD","items_purchased":["Blue Candle"],"campfire_rested":1,"item_purchase_floors":[19],"current_hp_per_floor":[58,61,61,58,58,47,47,46,46,46,37,16,16,16,46,17,80,62,62,62,62,46,0],"gold":30,"neow_bonus":"THREE_RARE_CARDS","is_prod":false,"is_daily":false,"chose_seed":false,"campfire_upgraded":2,"win_rate":0,"timestamp":1540937218,"path_taken":["M","M","?","?","?","E","R","M","T","R","?","E","?","?","R","BOSS","M","$","?","$","?","E"],"build_version":"2018-10-25v2","purchased_purges":1,"victory":false,"max_hp_per_floor":[83,86,86,89,89,92,92,92,92,92,96,101,101,101,101,101,101,105,105,105,105,105,105],"card_choices":[{"not_picked":["Limit Break","Bludgeon"],"picked":"Feed","floor":0},{"not_picked":["Pommel Strike","Second Wind"],"picked":"Cleave","floor":1},{"not_picked":["Corruption","Second Wind"],"picked":"Ghostly Armor","floor":2},{"not_picked":["Searing Blow","Armaments"],"picked":"Spot Weakness","floor":4},{"not_picked":["Shrug It Off","Warcry"],"picked":"Heavy Blade","floor":6},{"not_picked":["Entrench","Body Slam"],"picked":"Headbutt","floor":8},{"not_picked":["Clash","Perfected Strike","Warcry"],"picked":"SKIP","floor":11},{"not_picked":["Shrug It Off","True Grit"],"picked":"Demon Form","floor":12},{"not_picked":["Warcry","Reckless Charge"],"picked":"True Grit","floor":14},{"not_picked":["Fiend Fire","Immolate"],"picked":"Double Tap","floor":16},{"not_picked":["Pummel","Flame Barrier"],"picked":"Shrug It Off+1","floor":18}],"player_experience":399854,"relics_obtained":[{"floor":6,"key":"Boot"},{"floor":9,"key":"Sundial"},{"floor":12,"key":"Du-Vu Doll"},{"floor":13,"key":"Tiny Chest"},{"floor":22,"key":"Nilry\u0027s Codex"}],"event_choices":[{"cards_removed":["Strike_R"],"damage_healed":0,"gold_gain":0,"player_choice":"Purged","damage_taken":0,"max_hp_gain":0,"max_hp_loss":0,"event_name":"Purifier","floor":3,"gold_loss":0},{"cards_removed":["Strike_R"],"damage_healed":0,"gold_gain":0,"player_choice":"Card Removal","damage_taken":0,"max_hp_gain":0,"max_hp_loss":0,"event_name":"The Cleric","floor":5,"gold_loss":50},{"damage_healed":0,"gold_gain":0,"cards_transformed":["Strike_R"],"player_choice":"Transformed","damage_taken":0,"max_hp_gain":0,"max_hp_loss":0,"event_name":"Transmorgrifier","floor":20,"gold_loss":0,"cards_obtained":["Barricade"]},{"damage_healed":0,"gold_gain":0,"player_choice":"Obtained Book","damage_taken":16,"max_hp_gain":0,"max_hp_loss":0,"event_name":"Cursed Tome","floor":22,"gold_loss":0}],"is_beta":false,"boss_relics":[{"not_picked":["Sozu","White Beast Statue"],"picked":"Cursed Key"}],"items_purged_floors":[21],"is_endless":false,"potions_floor_spawned":[4,6,8,11,12],"killed_by":"Slavers","ascension_level":11}