{"gold_per_floor":[110,60,75,87,53,81,95,126,175,175,175,195,215,227,227,327,327,343,354,354,373,386,386,32,46,70,99,126,167,179,217,229,336,348,379,391,37,51,61,61,96,96,142,142,169,187,187,216,216,216],"floor_reached":51,"playtime":2860,"items_purged":["Defend_G","Defend_G"],"score":1047,"play_id":"3169e6f9-7c86-451a-84d8-adef87e861e2","local_time":"20190426005201","is_ascension_mode":true,"campfire_choices":[{"data":"Noxious Fumes","floor":11,"key":"SMITH"},{"floor":15,"key":"REST"},{"data":"Catalyst","floor":23,"key":"SMITH"},{"floor":32,"key":"REST"},{"floor":40,"key":"REST"},{"floor":42,"key":"REST"},{"floor":47,"key":"REST"},{"data":"Caltrops","floor":49,"key":"SMITH"}],"neow_cost":"NONE","seed_source_timestamp":529447909391458,"circlet_count":0,"master_deck":["Defend_G+1","Defend_G+1","Strike_G+1","Strike_G+1","Strike_G+1","Survivor+1","Neutralize+1","Bane+1","Riddle With Holes+1","Sucker Punch+1","Noxious Fumes+1","Corpse Explosion+1","Backflip+1","Catalyst+1","Footwork+1","Wraith Form v2+1","Acrobatics+1","Sucker Punch+1","Bouncing Flask+1","Poisoned Stab+1","Writhe","Envenom+1","Sadistic Nature+1","Prepared+1","Caltrops+1"],"relics":["Ring of the Snake","Snake Skull","Question Card","Strawberry","Busted Crown","Membership Card","PreservedInsect","MawBank","Smiling Mask","Bag of Preparation","Boot","Snecko Eye","Juzu Bracelet","Toy Ornithopter","Dodecahedron","Blood Vial","Mark of the Bloom","Ancient Tea Set","Toxic Egg 2"],"potions_floor_usage":[6,7,8,16,19,21,28,31,33,39,46,46],"damage_taken":[{"damage":0,"enemies":"2 Louse","floor":1,"turns":3},{"damage":1,"enemies":"Jaw Worm","floor":3,"turns":5},{"damage":0,"enemies":"Cultist","floor":4,"turns":3},{"damage":21,"enemies":"Lagavulin","floor":6,"turns":7},{"damage":6,"enemies":"3 Louse","floor":7,"turns":3},{"damage":20,"enemies":"3 Sentries","floor":8,"turns":3},{"damage":0,"enemies":"Lots of Slimes","floor":12,"turns":1},{"damage":8,"enemies":"Exordium Wildlife","floor":13,"turns":4},{"damage":0,"enemies":"3 Louse","floor":14,"turns":1},{"damage":5,"enemies":"The Guardian","floor":16,"turns":6},{"damage":1,"enemies":"Shell Parasite","floor":18,"turns":5},{"damage":8,"enemies":"2 Thieves","floor":19,"turns":4},{"damage":1,"enemies":"Cultist and Chosen","floor":21,"turns":4},{"damage":3,"enemies":"Centurion and Healer","floor":22,"turns":5},{"damage":20,"enemies":"Snecko","floor":25,"turns":5},{"damage":13,"enemies":"Shelled Parasite and Fungi","floor":27,"turns":7},{"damage":4,"enemies":"Snake Plant","floor":28,"turns":4},{"damage":0,"enemies":"Gremlin Leader","floor":29,"turns":4},{"damage":0,"enemies":"Slavers","floor":31,"turns":1},{"damage":44,"enemies":"Collector","floor":33,"turns":7},{"damage":9,"enemies":"3 Shapes","floor":35,"turns":3},{"damage":16,"enemies":"Orb Walker","floor":38,"turns":4},{"damage":24,"enemies":"Jaw Worm Horde","floor":39,"turns":3},{"damage":1,"enemies":"Giant Head","floor":41,"turns":4},{"damage":0,"enemies":"Transient","floor":46,"turns":5},{"damage":5,"enemies":"Nemesis","floor":48,"turns":3},{"damage":49,"enemies":"Awakened One","floor":50,"turns":9}],"seed_played":"8182633743723854725","potions_obtained":[{"floor":3,"key":"Energy Potion"},{"floor":6,"key":"SpeedPotion"},{"floor":7,"key":"Strength Potion"},{"floor":8,"key":"PowerPotion"},{"floor":12,"key":"Dexterity Potion"},{"floor":19,"key":"Poison Potion"},{"floor":21,"key":"FearPotion"},{"floor":27,"key":"LiquidBronze"},{"floor":33,"key":"Strength Potion"},{"floor":48,"key":"Explosive Potion"}],"is_trial":false,"path_per_floor":["M","?","M","M","$","E","M","E","T","?","R","M","M","M","R","B",null,"M","M","?","M","M","R","$","M","T","M","M","E","?","E","R","B",null,"M","?","$","M","M","R","E","R","T","?","T","M","R","E","R","B",null],"character_chosen":"THE_SILENT","items_purchased":["Noxious Fumes","Membership Card","PreservedInsect","EssenceOfSteel","Juzu Bracelet","Sadistic Nature","Toy Ornithopter","Strength Potion","Dexterity Potion"],"campfire_rested":5,"item_purchase_floors":[5,24,24,24,37,37,37,37,37],"current_hp_per_floor":[70,70,69,69,69,48,42,22,29,29,29,29,21,21,46,41,73,72,64,64,63,60,60,60,40,40,27,23,23,23,23,48,4,64,55,55,55,39,20,45,44,69,69,69,69,69,69,64,64,15],"gold":216,"neow_bonus":"TEN_PERCENT_HP_BONUS","is_prod":false,"is_daily":false,"chose_seed":false,"campfire_upgraded":3,"win_rate":0,"timestamp":1556236321,"path_taken":["M","?","M","M","$","E","M","E","T","?","R","M","?","M","R","BOSS","M","M","?","M","M","R","$","M","T","?","M","E","?","E","R","BOSS","M","?","$","M","M","R","E","R","T","?","?","M","R","E","R","BOSS"],"build_version":"2019-01-23","purchased_purges":2,"victory":true,"max_hp_per_floor":[77,77,77,77,77,77,77,77,84,84,84,84,84,84,84,84,84,84,84,84,84,84,84,84,84,84,84,84,84,84,84,84,84,84,84,84,84,84,84,84,84,84,84,84,84,84,84,84,84,84],"card_choices":[{"not_picked":["Outmaneuver","Prepared"],"picked":"Bane","floor":1},{"not_picked":["Dodge and Roll","Prepared"],"picked":"Riddle With Holes","floor":3},{"not_picked":["Doppelganger","Terror"],"picked":"Sucker Punch","floor":4},{"not_picked":["Flying Knee","Deflect"],"picked":"Corpse Explosion","floor":6},{"not_picked":["Tactician","Distraction","Dodge and Roll"],"picked":"SKIP","floor":7},{"not_picked":["Cloak And Dagger","Quick Slash"],"picked":"Backflip","floor":8},{"not_picked":["Bane","Eviscerate","Poisoned Stab"],"picked":"Catalyst","floor":12},{"not_picked":["Cloak And Dagger","Deadly Poison","Crippling Poison","Escape Plan"],"picked":"SKIP","floor":13},{"not_picked":["Unload","Backflip","Dodge and Roll"],"picked":"Footwork","floor":14},{"not_picked":["After Image","Venomology","Burst"],"picked":"Wraith Form v2","floor":16},{"not_picked":["Deadly Poison","PiercingWail"],"picked":"SKIP","floor":18},{"not_picked":["Expertise"],"picked":"Acrobatics","floor":19},{"not_picked":["Slice+1","Accuracy+1"],"picked":"SKIP","floor":21},{"not_picked":["Bane"],"picked":"Sucker Punch+1","floor":22},{"not_picked":["Dagger Spray","Cloak And Dagger"],"picked":"SKIP","floor":25},{"not_picked":["Poisoned Stab"],"picked":"Bouncing Flask","floor":27},{"not_picked":["Eviscerate+1","Flying Knee"],"picked":"SKIP","floor":28},{"not_picked":["Cloak And Dagger"],"picked":"Poisoned Stab+1","floor":29},{"not_picked":["Dodge and Roll","Adrenaline"],"picked":"SKIP","floor":31},{"not_picked":["Grand Finale"],"picked":"Envenom","floor":33},{"not_picked":["Slice","PiercingWail"],"picked":"SKIP","floor":35},{"not_picked":["Sucker Punch+1","Masterful Stab+1"],"picked":"SKIP","floor":38},{"not_picked":["Blade Dance","Deadly Poison"],"picked":"SKIP","floor":39},{"not_picked":["Masterful Stab+1","Acrobatics"],"picked":"SKIP","floor":41},{"not_picked":["Dagger Spray"],"picked":"Prepared+1","floor":46},{"not_picked":["Finisher"],"picked":"Caltrops","floor":48}],"player_experience":536592,"relics_obtained":[{"floor":6,"key":"Snake Skull"},{"floor":8,"key":"Question Card"},{"floor":9,"key":"Strawberry"},{"floor":26,"key":"MawBank"},{"floor":29,"key":"Smiling Mask"},{"floor":31,"key":"Boot"},{"floor":41,"key":"Dodecahedron"},{"floor":43,"key":"Blood Vial"},{"floor":45,"key":"Ancient Tea Set"},{"floor":48,"key":"Toxic Egg 2"}],"event_choices":[{"cards_removed":["Strike_G"],"damage_healed":0,"gold_gain":0,"player_choice":"Card Removal","damage_taken":0,"max_hp_gain":0,"max_hp_loss":0,"event_name":"The Cleric","floor":2,"gold_loss":50},{"cards_removed":["Strike_G"],"damage_healed":0,"gold_gain":0,"player_choice":"Purged","damage_taken":0,"max_hp_gain":0,"max_hp_loss":0,"event_name":"Purifier","floor":10,"gold_loss":0},{"cards_removed":["Defend_G"],"damage_healed":0,"gold_gain":0,"player_choice":"Offered Basic","damage_taken":0,"max_hp_gain":0,"max_hp_loss":0,"event_name":"Bonfire Elementals","floor":20,"gold_loss":0},{"damage_healed":0,"gold_gain":0,"player_choice":"Opened","damage_taken":0,"relics_obtained":["Bag of Preparation"],"max_hp_gain":0,"max_hp_loss":0,"event_name":"The Mausoleum","floor":30,"gold_loss":0,"cards_obtained":["Writhe"]},{"damage_healed":0,"gold_gain":0,"player_choice":"Ignored","damage_taken":0,"max_hp_gain":0,"max_hp_loss":0,"event_name":"Tomb of Lord Red Mask","floor":36,"gold_loss":0},{"damage_healed":0,"gold_gain":0,"player_choice":"Upgrade","damage_taken":0,"relics_obtained":["Mark of the Bloom"],"max_hp_gain":0,"max_hp_loss":0,"event_name":"MindBloom","floor":44,"gold_loss":0,"cards_upgraded":["Defend_G","Defend_G","Strike_G","Strike_G","Strike_G","Survivor","Neutralize","Bane","Riddle With Holes","Sucker Punch","Corpse Explosion","Backflip","Footwork","Wraith Form v2","Acrobatics","Bouncing Flask","Envenom","Sadistic Nature"]}],"is_beta":false,"boss_relics":[{"not_picked":["Runic Pyramid","Runic Dome"],"picked":"Busted Crown"},{"not_picked":["Calling Bell","Philosopher\u0027s Stone"],"picked":"Snecko Eye"}],"items_purged_floors":[24,37],"is_endless":false,"potions_floor_spawned":[3,6,7,8,12,19,21,27,33,38,48],"ascension_level":6}