{"gold_per_floor":[112,124,124,134,151,181,181,181,211,136,136,152,69,99,99,175,175,175,175,175,136,136,136,136,136,136,136,136,136,136,136,136,136],"floor_reached":33,"playtime":2038,"items_purged":["Strike_R"],"score":594,"play_id":"fa1044d2-a0cf-4320-b126-e2aa29bb60d5","local_time":"20190405070920","is_ascension_mode":true,"campfire_choices":[{"data":"Whirlwind","floor":8.0,"key":"SMITH"},{"data":"Fiend Fire","floor":11.0,"key":"SMITH"},{"data":"Dark Embrace","floor":15.0,"key":"SMITH"},{"floor":24.0,"key":"REST"},{"data":"Limit Break","floor":30.0,"key":"SMITH"},{"data":"Uppercut","floor":32,"key":"SMITH"}],"neow_cost":"NONE","seed_source_timestamp":560408831179261,"circlet_count":0,"master_deck":["AscendersBane","Strike_R","Strike_R","Strike_R","Defend_R","Defend_R","Defend_R","Defend_R","Bash","Dark Embrace+1","Wild Strike","Uppercut+1","Perfected Strike","Whirlwind+1","Fiend Fire+1","Limit Break+1","Metallicize","Flame Barrier","Feel No Pain","Impervious","True Grit","Inflame","Spot Weakness","Seeing Red","Sword Boomerang","Reaper"],"special_seed":0,"relics":["Burning Blood","Lantern","Tiny Chest","Pantograph","Ectoplasm","Bird Faced Urn","Vajra","Paper Frog","Darkstone Periapt"],"potions_floor_usage":[33],"damage_taken":[{"damage":16.0,"enemies":"Jaw Worm","floor":1.0,"turns":5.0},{"damage":8.0,"enemies":"Small Slimes","floor":2.0,"turns":4.0},{"damage":0.0,"enemies":"Cultist","floor":4.0,"turns":2.0},{"damage":10.0,"enemies":"2 Fungi Beasts","floor":5.0,"turns":4.0},{"damage":30.0,"enemies":"Gremlin Nob","floor":6.0,"turns":4.0},{"damage":9.0,"enemies":"Exordium Wildlife","floor":12.0,"turns":4.0},{"damage":21.0,"enemies":"3 Sentries","floor":14.0,"turns":8.0},{"damage":30.0,"enemies":"Slime Boss","floor":16.0,"turns":10.0},{"damage":21.0,"enemies":"Spheric Guardian","floor":18.0,"turns":5.0},{"damage":14.0,"enemies":"Shell Parasite","floor":19.0,"turns":6.0},{"damage":9.0,"enemies":"Cultist and Chosen","floor":20.0,"turns":4.0},{"damage":40.0,"enemies":"Gremlin Leader","floor":23.0,"turns":4.0},{"damage":13.0,"enemies":"Snecko","floor":25.0,"turns":5.0},{"damage":3.0,"enemies":"Chosen and Byrds","floor":27.0,"turns":6.0},{"damage":29.0,"enemies":"Book of Stabbing","floor":29.0,"turns":4.0},{"damage":0,"enemies":"Sentry and Sphere","floor":31,"turns":3},{"damage":107,"enemies":"Automaton","floor":33,"turns":10}],"seed_played":"5532978219365395691","potions_obtained":[{"floor":2.0,"key":"FairyPotion"},{"floor":12.0,"key":"Strength Potion"},{"floor":14.0,"key":"SneckoOil"},{"floor":16.0,"key":"FearPotion"},{"floor":25.0,"key":"BloodPotion"},{"floor":27.0,"key":"AttackPotion"}],"is_trial":false,"path_per_floor":["M","M","?","M","M","E","?","R","T","$","R","M","$","E","R","B",null,"M","M","M","$","?","E","R","M","T","M","T","E","R","M","R","B"],"character_chosen":"IRONCLAD","items_purchased":["Flame Barrier","Spot Weakness"],"campfire_rested":1,"item_purchase_floors":[13,21],"current_hp_per_floor":[58,56,56,62,58,34,34,34,34,34,34,31,31,16,16,17,61,46,38,35,35,50,16,38,35,35,38,38,19,19,25,25,0],"gold":136,"neow_bonus":"TRANSFORM_CARD","is_prod":false,"is_daily":false,"chose_seed":false,"campfire_upgraded":5,"win_rate":0,"timestamp":1554466160,"path_taken":["M","M","?","M","M","E","?","R","T","$","R","M","$","E","R","BOSS","M","M","?","$","?","E","R","M","T","M","?","E","R","?","R","BOSS"],"build_version":"2019-01-23","purchased_purges":1,"victory":false,"max_hp_per_floor":[75,75,75,75,75,75,75,75,75,75,75,75,75,75,75,75,75,75,75,75,75,75,75,75,75,75,75,75,75,75,75,75,75],"card_choices":[{"not_picked":["Havoc","Second Wind"],"picked":"Wild Strike","floor":1.0},{"not_picked":["Thunderclap","Body Slam"],"picked":"Uppercut","floor":2.0},{"not_picked":["Body Slam","Dropkick"],"picked":"Perfected Strike","floor":4.0},{"not_picked":["Wild Strike","Twin Strike"],"picked":"Whirlwind","floor":5.0},{"not_picked":["Second Wind","Flex"],"picked":"Fiend Fire","floor":6.0},{"not_picked":["Anger","Ghostly Armor"],"picked":"Metallicize","floor":12.0},{"not_picked":["Anger","Seeing Red"],"picked":"Feel No Pain","floor":14.0},{"not_picked":["Berserk","Dark Embrace"],"picked":"Impervious","floor":16.0},{"not_picked":["Heavy Blade","Pommel Strike","Anger"],"picked":"SKIP","floor":18.0},{"not_picked":["Heavy Blade","Pommel Strike","Anger"],"picked":"SKIP","floor":18.0},{"not_picked":["Burning Pact","Dual Wield"],"picked":"True Grit","floor":19.0},{"not_picked":["Flex+1","Iron Wave"],"picked":"Inflame","floor":20.0},{"not_picked":["Clash","Flex"],"picked":"Seeing Red","floor":23.0},{"not_picked":["Thunderclap+1","Warcry","Entrench"],"picked":"SKIP","floor":25.0},{"not_picked":["Thunderclap+1","Warcry","Entrench"],"picked":"SKIP","floor":25.0},{"not_picked":["Iron Wave","Warcry"],"picked":"Sword Boomerang","floor":27.0},{"not_picked":["Double Tap","Flame Barrier"],"picked":"Reaper","floor":29.0},{"not_picked":["Twin Strike","Rampage","Searing Blow"],"picked":"SKIP","floor":31}],"player_experience":998445,"relics_obtained":[{"floor":6.0,"key":"Lantern"},{"floor":9.0,"key":"Tiny Chest"},{"floor":14.0,"key":"Pantograph"},{"floor":23.0,"key":"Bird Faced Urn"},{"floor":26.0,"key":"Vajra"},{"floor":28.0,"key":"Paper Frog"},{"floor":29.0,"key":"Darkstone Periapt"}],"event_choices":[{"damage_healed":0.0,"max_hp_gain":0.0,"max_hp_loss":0.0,"gold_gain":0.0,"event_name":"Liars Game","player_choice":"Ignored","floor":3.0,"gold_loss":0.0,"damage_taken":0.0},{"damage_healed":0.0,"max_hp_gain":0.0,"max_hp_loss":0.0,"gold_gain":0.0,"event_name":"Match and Keep!","player_choice":"1 cards matched","floor":7.0,"gold_loss":0.0,"damage_taken":0.0,"cards_obtained":["Limit Break"]},{"damage_healed":15.0,"max_hp_gain":0.0,"max_hp_loss":0.0,"gold_gain":0.0,"event_name":"The Library","player_choice":"Heal","floor":22.0,"gold_loss":0.0,"damage_taken":0.0}],"is_beta":false,"boss_relics":[{"not_picked":["Coffee Dripper","Eternal Feather"],"picked":"Ectoplasm"}],"items_purged_floors":[10],"is_endless":false,"potions_floor_spawned":[2,12,14,16,18,19,25,27],"killed_by":"Automaton","ascension_level":20}