{"gold_per_floor":[214,23,40,40,52,52,80,80,80,99,127,139,164,178,178,251,251,270,270,270,270,285,310,310],"floor_reached":24,"playtime":915,"items_purged":[],"score":522,"play_id":"a47aae02-87b8-410c-ba36-de5d359d9312","local_time":"20190312185924","is_ascension_mode":true,"campfire_choices":[{"data":"Carnage","floor":6,"key":"SMITH"},{"data":"Entrench","floor":8,"key":"SMITH"},{"data":"Seeing Red","floor":15,"key":"SMITH"}],"neow_cost":"NONE","seed_source_timestamp":89597563272375,"circlet_count":0,"master_deck":["AscendersBane","Strike_R","Strike_R+1","Strike_R","Defend_R","Defend_R","Defend_R","Defend_R","Bash+1","Iron Wave","Anger","Carnage+1","Entrench+1","Shrug It Off","Battle Trance","Whirlwind","Pommel Strike","Clothesline","Barricade","Seeing Red+1","Impervious","Decay","Shrug It Off","Bash","True Grit","Shrug It Off+1"],"relics":["Burning Blood","PreservedInsect","WingedGreaves","Ice Cream","Question Card","Mercury Hourglass","Sozu","Whetstone"],"potions_floor_usage":[7,11,11,14,14],"damage_taken":[{"damage":4,"enemies":"Jaw Worm","floor":1,"turns":4},{"damage":2,"enemies":"Cultist","floor":3,"turns":4},{"damage":10,"enemies":"Small Slimes","floor":5,"turns":3},{"damage":0,"enemies":"Lagavulin","floor":7,"turns":3},{"damage":0,"enemies":"3 Louse","floor":10,"turns":5},{"damage":1,"enemies":"Gremlin Nob","floor":11,"turns":3},{"damage":9,"enemies":"Looter","floor":12,"turns":3},{"damage":15,"enemies":"Lagavulin","floor":13,"turns":4},{"damage":2,"enemies":"Gremlin Gang","floor":14,"turns":3},{"damage":39,"enemies":"Slime Boss","floor":16,"turns":10},{"damage":0,"enemies":"Chosen","floor":18,"turns":6},{"damage":19,"enemies":"Spheric Guardian","floor":22,"turns":4},{"damage":47,"enemies":"Slavers","floor":23,"turns":4},{"damage":20,"enemies":"Cultist and Chosen","floor":24,"turns":5}],"seed_played":"-7251105304378181164","potions_obtained":[{"floor":3,"key":"Swift Potion"},{"floor":5,"key":"Block Potion"},{"floor":7,"key":"Energy Potion"},{"floor":11,"key":"Energy Potion"},{"floor":12,"key":"AttackPotion"}],"is_trial":false,"path_per_floor":["M","$","M","?","M","R","E","R","T","M","E","M","E","M","R","B",null,"M","?","?","?","M","E","M"],"character_chosen":"IRONCLAD","items_purchased":["PreservedInsect","Anger"],"campfire_rested":0,"item_purchase_floors":[2,2],"current_hp_per_floor":[70,70,74,74,70,70,75,75,75,75,75,72,63,67,67,34,65,71,71,71,71,58,17,0],"gold":310,"neow_bonus":"HUNDRED_GOLD","is_prod":false,"is_daily":false,"chose_seed":false,"campfire_upgraded":3,"win_rate":0,"timestamp":1552431564,"path_taken":["M","$","M","?","M","R","E","R","T","M","E","?","E","M","R","BOSS","M","?","?","?","M","E","M"],"build_version":"2019-01-23","purchased_purges":0,"victory":false,"max_hp_per_floor":[75,75,75,75,75,75,75,75,75,75,75,75,75,75,75,75,75,75,75,75,75,75,75,75],"card_choices":[{"not_picked":["Perfected Strike","Body Slam"],"picked":"Iron Wave","floor":1},{"not_picked":["Perfected Strike","Combust"],"picked":"Carnage","floor":3},{"not_picked":["Clothesline","Body Slam"],"picked":"Shrug It Off","floor":5},{"not_picked":["Feel No Pain","Havoc"],"picked":"Battle Trance","floor":7},{"not_picked":["Wild Strike","Spot Weakness"],"picked":"Whirlwind","floor":10},{"not_picked":["Body Slam","Blood for Blood"],"picked":"Pommel Strike","floor":11},{"not_picked":["Anger","Body Slam","Sword Boomerang"],"picked":"Clothesline","floor":12},{"not_picked":["Dual Wield","Warcry","Havoc"],"picked":"Barricade","floor":13},{"not_picked":["Pummel","Twin Strike","Shrug It Off"],"picked":"Seeing Red","floor":14},{"not_picked":["Demon Form","Limit Break","Feed"],"picked":"Impervious","floor":16},{"not_picked":["Perfected Strike","Pommel Strike","Flex","Rupture"],"picked":"SKIP","floor":18},{"not_picked":["Heavy Blade","Armaments","Cleave"],"picked":"True Grit","floor":22},{"not_picked":["Cleave","Searing Blow","Havoc"],"picked":"Shrug It Off+1","floor":23}],"player_experience":844008,"relics_obtained":[{"floor":7,"key":"WingedGreaves"},{"floor":9,"key":"Ice Cream"},{"floor":11,"key":"Question Card"},{"floor":13,"key":"Mercury Hourglass"},{"floor":23,"key":"Whetstone"}],"event_choices":[{"damage_healed":0,"gold_gain":0,"cards_transformed":["Strike_R"],"player_choice":"Transformed","damage_taken":0,"max_hp_gain":0,"max_hp_loss":0,"event_name":"Transmorgrifier","floor":4,"gold_loss":0,"cards_obtained":["Entrench"]},{"damage_healed":0,"gold_gain":0,"player_choice":"Ignored","damage_taken":0,"max_hp_gain":0,"max_hp_loss":0,"event_name":"Ghosts","floor":19,"gold_loss":0},{"cards_removed":["Strike_R"],"damage_healed":0,"gold_gain":0,"player_choice":"Elegance","damage_taken":0,"max_hp_gain":0,"max_hp_loss":0,"event_name":"Back to Basics","floor":20,"gold_loss":0},{"damage_healed":0,"gold_gain":0,"player_choice":"3 cards matched","damage_taken":0,"max_hp_gain":0,"max_hp_loss":0,"event_name":"Match and Keep!","floor":21,"gold_loss":0,"cards_obtained":["Decay","Shrug It Off","Bash"]}],"is_beta":false,"boss_relics":[{"not_picked":["Runic Dome","Pandora\u0027s Box"],"picked":"Sozu"}],"items_purged_floors":[],"is_endless":false,"potions_floor_spawned":[3,5,7,11,12],"killed_by":"Cultist and Chosen","ascension_level":20}