{"gold_per_floor":[114,114,289,289,46,46,64,79,79,110,191,211,229,244,244,347,347,357,357,0,0,16,42,42,59,83,83,8,22,22,35,35,134,134,154,174,1173,2,19,19,53,72,72,83,94,39,53,99,99,99],"floor_reached":51,"playtime":1840,"items_purged":["Regret","Normality"],"score":850,"play_id":"315564de-4a76-4c01-8f6c-d5e25aa58348","local_time":"20180906184041","is_ascension_mode":false,"campfire_choices":[{"data":"Mind Blast","floor":6,"key":"SMITH"},{"data":"Armaments","floor":15,"key":"SMITH"},{"floor":24,"key":"REST"},{"data":"Mind Blast","floor":27,"key":"SMITH"},{"floor":32,"key":"REST"},{"data":"Perfected Strike","floor":40,"key":"SMITH"},{"floor":49,"key":"DIG"}],"neow_cost":"CURSE","seed_source_timestamp":1596222552053217,"circlet_count":0,"master_deck":["Strike_R","Strike_R","Strike_R","Strike_R","Strike_R","Defend_R","Defend_R","Defend_R","Defend_R","Bash+1","Clumsy","Wild Strike","Rage","Mind Blast+1","Metallicize","Heavy Blade","Armaments+1","Cleave","Armaments","Hemokinesis","Inflame","Double Tap","Perfected Strike","Thunderclap","Feed","Pain","Dropkick+1","Heavy Blade","Perfected Strike","Demon Form","Mind Blast+1","Inflame","Spot Weakness","Twin Strike","Blind","Intimidate","Disarm+1","Pommel Strike+1","Iron Wave+1","Rupture","Flex","Perfected Strike+1","Bloodletting+1","Sword Boomerang+1","Feed","Clothesline+1","Flex+1","Perfected Strike+1","Uppercut","Normality","Fiend Fire","Combust+1","Headbutt","Entrench+1","Perfected Strike+1","Seeing Red","True Grit+1","Carnage+1","Dropkick+1","Battle Trance+1","Clothesline","Twin Strike+1","Corruption+1","Bloodletting+1","Barricade+1","Shrug It Off+1"],"relics":["Burning Blood","Unceasing Top","Spirit Poop","Pantograph","Prayer Wheel","Darkstone Periapt","Calling Bell","Vajra","The Courier","Calipers","Sundial","Juzu Bracelet","Mark of Pain","Blue Candle","Shuriken","Frozen Egg 2","Gremlin Horn","Anchor","Dream Catcher","Shovel","Ancient Tea Set"],"potions_floor_usage":[13,22,23,31,33,41,48,50],"damage_taken":[{"damage":6,"enemies":"2 Louse","floor":1,"turns":3},{"damage":1,"enemies":"Cultist","floor":7,"turns":4},{"damage":5,"enemies":"Small Slimes","floor":8,"turns":3},{"damage":23,"enemies":"Gremlin Nob","floor":10,"turns":5},{"damage":5,"enemies":"Looter","floor":12,"turns":3},{"damage":5,"enemies":"Exordium Thugs","floor":13,"turns":5},{"damage":10,"enemies":"2 Fungi Beasts","floor":14,"turns":4},{"damage":44,"enemies":"The Guardian","floor":16,"turns":8},{"damage":21,"enemies":"Spheric Guardian","floor":18,"turns":4},{"damage":5,"enemies":"Chosen","floor":22,"turns":3},{"damage":38,"enemies":"Slavers","floor":23,"turns":4},{"damage":11,"enemies":"Snecko","floor":25,"turns":3},{"damage":40,"enemies":"Cultist and Chosen","floor":29,"turns":5},{"damage":3,"enemies":"3 Cultists","floor":31,"turns":5},{"damage":97,"enemies":"Collector","floor":33,"turns":9},{"damage":22,"enemies":"3 Darklings","floor":35,"turns":6},{"damage":0,"enemies":"Orb Walker","floor":36,"turns":1},{"damage":5,"enemies":"3 Darklings","floor":39,"turns":4},{"damage":41,"enemies":"Nemesis","floor":41,"turns":5},{"damage":0,"enemies":"Sphere and 2 Shapes","floor":42,"turns":1},{"damage":1,"enemies":"Reptomancer","floor":44,"turns":1},{"damage":15,"enemies":"Transient","floor":45,"turns":5},{"damage":0,"enemies":"Sphere and 2 Shapes","floor":47,"turns":1},{"damage":1,"enemies":"Mysterious Sphere","floor":48,"turns":2},{"damage":49,"enemies":"Time Eater","floor":50,"turns":7}],"seed_played":"-7965858182304430802","potions_obtained":[{"floor":1,"key":"Ancient Potion"},{"floor":8,"key":"Energy Potion"},{"floor":10,"key":"Poison Potion"},{"floor":12,"key":"FairyPotion"},{"floor":18,"key":"BloodPotion"},{"floor":23,"key":"SpeedPotion"},{"floor":29,"key":"EssenceOfSteel"},{"floor":35,"key":"Weak Potion"},{"floor":39,"key":"Weak Potion"},{"floor":41,"key":"SkillPotion"},{"floor":42,"key":"AttackPotion"}],"is_trial":false,"path_per_floor":["M","?","?","?","$","R","M","M","T","E","T","M","M","M","R","B",null,"M","?","$","?","M","E","R","M","T","R","?","M","?","M","R","B",null,"M","M","?","$","M","R","E","M","T","M","M","$","M","?","R","B"],"character_chosen":"IRONCLAD","items_purchased":["Rage","Mind Blast","Metallicize","Demon Form","Mind Blast","Inflame","Spot Weakness","Twin Strike","Blue Candle","Shuriken","Frozen Egg 2","Gremlin Horn","Fiend Fire","Combust+1","Headbutt","Corruption+1"],"campfire_rested":2,"item_purchase_floors":[5,5,5,20,20,20,20,20,38,38,38,38,38,38,38,46],"current_hp_per_floor":[80,80,80,80,80,80,80,80,80,63,63,64,65,61,61,42,98,86,86,86,66,77,45,75,70,70,70,70,36,36,42,73,7,104,88,94,106,106,107,107,72,78,78,83,74,74,80,85,85,67],"gold":99,"neow_bonus":"ONE_RARE_RELIC","is_prod":false,"is_daily":false,"chose_seed":false,"campfire_upgraded":4,"win_rate":0,"timestamp":1536252041,"path_taken":["M","?","?","?","$","R","M","?","T","E","?","M","M","M","R","BOSS","M","?","$","?","M","E","R","M","T","R","?","M","?","M","R","BOSS","M","M","?","$","M","R","E","M","T","M","M","$","M","?","R","BOSS"],"build_version":"2018-08-30","purchased_purges":2,"victory":true,"max_hp_per_floor":[80,80,80,80,80,80,80,80,80,80,80,80,80,80,80,80,98,101,101,101,101,101,101,101,101,101,101,101,101,101,104,104,104,104,104,104,116,116,116,116,116,116,116,116,116,116,116,116,116,116],"card_choices":[{"not_picked":["Body Slam","Havoc"],"picked":"Wild Strike","floor":1},{"not_picked":["Body Slam","True Grit"],"picked":"Heavy Blade","floor":7},{"not_picked":["Pommel Strike","Shrug It Off"],"picked":"Armaments","floor":8},{"not_picked":["Shrug It Off","Wild Strike"],"picked":"Cleave","floor":10},{"not_picked":["Havoc","Cleave"],"picked":"Armaments","floor":12},{"not_picked":["Dual Wield","Wild Strike"],"picked":"Hemokinesis","floor":12},{"not_picked":["Cleave","Pommel Strike"],"picked":"Inflame","floor":13},{"not_picked":["Sentinel","Headbutt"],"picked":"Double Tap","floor":13},{"not_picked":["Headbutt","Body Slam"],"picked":"Perfected Strike","floor":14},{"not_picked":["Sword Boomerang","Havoc"],"picked":"Thunderclap","floor":14},{"not_picked":["Offering","Brutality"],"picked":"Feed","floor":16},{"not_picked":["Bloodletting","Cleave"],"picked":"Dropkick+1","floor":18},{"not_picked":["Armaments","Hemokinesis"],"picked":"Heavy Blade","floor":18},{"not_picked":["Warcry+1","Clothesline"],"picked":"Intimidate","floor":22},{"not_picked":["Iron Wave+1","Bloodletting"],"picked":"Disarm+1","floor":22},{"not_picked":["Warcry","Clash"],"picked":"Pommel Strike+1","floor":23},{"not_picked":["Armaments","Twin Strike"],"picked":"Iron Wave+1","floor":25},{"not_picked":["Blood for Blood","Whirlwind"],"picked":"Rupture","floor":25},{"not_picked":["Havoc","Shrug It Off"],"picked":"Flex","floor":29},{"not_picked":["True Grit","Metallicize+1"],"picked":"Perfected Strike","floor":29},{"not_picked":["Feel No Pain","Rampage"],"picked":"Bloodletting+1","floor":31},{"not_picked":["Disarm","Burning Pact"],"picked":"Sword Boomerang+1","floor":31},{"not_picked":["Reaper","Demon Form"],"picked":"Feed","floor":33},{"not_picked":["True Grit","Carnage"],"picked":"Clothesline+1","floor":35},{"not_picked":["Havoc+1","True Grit+1"],"picked":"Flex+1","floor":35},{"not_picked":["Clothesline+1","Rage"],"picked":"Perfected Strike+1","floor":36},{"not_picked":["Havoc","Anger+1"],"picked":"Uppercut","floor":36},{"not_picked":["Havoc+1","Combust+1"],"picked":"Entrench+1","floor":39},{"not_picked":["Iron Wave","Sword Boomerang"],"picked":"Perfected Strike+1","floor":39},{"not_picked":["Double Tap","Clothesline"],"picked":"Seeing Red","floor":41},{"not_picked":["Flex","Anger+1"],"picked":"True Grit+1","floor":42},{"not_picked":["Uppercut","Fire Breathing+1"],"picked":"Carnage+1","floor":42},{"not_picked":["True Grit+1","Warcry"],"picked":"Dropkick+1","floor":44},{"not_picked":["Iron Wave+1","Shockwave"],"picked":"Battle Trance+1","floor":44},{"not_picked":["Anger+1","Warcry+1"],"picked":"Clothesline","floor":45},{"not_picked":["Warcry+1","Flex+1"],"picked":"Twin Strike+1","floor":45},{"not_picked":["Spot Weakness+1","Thunderclap"],"picked":"Bloodletting+1","floor":47},{"not_picked":["Perfected Strike+1","Flex"],"picked":"Barricade+1","floor":47},{"not_picked":["Clothesline+1","Thunderclap"],"picked":"Shrug It Off+1","floor":48}],"player_experience":230721,"relics_obtained":[{"floor":9,"key":"Pantograph"},{"floor":10,"key":"Prayer Wheel"},{"floor":11,"key":"Darkstone Periapt"},{"floor":17,"key":"Vajra"},{"floor":17,"key":"The Courier"},{"floor":17,"key":"Calipers"},{"floor":23,"key":"Sundial"},{"floor":26,"key":"Juzu Bracelet"},{"floor":41,"key":"Anchor"},{"floor":43,"key":"Dream Catcher"},{"floor":48,"key":"Shovel"},{"floor":49,"key":"Ancient Tea Set"}],"event_choices":[{"event_name":"Upgrade Shrine","player_choice":"Upgraded","floor":2,"damage_taken":0},{"event_name":"Liars Game","player_choice":"agreed","floor":3,"damage_taken":0},{"event_name":"Bonfire Elementals","player_choice":"CURSE","floor":4,"damage_taken":0},{"event_name":"The Library","player_choice":"Read","floor":19,"damage_taken":0},{"event_name":"Knowing Skull","player_choice":"CARD ","floor":21,"damage_taken":0},{"event_name":"Beggar","player_choice":"Gave Gold","floor":28,"damage_taken":0},{"event_name":"Vampires","player_choice":"Ignored","floor":30,"damage_taken":0},{"event_name":"MindBloom","player_choice":"Gold","floor":37,"damage_taken":0},{"event_name":"Mysterious Sphere","player_choice":"Fight","floor":48,"damage_taken":0}],"is_beta":false,"boss_relics":[{"not_picked":["White Beast Statue","Eternal Feather"],"picked":"Calling Bell"},{"not_picked":["Pandora\u0027s Box","Orrery"],"picked":"Mark of Pain"}],"items_purged_floors":[20,38],"is_endless":false,"potions_floor_spawned":[1,8,10,12,18,23,29,35,39,41,42,45],"ascension_level":0}