{"gold_per_floor":[109,124,199,449,466,498,498,528,528,544,544,544,544,561,561,657,657,667,679,604,604,103,114,132,132],"floor_reached":25,"playtime":1397,"items_purged":[],"score":213,"play_id":"422bfb91-248e-4245-b203-f6189ed8cc7b","local_time":"20180708212953","is_ascension_mode":false,"campfire_choices":[{"data":"Iron Wave","floor":7,"key":"SMITH"},{"floor":12,"key":"REST"},{"floor":15,"key":"REST"}],"neow_cost":"NONE","seed_source_timestamp":0,"circlet_count":0,"master_deck":["Strike_R+1","Strike_R+1","Strike_R+1","Strike_R+1","Strike_R+1","Defend_R+1","Defend_R+1","Defend_R+1","Bash","Iron Wave+1","Perfected Strike","Pommel Strike","Battle Trance","Burning Pact","Pommel Strike","Bash","Feel No Pain","Feed","Seeing Red","Flex","Madness","Shrug It Off","Dropkick","Perfected Strike"],"special_seed":17720,"relics":["Burning Blood","NeowsBlessing","Paper Frog","Whetstone","Mummified Hand","Mark of Pain","Bag of Marbles","Regal Pillow"],"potions_floor_usage":[6,8,16,16,23,25],"damage_taken":[{"damage":0,"enemies":"2 Louse","floor":1,"turns":1},{"damage":0,"enemies":"Cultist","floor":2,"turns":1},{"damage":0,"enemies":"Small Slimes","floor":5,"turns":1},{"damage":36,"enemies":"Lagavulin","floor":6,"turns":6},{"damage":31,"enemies":"Gremlin Nob","floor":8,"turns":4},{"damage":10,"enemies":"Looter","floor":10,"turns":3},{"damage":15,"enemies":"Gremlin Gang","floor":14,"turns":6},{"damage":51,"enemies":"Slime Boss","floor":16,"turns":12},{"damage":10,"enemies":"2 Thieves","floor":18,"turns":4},{"damage":9,"enemies":"Chosen","floor":19,"turns":5},{"damage":21,"enemies":"Slaver and Parasite","floor":23,"turns":5},{"damage":22,"enemies":"Sentry and Sphere","floor":24,"turns":4},{"damage":66,"enemies":"Gremlin Leader","floor":25,"turns":5}],"seed_played":"5952392564398475268","potions_obtained":[{"floor":2,"key":"LiquidBronze"},{"floor":5,"key":"Weak Potion"},{"floor":6,"key":"BloodPotion"},{"floor":10,"key":"EssenceOfSteel"},{"floor":14,"key":"SkillPotion"},{"floor":19,"key":"SkillPotion"}],"is_trial":false,"path_per_floor":["M","M","?","?","M","E","R","E","T","M","?","R","?","M","R","B",null,"M","M","?","?","$","M","M"],"character_chosen":"IRONCLAD","items_purchased":["Bag of Marbles","Regal Pillow","Madness","Shrug It Off","Dropkick"],"campfire_rested":2,"item_purchase_floors":[22,22,22,22,22],"current_hp_per_floor":[80,80,69,69,75,45,45,20,20,16,16,40,40,31,55,10,80,76,73,73,73,73,58,45,0],"gold":132,"neow_bonus":"THREE_ENEMY_KILL","is_prod":false,"is_daily":false,"chose_seed":false,"campfire_upgraded":1,"win_rate":0,"timestamp":1531099793,"path_taken":["M","M","?","?","?","E","R","E","T","M","?","R","?","M","R","BOSS","M","M","?","?","$","M","M","E"],"build_version":"2018-07-05","purchased_purges":0,"victory":false,"max_hp_per_floor":[80,80,80,80,80,80,80,80,80,80,80,80,80,80,80,80,80,80,80,80,80,80,80,83,83],"card_choices":[{"not_picked":["Armaments","Fire Breathing"],"picked":"Iron Wave","floor":1},{"not_picked":["Headbutt","Clothesline"],"picked":"Perfected Strike","floor":2},{"not_picked":["Sever Soul","Heavy Blade"],"picked":"Pommel Strike","floor":5},{"not_picked":["Fire Breathing","Cleave"],"picked":"Battle Trance","floor":6},{"not_picked":["Metallicize","Clash"],"picked":"Burning Pact","floor":8},{"not_picked":["Impervious","Shockwave"],"picked":"Pommel Strike","floor":10},{"not_picked":["Blood for Blood","Clothesline"],"picked":"Feel No Pain","floor":14},{"not_picked":["Fiend Fire","Dark Embrace"],"picked":"Feed","floor":16},{"not_picked":["Rampage","Spot Weakness+1"],"picked":"Seeing Red","floor":18},{"not_picked":["Heavy Blade","True Grit"],"picked":"Flex","floor":19},{"not_picked":["Clothesline+1","Pummel+1","Headbutt+1"],"picked":"SKIP","floor":23},{"not_picked":["Iron Wave","Flex"],"picked":"Perfected Strike","floor":24}],"player_experience":34410,"relics_obtained":[{"floor":6,"key":"Paper Frog"},{"floor":8,"key":"Whetstone"},{"floor":9,"key":"Mummified Hand"}],"event_choices":[{"event_name":"World of Goop","player_choice":"Gather Gold","floor":3,"damage_taken":0},{"event_name":"Golden Shrine","player_choice":"Desecrate","floor":4,"damage_taken":0},{"event_name":"Match and Keep!","player_choice":"1 cards matched","floor":11,"damage_taken":0},{"event_name":"Living Wall","player_choice":"Forget","floor":13,"damage_taken":0},{"event_name":"Beggar","player_choice":"Gave Gold","floor":20,"damage_taken":0},{"event_name":"Back to Basics","player_choice":"Simplicity","floor":21,"damage_taken":0}],"boss_relics":[{"not_picked":["Sozu","Runic Dome"],"picked":"Mark of Pain"}],"items_purged_floors":[],"is_endless":false,"potions_floor_spawned":[2,5,6,10,14,19],"killed_by":"Gremlin Leader","ascension_level":0}