{"gold_per_floor":[118,130,21,38,58,58,92,92,146,146,172,172,182,182,182,280,280,294,344,344,344,30,30,55,55,80,80,80,100,44,57,57,153,153,166,291,309,309,330,330,353,353,353,397,397,397,410,431,431,431],"floor_reached":50,"playtime":2306,"items_purged":[],"score":889,"play_id":"8a6dc40b-3057-4b86-8399-46cf47228640","local_time":"20190125032541","is_ascension_mode":true,"campfire_choices":[{"data":"Streamline","floor":6.0,"key":"SMITH"},{"data":"Zap","floor":8.0,"key":"SMITH"},{"floor":10.0,"key":"REST"},{"data":"Reinforced Body","floor":15.0,"key":"SMITH"},{"data":"Redo","floor":23.0,"key":"SMITH"},{"data":"Streamline","floor":25.0,"key":"SMITH"},{"data":"Redo","floor":28.0,"key":"SMITH"},{"floor":32.0,"key":"REST"},{"floor":40.0,"key":"REST"},{"floor":42.0,"key":"REST"},{"data":"Hyperbeam","floor":46.0,"key":"SMITH"},{"floor":49.0,"key":"REST"}],"neow_cost":"PERCENT_DAMAGE","seed_source_timestamp":0,"circlet_count":0,"master_deck":["AscendersBane","Strike_B+1","Strike_B+1","Strike_B+1","Strike_B+1","Defend_B+1","Defend_B+1","Defend_B+1","Defend_B+1","Zap+1","Dualcast+1","FTL","Reinforced Body+1","Melter","Streamline+1","Gash","Core Surge","Scrape","Glacier","Cold Snap","Hyperbeam+1","Streamline+1","Gash","Redo+1","Go for the Eyes","Reprogram","Zap","Redo+1","Gash","Steam","Hyperbeam","BootSequence","Writhe","Glacier","Panacea"],"special_seed":0,"relics":["Cracked Core","Ornamental Fan","Pen Nib","Regal Pillow","Golden Idol","Busted Crown","Mercury Hourglass","Orichalcum","Runic Pyramid","Incense Burner","Calipers","Art of War"],"potions_floor_usage":[50,50],"damage_taken":[{"damage":2.0,"enemies":"Jaw Worm","floor":1.0,"turns":3.0},{"damage":6.0,"enemies":"2 Louse","floor":2.0,"turns":3.0},{"damage":0.0,"enemies":"Small Slimes","floor":4.0,"turns":2.0},{"damage":8.0,"enemies":"Blue Slaver","floor":5.0,"turns":2.0},{"damage":8.0,"enemies":"Gremlin Nob","floor":7.0,"turns":3.0},{"damage":15.0,"enemies":"3 Sentries","floor":11.0,"turns":6.0},{"damage":0.0,"enemies":"3 Louse","floor":13.0,"turns":2.0},{"damage":5.0,"enemies":"Hexaghost","floor":16.0,"turns":10.0},{"damage":13.0,"enemies":"2 Thieves","floor":18.0,"turns":3.0},{"damage":0.0,"enemies":"Chosen","floor":24.0,"turns":3.0},{"damage":0.0,"enemies":"Sentry and Sphere","floor":29.0,"turns":2.0},{"damage":17.0,"enemies":"Centurion and Healer","floor":31.0,"turns":4.0},{"damage":39.0,"enemies":"Automaton","floor":33.0,"turns":12.0},{"damage":36.0,"enemies":"3 Darklings","floor":35.0,"turns":4.0},{"damage":0.0,"enemies":"Mind Bloom Boss Battle","floor":36.0,"turns":3.0},{"damage":0.0,"enemies":"Orb Walker","floor":37.0,"turns":2.0},{"damage":16.0,"enemies":"4 Shapes","floor":39.0,"turns":5.0},{"damage":31.0,"enemies":"Spire Growth","floor":41.0,"turns":5.0},{"damage":18.0,"enemies":"Nemesis","floor":44.0,"turns":9.0},{"damage":6.0,"enemies":"Writhing Mass","floor":47.0,"turns":8.0},{"damage":3.0,"enemies":"4 Shapes","floor":48.0,"turns":4.0},{"damage":91,"enemies":"Donu and Deca","floor":50,"turns":7}],"seed_played":"-4499082535410642380","potions_obtained":[{"floor":1.0,"key":"Fire Potion"},{"floor":2.0,"key":"Weak Potion"},{"floor":16.0,"key":"FearPotion"},{"floor":24.0,"key":"Weak Potion"},{"floor":36.0,"key":"EssenceOfSteel"},{"floor":37.0,"key":"Ancient Potion"},{"floor":47.0,"key":"LiquidBronze"}],"is_trial":false,"path_per_floor":["M","M","$","M","M","R","E","R","T","R","E","?","M","?","R","B",null,"M","?","?","?","$","R","M","R","T","?","R","M","$","M","R","B",null,"M","?","M","?","M","R","M","R","T","E","?","R","M","M","R","B"],"character_chosen":"DEFECT","items_purchased":["Melter","Streamline","Redo","Mercury Hourglass","Steam"],"campfire_rested":5,"item_purchase_floors":[3,3,22,22,30],"current_hp_per_floor":[58,52,52,52,44,44,36,36,36,61,46,46,46,17,17,12,67,54,54,54,54,54,54,54,54,54,54,54,54,54,37,77,38,73,37,37,37,54,38,78,47,85,85,67,67,67,61,58,85,0],"gold":431,"neow_bonus":"TWENTY_PERCENT_HP_BONUS","is_prod":false,"is_daily":false,"chose_seed":false,"campfire_upgraded":7,"win_rate":0,"timestamp":1548404741,"path_taken":["M","M","$","M","M","R","E","R","T","R","E","?","M","?","R","BOSS","BOSS","M","?","?","?","$","R","M","R","T","?","R","M","$","M","R","BOSS","M","?","M","?","M","R","M","R","T","E","?","R","M","M","R","BOSS"],"build_version":"2019-01-23","purchased_purges":0,"victory":false,"max_hp_per_floor":[85,85,85,85,85,85,85,85,85,85,85,85,85,85,85,85,85,85,85,85,85,85,85,85,85,85,85,85,85,85,85,85,85,85,85,85,85,85,85,85,85,85,85,85,85,85,85,85,85,85],"card_choices":[{"not_picked":["Steam Power","Barrage"],"picked":"FTL","floor":1.0},{"not_picked":["Blizzard","Redo"],"picked":"Reinforced Body","floor":2.0},{"not_picked":["Compile Driver","Ball Lightning"],"picked":"Gash","floor":4.0},{"not_picked":["Redo","Compile Driver"],"picked":"Core Surge","floor":5.0},{"not_picked":["Force Field","Hologram"],"picked":"Scrape","floor":7.0},{"not_picked":["Rebound","Self Repair"],"picked":"Glacier","floor":11.0},{"not_picked":["Streamline","Blizzard"],"picked":"Cold Snap","floor":13.0},{"not_picked":["Echo Form","All For One"],"picked":"Hyperbeam","floor":16.0},{"not_picked":[],"picked":"Streamline","floor":18.0},{"not_picked":[],"picked":"Go for the Eyes","floor":24.0},{"not_picked":[],"picked":"Gash","floor":29.0},{"not_picked":["Lockon+1"],"picked":"SKIP","floor":31.0},{"not_picked":[],"picked":"Hyperbeam","floor":33.0},{"not_picked":["Barrage+1"],"picked":"SKIP","floor":35.0},{"not_picked":[],"picked":"BootSequence","floor":36.0},{"not_picked":["Lockon+1"],"picked":"SKIP","floor":37.0},{"not_picked":["Genetic Algorithm+1"],"picked":"SKIP","floor":39.0},{"not_picked":["Leap"],"picked":"SKIP","floor":41.0},{"not_picked":[],"picked":"Glacier","floor":44.0},{"not_picked":[],"picked":"Panacea","floor":45.0},{"not_picked":["Streamline"],"picked":"SKIP","floor":47.0},{"not_picked":["Sweeping Beam"],"picked":"SKIP","floor":48.0}],"player_experience":567457,"relics_obtained":[{"floor":7.0,"key":"Ornamental Fan"},{"floor":9.0,"key":"Pen Nib"},{"floor":11.0,"key":"Regal Pillow"},{"floor":26.0,"key":"Orichalcum"},{"floor":36.0,"key":"Incense Burner"},{"floor":43.0,"key":"Calipers"},{"floor":44.0,"key":"Art of War"}],"event_choices":[{"damage_healed":0.0,"max_hp_gain":0.0,"max_hp_loss":0.0,"gold_gain":0.0,"event_name":"Living Wall","player_choice":"Grow","floor":12.0,"gold_loss":0.0,"damage_taken":0.0,"cards_upgraded":["Dualcast"]},{"damage_healed":0.0,"max_hp_gain":0.0,"max_hp_loss":0.0,"gold_gain":0.0,"event_name":"Golden Idol","player_choice":"Take Damage","floor":14.0,"gold_loss":0.0,"damage_taken":29.0,"relics_obtained":["Golden Idol"]},{"damage_healed":0.0,"max_hp_gain":0.0,"max_hp_loss":0.0,"gold_gain":50.0,"event_name":"Nest","player_choice":"Stole From Cult","floor":19.0,"gold_loss":0.0,"damage_taken":0.0},{"damage_healed":0.0,"max_hp_gain":0.0,"max_hp_loss":0.0,"gold_gain":0.0,"event_name":"The Library","player_choice":"Read","floor":20.0,"gold_loss":0.0,"damage_taken":0.0,"cards_obtained":["Gash"]},{"damage_healed":0.0,"max_hp_gain":0.0,"max_hp_loss":0.0,"gold_gain":0.0,"event_name":"Back to Basics","player_choice":"Simplicity","floor":21.0,"gold_loss":0.0,"damage_taken":0.0,"cards_upgraded":["Strike_B","Strike_B","Strike_B","Strike_B","Defend_B","Defend_B","Defend_B","Defend_B"]},{"damage_healed":0.0,"max_hp_gain":0.0,"max_hp_loss":0.0,"gold_gain":0.0,"event_name":"Match and Keep!","player_choice":"3 cards matched","floor":27.0,"gold_loss":0.0,"damage_taken":0.0,"cards_obtained":["Reprogram","Zap","Redo"]},{"damage_healed":0.0,"max_hp_gain":0.0,"max_hp_loss":0.0,"gold_gain":0.0,"event_name":"MindBloom","player_choice":"Fight","floor":36.0,"gold_loss":0.0,"damage_taken":0.0},{"damage_healed":17.0,"max_hp_gain":0.0,"max_hp_loss":0.0,"gold_gain":0.0,"event_name":"Winding Halls","player_choice":"Writhe","floor":38.0,"gold_loss":0.0,"damage_taken":0.0,"cards_obtained":["Writhe"]},{"damage_healed":0.0,"max_hp_gain":0.0,"max_hp_loss":0.0,"gold_gain":0.0,"event_name":"SensoryStone","player_choice":"Memory 1","floor":45.0,"gold_loss":0.0,"damage_taken":0.0}],"is_beta":false,"boss_relics":[{"not_picked":["Cursed Key","Inserter"],"picked":"Busted Crown"},{"not_picked":["Snecko Eye","Coffee Dripper"],"picked":"Runic Pyramid"}],"items_purged_floors":[],"is_endless":false,"potions_floor_spawned":[1,2,16,24,31,33,36,37,41,44,47],"killed_by":"Donu and Deca","ascension_level":16}