{"gold_per_floor":[117,117,117,127,16,16,42,59,139,165,183,203,268,0,0,79,79,95,20,36,36,56,56,384,384,384,396,46,46,46,66,66,66],"floor_reached":33,"playtime":1820,"items_purged":["Strike_R","Writhe"],"score":525,"play_id":"50beebba-8e2a-4804-94a8-a7fc07110367","local_time":"20190114165028","is_ascension_mode":true,"campfire_choices":[{"data":"Uppercut","floor":6.0,"key":"SMITH"},{"data":"Double Tap","floor":15.0,"key":"SMITH"},{"floor":23.0,"key":"REST"},{"data":"Armaments","floor":29.0,"key":"SMITH"},{"floor":32.0,"key":"REST"}],"neow_cost":"NONE","seed_source_timestamp":46940957118670,"circlet_count":0,"master_deck":["AscendersBane","Strike_R","Strike_R","Strike_R","Strike_R","Defend_R","Defend_R","Defend_R","Defend_R","Bash","Wild Strike","Reckless Charge","Uppercut+1","Power Through","Cleave","Feel No Pain","Double Tap+1","True Grit","Power Through","Second Wind","Inflame","Immolate","Inflame","Sword Boomerang","Armaments+1","Decay","True Grit+1"],"special_seed":0,"relics":["Burning Blood","NeowsBlessing","Art of War","Question Card","Anchor","Gremlin Horn","Regal Pillow","Sozu","Strawberry","Old Coin","Pantograph","Blue Candle"],"potions_floor_usage":[],"damage_taken":[{"damage":0.0,"enemies":"2 Louse","floor":1.0,"turns":1.0},{"damage":0.0,"enemies":"Small Slimes","floor":4.0,"turns":1.0},{"damage":0.0,"enemies":"Gremlin Nob","floor":7.0,"turns":1.0},{"damage":0.0,"enemies":"Cultist","floor":8.0,"turns":3.0},{"damage":29.0,"enemies":"3 Sentries","floor":10.0,"turns":8.0},{"damage":5.0,"enemies":"Gremlin Gang","floor":11.0,"turns":5.0},{"damage":0.0,"enemies":"2 Fungi Beasts","floor":12.0,"turns":2.0},{"damage":14.0,"enemies":"3 Sentries","floor":13.0,"turns":11.0},{"damage":36.0,"enemies":"Hexaghost","floor":16.0,"turns":12.0},{"damage":12.0,"enemies":"Shell Parasite","floor":18.0,"turns":3.0},{"damage":22.0,"enemies":"Spheric Guardian","floor":20.0,"turns":4.0},{"damage":31.0,"enemies":"3 Cultists","floor":22.0,"turns":6.0},{"damage":31.0,"enemies":"Gremlin Leader","floor":24.0,"turns":6.0},{"damage":8.0,"enemies":"Shelled Parasite and Fungi","floor":27.0,"turns":5.0},{"damage":15.0,"enemies":"Centurion and Healer","floor":31.0,"turns":6.0},{"damage":91,"enemies":"Automaton","floor":33,"turns":10}],"seed_played":"8386423222882701119","potions_obtained":[{"floor":1.0,"key":"SteroidPotion"},{"floor":3.0,"key":"Weak Potion"},{"floor":3.0,"key":"FearPotion"},{"floor":16.0,"key":"LiquidBronze"}],"is_trial":false,"path_per_floor":["M","?","?","M","$","R","E","M","T","E","M","M","?","$","R","B",null,"M","$","M","?","M","R","E","?","T","M","$","R","?","M","R","B"],"character_chosen":"IRONCLAD","items_purchased":["Uppercut","Power Through","Second Wind","Regal Pillow","Inflame","Blue Candle"],"campfire_rested":2,"item_purchase_floors":[5,5,14,14,14,28],"current_hp_per_floor":[74,79,79,80,80,80,80,80,80,57,58,64,56,56,56,26,67,61,61,45,52,27,68,43,43,43,41,41,41,41,32,73,0],"gold":66,"neow_bonus":"THREE_ENEMY_KILL","is_prod":false,"is_daily":false,"chose_seed":false,"campfire_upgraded":3,"win_rate":0,"timestamp":1547502628,"path_taken":["M","?","?","?","$","R","E","?","T","E","M","M","?","$","R","BOSS","M","$","M","?","M","R","E","?","T","M","?","R","?","M","R","BOSS"],"build_version":"2019-01-10","purchased_purges":2,"victory":false,"max_hp_per_floor":[75,80,80,80,80,80,80,80,80,80,80,80,80,80,80,80,80,80,80,80,87,87,87,87,87,87,87,87,87,87,87,87,87],"card_choices":[{"not_picked":["Combust","Armaments"],"picked":"Wild Strike","floor":1.0},{"not_picked":["Armaments","Body Slam"],"picked":"Reckless Charge","floor":4.0},{"not_picked":["Whirlwind","Headbutt"],"picked":"Cleave","floor":7.0},{"not_picked":["Corruption","Clothesline"],"picked":"Feel No Pain","floor":8.0},{"not_picked":["Perfected Strike","Thunderclap","Dual Wield"],"picked":"Double Tap","floor":10.0},{"not_picked":["Iron Wave","Havoc","Thunderclap"],"picked":"True Grit","floor":11.0},{"not_picked":["Iron Wave","Clash","Rage","Searing Blow"],"picked":"SKIP","floor":12.0},{"not_picked":["Havoc","Searing Blow","Perfected Strike"],"picked":"Power Through","floor":13.0},{"not_picked":["Brutality","Feed","Juggernaut"],"picked":"Immolate","floor":16.0},{"not_picked":["Entrench","Cleave","Flame Barrier","Flex"],"picked":"SKIP","floor":18.0},{"not_picked":["Entrench","Cleave","Anger"],"picked":"Inflame","floor":20.0},{"not_picked":["Uppercut","Thunderclap","Warcry"],"picked":"Sword Boomerang","floor":22.0},{"not_picked":["Uppercut+1","Sword Boomerang","Clash"],"picked":"Armaments","floor":24.0},{"not_picked":["Searing Blow","Entrench","Clash","Body Slam"],"picked":"SKIP","floor":27.0},{"not_picked":["Clothesline","Body Slam","Juggernaut"],"picked":"True Grit+1","floor":31.0}],"player_experience":542195,"relics_obtained":[{"floor":7.0,"key":"Art of War"},{"floor":9.0,"key":"Question Card"},{"floor":10.0,"key":"Anchor"},{"floor":13.0,"key":"Gremlin Horn"},{"floor":24.0,"key":"Old Coin"},{"floor":26.0,"key":"Pantograph"}],"event_choices":[{"damage_healed":0.0,"max_hp_gain":5.0,"max_hp_loss":0.0,"gold_gain":0.0,"event_name":"Big Fish","player_choice":"Donut","floor":2.0,"gold_loss":0.0,"damage_taken":0.0},{"damage_healed":0.0,"max_hp_gain":0.0,"max_hp_loss":0.0,"gold_gain":0.0,"event_name":"Lab","player_choice":"Got Potions","floor":3.0,"gold_loss":0.0,"damage_taken":0.0},{"damage_healed":0.0,"max_hp_gain":0.0,"max_hp_loss":0.0,"gold_gain":0.0,"event_name":"Dead Adventurer","player_choice":"Searched \u00271\u0027 times","floor":13.0,"gold_loss":0.0,"damage_taken":0.0},{"damage_healed":0.0,"max_hp_gain":0.0,"max_hp_loss":0.0,"gold_gain":0.0,"event_name":"The Mausoleum","player_choice":"Opened","floor":21.0,"gold_loss":0.0,"damage_taken":0.0,"relics_obtained":["Strawberry"],"cards_obtained":["Writhe"]},{"damage_healed":0.0,"max_hp_gain":0.0,"max_hp_loss":0.0,"gold_gain":0.0,"event_name":"Ghosts","player_choice":"Ignored","floor":25.0,"gold_loss":0.0,"damage_taken":0.0},{"damage_healed":0.0,"max_hp_gain":0.0,"max_hp_loss":0.0,"gold_gain":0.0,"event_name":"Forgotten Altar","player_choice":"Smashed Altar","floor":30.0,"gold_loss":0.0,"damage_taken":0.0,"cards_obtained":["Decay"]}],"is_beta":false,"boss_relics":[{"not_picked":["Coffee Dripper","Pandora\u0027s Box"],"picked":"Sozu"}],"items_purged_floors":[19,28],"is_endless":false,"potions_floor_spawned":[1,4,10,12,16,31],"killed_by":"Automaton","ascension_level":15}