{"gold_per_floor":[361,436,32,44,56,107,119,145,157,169,204,256,268,295,307,319],"floor_reached":16,"playtime":564,"items_purged":[],"score":119,"play_id":"2ec8ac2e-21d5-4fb0-b265-5eee38f8155e","local_time":"20180721134855","is_ascension_mode":true,"campfire_choices":[{"data":"Perfected Strike","floor":7,"key":"SMITH"},{"floor":10,"key":"REST"},{"data":"Infernal Blade","floor":13,"key":"SMITH"},{"data":"Defend_R","floor":15,"key":"SMITH"}],"neow_cost":"TEN_PERCENT_HP_LOSS","seed_source_timestamp":222582956101565,"circlet_count":0,"master_deck":["Strike_R","Strike_R","Strike_R","Strike_R","Strike_R","Defend_R","Defend_R","Defend_R","Defend_R+1","Bash","Perfected Strike+1","Brutality","Headbutt","Infernal Blade+1","Headbutt"],"relics":["Burning Blood","Gremlin Horn","MawBank","Golden Idol","Oddly Smooth Stone","Letter Opener","Bag of Preparation"],"potions_floor_usage":[14,16],"damage_taken":[{"damage":15,"enemies":"Small Slimes","floor":1,"turns":4},{"damage":41,"enemies":"Gremlin Nob","floor":6,"turns":5},{"damage":1,"enemies":"2 Louse","floor":8,"turns":3},{"damage":0,"enemies":"Cultist","floor":11,"turns":3},{"damage":18,"enemies":"Lagavulin","floor":12,"turns":7},{"damage":8,"enemies":"3 Louse","floor":14,"turns":2},{"damage":44,"enemies":"Hexaghost","floor":16,"turns":9}],"seed_played":"6274237341065556560","potions_obtained":[{"floor":11,"key":"EssenceOfSteel"},{"floor":12,"key":"Energy Potion"}],"is_trial":false,"path_per_floor":["M","?","$","?","?","E","R","M","T","R","M","E","R","M","R"],"character_chosen":"IRONCLAD","items_purchased":["Gremlin Horn","MawBank"],"campfire_rested":1,"item_purchase_floors":[3,3],"current_hp_per_floor":[63,52,52,34,58,23,23,28,28,49,55,43,43,41,41,0],"gold":319,"neow_bonus":"TWO_FIFTY_GOLD","is_prod":false,"is_daily":false,"chose_seed":false,"campfire_upgraded":3,"win_rate":0,"timestamp":1532195335,"path_taken":["M","?","$","?","?","E","R","M","T","R","M","E","R","M","R","BOSS"],"build_version":"2018-07-19v2","purchased_purges":0,"victory":false,"max_hp_per_floor":[72,72,72,72,72,72,72,72,72,72,72,72,72,72,72,72],"card_choices":[{"not_picked":["Thunderclap","Havoc"],"picked":"Perfected Strike","floor":1},{"not_picked":["Combust","Thunderclap"],"picked":"Brutality","floor":6},{"not_picked":["Rampage","Intimidate"],"picked":"Headbutt","floor":8},{"not_picked":["Iron Wave","Shrug It Off"],"picked":"Infernal Blade","floor":11},{"not_picked":["Combust","Second Wind","Limit Break"],"picked":"SKIP","floor":12},{"not_picked":["Clothesline","Infernal Blade"],"picked":"Headbutt","floor":14}],"player_experience":99753,"relics_obtained":[{"floor":6,"key":"Oddly Smooth Stone"},{"floor":9,"key":"Letter Opener"},{"floor":12,"key":"Bag of Preparation"}],"event_choices":[{"event_name":"World of Goop","player_choice":"Gather Gold","floor":2,"damage_taken":0},{"event_name":"Golden Idol","player_choice":"Take Damage","floor":4,"damage_taken":0},{"event_name":"Big Fish","player_choice":"Banana","floor":5,"damage_taken":0}],"is_beta":false,"boss_relics":[],"items_purged_floors":[],"is_endless":false,"potions_floor_spawned":[11,12],"killed_by":"Hexaghost","ascension_level":2}