{"gold_per_floor":[362,362,375,375,375,405,417,444,498,498,527,539,549,116,116,211,211,226,226,236,236,253,287,287,321,371,386,386,386],"floor_reached":29,"playtime":1875,"items_purged":["Strike_B"],"score":410,"play_id":"98687384-a473-4323-841c-59d70f6f93f3","local_time":"20181010164035","is_ascension_mode":true,"campfire_choices":[{"floor":10.0,"key":"REST"},{"floor":15.0,"key":"REST"},{"floor":24.0,"key":"REST"},{"floor":28,"key":"REST"}],"neow_cost":"PERCENT_DAMAGE","seed_source_timestamp":423068314004505,"circlet_count":0,"master_deck":["Strike_B","Strike_B","Defend_B","Defend_B","Defend_B","Defend_B","Zap","Dualcast","Rip and Tear","Sweeping Beam","Genetic Algorithm","Undo","Defragment","BootSequence","White Noise","Melter","Conserve Battery","Core Surge","Tempest","J.A.X.","Hologram","RitualDagger","Consume","Turbo"],"special_seed":0,"relics":["Cracked Core","Blue Candle","Pantograph","Pocketwatch","Anchor","Mercury Hourglass","Du-Vu Doll","Inserter","DataDisk","Potion Belt","Happy Flower"],"potions_floor_usage":[25,25],"damage_taken":[{"damage":3.0,"enemies":"Small Slimes","floor":1.0,"turns":3.0},{"damage":1.0,"enemies":"Cultist","floor":3.0,"turns":3.0},{"damage":28.0,"enemies":"Gremlin Nob","floor":6.0,"turns":4.0},{"damage":6.0,"enemies":"2 Louse","floor":7.0,"turns":2.0},{"damage":27.0,"enemies":"Lagavulin","floor":8.0,"turns":5.0},{"damage":10.0,"enemies":"3 Sentries","floor":11.0,"turns":5.0},{"damage":0.0,"enemies":"Blue Slaver","floor":12.0,"turns":2.0},{"damage":0.0,"enemies":"Large Slime","floor":13.0,"turns":3.0},{"damage":42.0,"enemies":"Slime Boss","floor":16.0,"turns":11.0},{"damage":12.0,"enemies":"3 Byrds","floor":18.0,"turns":4.0},{"damage":0.0,"enemies":"Spheric Guardian","floor":20.0,"turns":3.0},{"damage":3.0,"enemies":"Chosen and Byrds","floor":22.0,"turns":4.0},{"damage":37.0,"enemies":"Gremlin Leader","floor":23.0,"turns":7.0},{"damage":18,"enemies":"Book of Stabbing","floor":25,"turns":6},{"damage":8,"enemies":"Shelled Parasite and Fungi","floor":27,"turns":6},{"damage":24,"enemies":"Centurion and Healer","floor":29,"turns":4}],"seed_played":"-2052922861049305356","potions_obtained":[{"floor":6.0,"key":"EntropicBrew"},{"floor":8.0,"key":"PowerPotion"},{"floor":13.0,"key":"Dexterity Potion"},{"floor":18.0,"key":"Energy Potion"},{"floor":23.0,"key":"Dexterity Potion"}],"is_trial":false,"path_per_floor":["M","?","M","?","T","E","M","E","T","R","E","M","M","$","R","B",null,"M","?","M","?","M","E","R","E","T","M","R"],"character_chosen":"DEFECT","items_purchased":["Du-Vu Doll","Conserve Battery"],"campfire_rested":4,"item_purchase_floors":[14,14],"current_hp_per_floor":[47,47,46,71,71,43,37,10,10,32,22,22,22,22,44,27,63,51,51,51,45,42,5,27,9,9,1,23,0],"gold":386,"neow_bonus":"TWO_FIFTY_GOLD","is_prod":false,"is_daily":false,"chose_seed":false,"campfire_upgraded":0,"win_rate":0,"timestamp":1539204035,"path_taken":["M","?","M","?","?","E","M","E","T","R","E","M","M","$","R","BOSS","M","?","?","?","M","E","R","E","T","?","R","M"],"build_version":"2018-10-04v2","purchased_purges":1,"victory":false,"max_hp_per_floor":[75,75,75,75,75,75,75,75,75,75,75,75,75,75,75,75,75,75,75,75,75,75,75,75,75,75,75,75,75],"card_choices":[{"not_picked":["Turbo","Blizzard"],"picked":"Rip and Tear","floor":1.0},{"not_picked":["Compile Driver","Fusion"],"picked":"Sweeping Beam","floor":3.0},{"not_picked":["Amplify","Hologram"],"picked":"Genetic Algorithm","floor":6.0},{"not_picked":["Go for the Eyes","Hologram"],"picked":"Undo","floor":7.0},{"not_picked":["Steam","Aggregate"],"picked":"Defragment","floor":8.0},{"not_picked":["Barrage","Hello World"],"picked":"BootSequence","floor":11.0},{"not_picked":["Go for the Eyes","Force Field"],"picked":"White Noise","floor":12.0},{"not_picked":["Hologram","Go for the Eyes"],"picked":"Melter","floor":13.0},{"not_picked":["Meteor Strike","Biased Cognition"],"picked":"Core Surge","floor":16.0},{"not_picked":["Skim","Scrape"],"picked":"Tempest","floor":18.0},{"not_picked":["Beam Cell","Go for the Eyes"],"picked":"Hologram","floor":20.0},{"not_picked":["Streamline","Turbo","Hologram"],"picked":"SKIP","floor":22.0},{"not_picked":["Rebound","Redo"],"picked":"Consume","floor":23.0},{"not_picked":["Tempest","Stack+1"],"picked":"Turbo","floor":25},{"not_picked":["Gash","Capacitor+1","Recycle"],"picked":"SKIP","floor":27},{"not_picked":["Gash","Capacitor+1","Recycle"],"picked":"SKIP","floor":27}],"player_experience":317136,"relics_obtained":[{"floor":5.0,"key":"Blue Candle"},{"floor":6.0,"key":"Pantograph"},{"floor":8.0,"key":"Pocketwatch"},{"floor":9.0,"key":"Anchor"},{"floor":11.0,"key":"Mercury Hourglass"},{"floor":23.0,"key":"DataDisk"},{"floor":25,"key":"Potion Belt"},{"floor":26,"key":"Happy Flower"}],"event_choices":[{"event_name":"Purifier","player_choice":"One Purge","floor":2.0,"damage_taken":0.0},{"event_name":"Big Fish","player_choice":"Banana","floor":4.0,"damage_taken":0.0},{"event_name":"Drug Dealer","player_choice":"Got JAX","floor":19.0,"damage_taken":0.0},{"event_name":"Nest","player_choice":"Joined the Cult","floor":21.0,"damage_taken":0.0}],"is_beta":false,"boss_relics":[{"not_picked":["Eternal Feather","Snecko Eye"],"picked":"Inserter"}],"items_purged_floors":[14],"is_endless":false,"potions_floor_spawned":[6,8,13,18,23],"killed_by":"Centurion and Healer","ascension_level":9}