{"gold_per_floor":[116,116,133,308,323,355,369,369,369,369,54,65,65,41,41,142,142,153,153,165,180,7,336,336,436,484,510,510,523,302,302,302,397,397,414,92,107,161,0,0,18,46,73,73,73,73,92,102,102,102],"floor_reached":51,"playtime":2933,"items_purged":["Doubt","Strike_G","Strike_G"],"score":1080,"play_id":"50206650-2107-4f89-962c-231066df96a0","local_time":"20190503015806","is_ascension_mode":true,"campfire_choices":[{"data":"Neutralize","floor":8,"key":"SMITH"},{"data":"All Out Attack","floor":10,"key":"SMITH"},{"floor":15,"key":"REST"},{"data":"Survivor","floor":24,"key":"SMITH"},{"data":"Blur","floor":28,"key":"SMITH"},{"floor":32,"key":"REST"},{"data":"Well Laid Plans","floor":40,"key":"SMITH"},{"data":"Corpse Explosion","floor":44,"key":"SMITH"},{"data":"Deflect","floor":49,"key":"SMITH"}],"neow_cost":"NONE","seed_source_timestamp":739104535140247,"circlet_count":0,"master_deck":["Defend_G+1","Defend_G+1","Defend_G+1","Defend_G+1","Strike_G+1","Strike_G+1","Strike_G+1","Survivor+1","Neutralize+1","Footwork+1","All Out Attack+1","Backflip+1","Noxious Fumes+1","Deflect+1","Corpse Explosion+1","Caltrops+1","RitualDagger","Well Laid Plans+1","Blur+1","Acrobatics+1","Venomology","Footwork+1","Prepared+1"],"relics":["Ring of the Snake","Bronze Scales","Sundial","Meat on the Bone","Velvet Choker","Old Coin","Dead Branch","Question Card","Dream Catcher","The Courier","Bag of Preparation","Runic Pyramid","Snake Skull","Paper Crane","Thread and Needle","Red Mask","Strawberry","Orichalcum"],"potions_floor_usage":[6,16,23,25,33,38,38,42,48,48,48,50],"damage_taken":[{"damage":0,"enemies":"Small Slimes","floor":1,"turns":5},{"damage":0,"enemies":"2 Louse","floor":3,"turns":5},{"damage":1,"enemies":"Jaw Worm","floor":5,"turns":7},{"damage":24,"enemies":"3 Sentries","floor":6,"turns":13},{"damage":0,"enemies":"2 Fungi Beasts","floor":7,"turns":4},{"damage":6,"enemies":"Blue Slaver","floor":12,"turns":4},{"damage":23,"enemies":"Slime Boss","floor":16,"turns":13},{"damage":0,"enemies":"3 Byrds","floor":18,"turns":2},{"damage":5,"enemies":"Shell Parasite","floor":20,"turns":4},{"damage":20,"enemies":"Snake Plant","floor":21,"turns":4},{"damage":20,"enemies":"Slavers","floor":23,"turns":3},{"damage":17,"enemies":"Colosseum Slavers","floor":25,"turns":4},{"damage":26,"enemies":"Colosseum Nobs","floor":25,"turns":5},{"damage":0,"enemies":"Gremlin Leader","floor":27,"turns":7},{"damage":2,"enemies":"Cultist and Chosen","floor":29,"turns":4},{"damage":1,"enemies":"Collector","floor":33,"turns":9},{"damage":0,"enemies":"Orb Walker","floor":35,"turns":4},{"damage":0,"enemies":"3 Shapes","floor":37,"turns":3},{"damage":2,"enemies":"2 Orb Walkers","floor":38,"turns":3},{"damage":0,"enemies":"3 Darklings","floor":41,"turns":3},{"damage":5,"enemies":"Reptomancer","floor":42,"turns":7},{"damage":0,"enemies":"Sphere and 2 Shapes","floor":47,"turns":4},{"damage":0,"enemies":"Transient","floor":48,"turns":5},{"damage":0,"enemies":"Time Eater","floor":50,"turns":13}],"seed_played":"-8172259917516471880","potions_obtained":[{"floor":1,"key":"AttackPotion"},{"floor":5,"key":"Weak Potion"},{"floor":23,"key":"FearPotion"},{"floor":27,"key":"Dexterity Potion"},{"floor":29,"key":"Explosive Potion"},{"floor":35,"key":"Ancient Potion"},{"floor":48,"key":"GamblersBrew"}],"is_trial":false,"path_per_floor":["M","?","M","?","M","E","M","R","T","R","$","M","?","$","R","B",null,"M","?","M","M","$","E","R","?","T","E","R","M","$","?","R","B",null,"M","$","M","?","?","R","M","E","T","R","?","?","M","M","R","B",null],"character_chosen":"THE_SILENT","items_purchased":["Meat on the Bone","Deflect","Regen Potion","Bag of Preparation","Snake Skull","Paper Crane"],"campfire_rested":2,"item_purchase_floors":[11,14,22,30,36,36],"current_hp_per_floor":[70,70,70,70,69,45,45,45,45,45,45,39,24,24,47,36,67,67,61,56,48,48,40,40,21,21,33,33,43,43,43,66,65,74,74,74,74,72,72,72,72,74,74,74,74,74,74,74,74,74],"gold":102,"neow_bonus":"TEN_PERCENT_HP_BONUS","is_prod":false,"is_daily":false,"chose_seed":false,"campfire_upgraded":7,"win_rate":0,"timestamp":1556845086,"path_taken":["M","?","M","?","M","E","M","R","T","R","$","M","?","?","R","BOSS","M","?","M","M","$","E","R","?","T","E","R","M","$","?","R","BOSS","M","$","M","?","?","R","?","E","T","R","?","?","?","M","R","BOSS"],"build_version":"2019-01-23","purchased_purges":3,"victory":true,"max_hp_per_floor":[77,77,77,77,77,77,77,77,77,77,77,77,77,77,77,77,77,77,77,77,77,77,77,77,77,77,77,77,77,77,77,77,77,77,77,77,77,77,77,77,77,84,84,84,80,80,80,80,80,80],"card_choices":[{"not_picked":["Flechettes","Finisher"],"picked":"Footwork","floor":1},{"not_picked":["Acrobatics","Prepared","Blade Dance"],"picked":"SKIP","floor":3},{"not_picked":["Concentrate","Slice"],"picked":"All Out Attack","floor":5},{"not_picked":["Predator","Riddle With Holes"],"picked":"Backflip","floor":6},{"not_picked":["Infinite Blades","Sucker Punch","Underhanded Strike"],"picked":"SKIP","floor":7},{"not_picked":["Expertise","Deflect"],"picked":"Noxious Fumes","floor":12},{"not_picked":["Glass Knife","Envenom"],"picked":"Corpse Explosion","floor":16},{"not_picked":["Deflect+1","Sucker Punch"],"picked":"Caltrops+1","floor":18},{"not_picked":["Caltrops","Dagger Throw","Outmaneuver"],"picked":"SKIP","floor":20},{"not_picked":["Flechettes","Quick Slash"],"picked":"Well Laid Plans","floor":21},{"not_picked":["Caltrops","Quick Slash+1","Night Terror"],"picked":"SKIP","floor":23},{"not_picked":["Outmaneuver+1","Deflect+1"],"picked":"Blur","floor":25},{"not_picked":["Caltrops+1","Dagger Spray","Envenom","Corpse Explosion"],"picked":"SKIP","floor":27},{"not_picked":["Heel Hook","Dagger Throw","Blur"],"picked":"Acrobatics+1","floor":29},{"not_picked":["Adrenaline","Grand Finale","Envenom"],"picked":"Venomology","floor":33},{"not_picked":["Backstab+1","Outmaneuver","Dagger Spray","Poisoned Stab"],"picked":"SKIP","floor":35},{"not_picked":["Outmaneuver","Dagger Throw","Endless Agony"],"picked":"Footwork+1","floor":37},{"not_picked":["Outmaneuver","Dagger Throw+1","Slice+1"],"picked":"Prepared+1","floor":38},{"not_picked":["Slice+1","Dagger Throw","Dagger Spray+1","Deflect"],"picked":"SKIP","floor":41},{"not_picked":["Dodge and Roll","Night Terror","Dagger Spray+1","Deadly Poison+1"],"picked":"SKIP","floor":42},{"not_picked":["Backflip","Heel Hook+1","Prepared","Predator+1"],"picked":"SKIP","floor":47},{"not_picked":["Flechettes","Acrobatics","Predator","Skewer+1"],"picked":"SKIP","floor":48}],"player_experience":590451,"relics_obtained":[{"floor":6,"key":"Bronze Scales"},{"floor":9,"key":"Sundial"},{"floor":23,"key":"Old Coin"},{"floor":25,"key":"Dead Branch"},{"floor":25,"key":"Question Card"},{"floor":26,"key":"Dream Catcher"},{"floor":27,"key":"The Courier"},{"floor":38,"key":"Thread and Needle"},{"floor":42,"key":"Strawberry"},{"floor":43,"key":"Orichalcum"}],"event_choices":[{"damage_healed":0,"gold_gain":0,"player_choice":"Grow","damage_taken":0,"max_hp_gain":0,"max_hp_loss":0,"event_name":"Living Wall","floor":2,"gold_loss":0,"cards_upgraded":["Footwork"]},{"damage_healed":0,"gold_gain":175,"player_choice":"AGREE","damage_taken":0,"max_hp_gain":0,"max_hp_loss":0,"event_name":"Liars Game","floor":4,"gold_loss":0,"cards_obtained":["Doubt"]},{"damage_healed":0,"gold_gain":0,"player_choice":"Entered Light","damage_taken":15,"max_hp_gain":0,"max_hp_loss":0,"event_name":"Shining Light","floor":13,"gold_loss":0,"cards_upgraded":["Backflip","Noxious Fumes"]},{"damage_healed":0,"gold_gain":0,"player_choice":"Joined the Cult","damage_taken":6,"max_hp_gain":0,"max_hp_loss":0,"event_name":"Nest","floor":19,"gold_loss":0,"cards_obtained":["RitualDagger"]},{"damage_healed":0,"gold_gain":0,"player_choice":"Fight","damage_taken":0,"max_hp_gain":0,"max_hp_loss":0,"event_name":"Colosseum","floor":25,"gold_loss":0},{"damage_healed":0,"gold_gain":0,"player_choice":"Fought Nobs","damage_taken":0,"max_hp_gain":0,"max_hp_loss":0,"event_name":"Colosseum","floor":25,"gold_loss":0},{"damage_healed":0,"gold_gain":0,"player_choice":"Simplicity","damage_taken":0,"max_hp_gain":0,"max_hp_loss":0,"event_name":"Back to Basics","floor":31,"gold_loss":0,"cards_upgraded":["Defend_G","Defend_G","Defend_G","Defend_G","Defend_G","Strike_G","Strike_G","Strike_G"]},{"damage_healed":0,"gold_gain":0,"player_choice":"Fight","damage_taken":0,"max_hp_gain":0,"max_hp_loss":0,"event_name":"Mysterious Sphere","floor":38,"gold_loss":0},{"damage_healed":0,"gold_gain":0,"player_choice":"Paid","damage_taken":0,"relics_obtained":["Red Mask"],"max_hp_gain":0,"max_hp_loss":0,"event_name":"Tomb of Lord Red Mask","floor":39,"gold_loss":161},{"damage_healed":0,"gold_gain":0,"player_choice":"Max HP","damage_taken":0,"max_hp_gain":0,"max_hp_loss":4,"event_name":"Winding Halls","floor":45,"gold_loss":0},{"cards_removed":["Defend_G"],"damage_healed":0,"gold_gain":0,"player_choice":"Removed Skill","damage_taken":0,"max_hp_gain":0,"max_hp_loss":0,"event_name":"Falling","floor":46,"gold_loss":0}],"is_beta":false,"boss_relics":[{"not_picked":["Empty Cage","Black Star"],"picked":"Velvet Choker"},{"not_picked":["Calling Bell","Runic Dome"],"picked":"Runic Pyramid"}],"items_purged_floors":[11,22,30],"is_endless":false,"potions_floor_spawned":[1,5,23,25,27,29,35,41,42,48],"ascension_level":7}