{"gold_per_floor":[109,123,194,194,207,251,251,295,295,330,353,369,388,407,407,532,532,553,578,51,51,72,72,106,131,131,131,166,166,211,46,46,174,237,253,20,33,58,58,58],"floor_reached":40,"playtime":2467,"items_purged":["Injury"],"score":598,"play_id":"ea5460d9-53ea-4006-b27d-f49966c19586","local_time":"20180722233258","is_ascension_mode":true,"campfire_choices":[{"floor":7.0,"key":"REST"},{"floor":15.0,"key":"REST"},{"data":"Infinite Blades","floor":23.0,"key":"SMITH"},{"floor":27.0,"key":"REST"},{"floor":32.0,"key":"REST"}],"neow_cost":"","seed_source_timestamp":74248014488831,"circlet_count":0,"master_deck":["Defend_G","Defend_G","Defend_G","Defend_G","Defend_G","Strike_G","Strike_G","Strike_G","Strike_G","Strike_G","Survivor","Neutralize","Cloak And Dagger","Distraction","Flying Knee+1","Poisoned Stab+1","Glass Knife","Dodge and Roll","Leg Sweep","Cloak And Dagger","PiercingWail","Sucker Punch","Wraith Form v2+1","Footwork+1","Infinite Blades+1","Poisoned Stab","Blade Dance","Heel Hook","Bouncing Flask+1","RitualDagger","Bane","Storm of Steel","Calculated Gamble","Adrenaline","Flying Knee+1","Accuracy"],"special_seed":0,"relics":["Ring of the Snake","Pantograph","Golden Idol","Pen Nib","Blood Vial","Question Card","Vajra","WristBlade","Bottled Flame","Snake Skull","Pear","Kunai","Potion Belt","Ancient Tea Set","Boot","Tiny House","Whetstone"],"potions_floor_usage":[],"damage_taken":[{"damage":5.0,"enemies":"Cultist","floor":1.0,"turns":4.0},{"damage":1.0,"enemies":"Small Slimes","floor":2.0,"turns":3.0},{"damage":8.0,"enemies":"2 Louse","floor":5.0,"turns":2.0},{"damage":48.0,"enemies":"Gremlin Nob","floor":6.0,"turns":6.0},{"damage":8.0,"enemies":"3 Sentries","floor":8.0,"turns":8.0},{"damage":2.0,"enemies":"Gremlin Nob","floor":10.0,"turns":3.0},{"damage":0.0,"enemies":"Looter","floor":11.0,"turns":2.0},{"damage":3.0,"enemies":"Exordium Thugs","floor":12.0,"turns":5.0},{"damage":3.0,"enemies":"Gremlin Gang","floor":13.0,"turns":4.0},{"damage":0.0,"enemies":"Blue Slaver","floor":14.0,"turns":1.0},{"damage":0.0,"enemies":"Slime Boss","floor":16.0,"turns":8.0},{"damage":9.0,"enemies":"3 Byrds","floor":18.0,"turns":7.0},{"damage":4.0,"enemies":"Chosen","floor":19.0,"turns":4.0},{"damage":0.0,"enemies":"Snecko","floor":22.0,"turns":5.0},{"damage":32.0,"enemies":"Gremlin Leader","floor":24.0,"turns":6.0},{"damage":29.0,"enemies":"Cultist and Chosen","floor":25.0,"turns":7.0},{"damage":26.0,"enemies":"Book of Stabbing","floor":28.0,"turns":6.0},{"damage":7.0,"enemies":"Champ","floor":33.0,"turns":15.0},{"damage":54.0,"enemies":"3 Darklings","floor":35.0,"turns":9.0},{"damage":11.0,"enemies":"Orb Walker","floor":37.0,"turns":4.0},{"damage":10.0,"enemies":"Spire Growth","floor":38.0,"turns":6.0},{"damage":18,"enemies":"Nemesis","floor":40,"turns":2}],"seed_played":"2908373958674046551","potions_obtained":[{"floor":6.0,"key":"SteroidPotion"},{"floor":8.0,"key":"GhostInAJar"},{"floor":10.0,"key":"GhostInAJar"},{"floor":12.0,"key":"SteroidPotion"},{"floor":14.0,"key":"Strength Potion"},{"floor":16.0,"key":"SteroidPotion"},{"floor":25.0,"key":"SteroidPotion"},{"floor":28.0,"key":"PowerPotion"},{"floor":33.0,"key":"FearPotion"},{"floor":34.0,"key":"Swift Potion"},{"floor":37.0,"key":"Block Potion"}],"is_trial":false,"path_per_floor":["M","M","T","?","M","E","R","E","T","E","M","M","M","M","R","B",null,"M","M","$","?","M","R","E","M","T","R","E","?","T","$","R","B",null,"M","$","M","M","$"],"character_chosen":"THE_SILENT","items_purchased":["Bottled Flame","Snake Skull","Poisoned Stab","Boot","Bane","Whetstone","GhostInAJar"],"campfire_rested":4,"item_purchase_floors":[20,20,20,31,31,36,36],"current_hp_per_floor":[65,64,64,64,56,8,29,21,21,21,23,22,21,23,44,70,70,61,59,59,59,61,61,41,14,14,38,14,8,8,8,32,52,85,31,31,22,14,14,0],"gold":58,"neow_bonus":"","is_prod":false,"is_daily":false,"chose_seed":false,"campfire_upgraded":1,"win_rate":0,"timestamp":1532316778,"path_taken":["M","M","?","?","M","E","R","E","T","E","M","M","M","M","R","BOSS","M","M","$","?","M","R","E","M","T","R","E","?","?","?","R","BOSS","M","$","?","M","$","E"],"build_version":"2018-07-19v2","purchased_purges":1,"victory":false,"max_hp_per_floor":[70,70,70,70,70,70,70,70,70,70,70,70,70,70,70,70,70,70,70,70,70,70,70,80,80,80,80,80,80,80,80,80,80,85,85,85,85,85,85,85],"card_choices":[{"not_picked":["Backflip","Finisher"],"picked":"Cloak And Dagger","floor":1.0},{"not_picked":["Reflex","Caltrops"],"picked":"Distraction","floor":2.0},{"not_picked":["PiercingWail","Slice"],"picked":"Flying Knee","floor":5.0},{"not_picked":["Well Laid Plans","Quick Slash"],"picked":"Poisoned Stab","floor":6.0},{"not_picked":["Bane","Finisher"],"picked":"Glass Knife","floor":8.0},{"not_picked":["Escape Plan","Deadly Poison","Prepared"],"picked":"Dodge and Roll","floor":10.0},{"not_picked":["Outmaneuver","Predator","Tactician"],"picked":"Leg Sweep","floor":11.0},{"not_picked":["Backflip","Setup","Bane"],"picked":"Cloak And Dagger","floor":12.0},{"not_picked":["Dodge and Roll","Flechettes","Cloak And Dagger"],"picked":"PiercingWail","floor":13.0},{"not_picked":["Crippling Poison","Leg Sweep","Tactician"],"picked":"Sucker Punch","floor":14.0},{"not_picked":["Die Die Die","Malaise","Corpse Explosion"],"picked":"Wraith Form v2","floor":16.0},{"not_picked":["Quick Slash","Slice","Masterful Stab"],"picked":"Footwork+1","floor":18.0},{"not_picked":["Dagger Throw","Dodge and Roll+1","Tools of the Trade"],"picked":"Infinite Blades","floor":19.0},{"not_picked":["Concentrate","Infinite Blades","Poisoned Stab"],"picked":"Blade Dance","floor":22.0},{"not_picked":["Dash","PiercingWail","Grand Finale","Caltrops"],"picked":"SKIP","floor":24.0},{"not_picked":["Well Laid Plans","Quick Slash","Dodge and Roll"],"picked":"Heel Hook","floor":25.0},{"not_picked":["Distraction","Underhanded Strike","Deflect"],"picked":"Bouncing Flask+1","floor":28.0},{"not_picked":["Bullet Time","Corpse Explosion","Adrenaline"],"picked":"Storm of Steel","floor":33.0},{"not_picked":["Flying Knee+1","Dodge and Roll","Dagger Spray"],"picked":"Calculated Gamble","floor":34.0},{"not_picked":["Sucker Punch","Slice","Caltrops+1"],"picked":"Adrenaline","floor":35.0},{"not_picked":["Distraction","Crippling Poison","Reflex+1"],"picked":"Flying Knee+1","floor":37.0},{"not_picked":["Infinite Blades","Deflect","Distraction+1"],"picked":"Accuracy","floor":38.0}],"player_experience":125028,"relics_obtained":[{"floor":3.0,"key":"Pantograph"},{"floor":6.0,"key":"Pen Nib"},{"floor":8.0,"key":"Blood Vial"},{"floor":9.0,"key":"Question Card"},{"floor":10.0,"key":"Vajra"},{"floor":24.0,"key":"Pear"},{"floor":26.0,"key":"Kunai"},{"floor":28.0,"key":"Potion Belt"},{"floor":30.0,"key":"Ancient Tea Set"}],"event_choices":[{"event_name":"Golden Idol","player_choice":"Take Wound","floor":4.0,"damage_taken":0.0},{"event_name":"FaceTrader","player_choice":"Leave","floor":21.0,"damage_taken":0.0},{"event_name":"Nest","player_choice":"Joined the Cult","floor":29.0,"damage_taken":0.0}],"is_beta":false,"boss_relics":[{"not_picked":["Black Star","Philosopher\u0027s Stone"],"picked":"WristBlade"},{"not_picked":["Velvet Choker","Snecko Eye"],"picked":"Tiny House"}],"items_purged_floors":[20],"is_endless":false,"potions_floor_spawned":[6,8,10,12,14,16,25,28,33,37],"killed_by":"Nemesis","ascension_level":2}