{"gold_per_floor":[113,88,105,105,121,121,148,148,148,33,51,77,77,152,152,226,226,239,26,39,39,56,56,71,91,115,134,146,146,177,194,194,268,268,278,294,294,294,394,394,420,420,420,430,440,440,465,477,477,477],"floor_reached":51,"playtime":3927,"items_purged":[],"score":1179,"play_id":"e47802f9-bf6b-42af-9d51-612ebbd5cba9","local_time":"20181231163646","is_ascension_mode":true,"campfire_choices":[{"data":"Spot Weakness","floor":6.0,"key":"SMITH"},{"data":"Rampage","floor":8.0,"key":"SMITH"},{"data":"Double Tap","floor":13.0,"key":"SMITH"},{"floor":15.0,"key":"REST"},{"data":"Uppercut","floor":23.0,"key":"SMITH"},{"data":"Demon Form","floor":29.0,"key":"SMITH"},{"floor":32.0,"key":"REST"},{"floor":40.0,"key":"RECALL"},{"floor":42,"key":"REST"},{"floor":46,"key":"REST"},{"floor":49,"key":"REST"}],"neow_cost":"PERCENT_DAMAGE","seed_source_timestamp":511795778779052,"circlet_count":0,"master_deck":["AscendersBane","Strike_R","Defend_R","Defend_R","Defend_R","Defend_R","Bash","Headbutt","Spot Weakness+1","Pummel","Rampage+1","Double Tap+1","Shrug It Off","Burning Pact","Pummel","Demon Form+1","Flex+1","Shrug It Off+1","Cleave","Shrug It Off+1","Finesse+1","Uppercut+1","Armaments+1","Spot Weakness+1","Warcry+1","Immolate","Entrench+1","Shrug It Off+1","Exhume+1","Sword Boomerang+1","Exhume+1","Intimidate+1","Iron Wave+1","Shrug It Off+1","Shockwave+1","Heavy Blade+1"],"special_seed":0,"relics":["Burning Blood","Question Card","Centennial Puzzle","Meat on the Bone","Toxic Egg 2","Mark of Pain","Bag of Marbles","Dream Catcher","Bronze Scales","Fusion Hammer","Incense Burner","Peace Pipe","Molten Egg 2","Regal Pillow"],"potions_floor_usage":[50,50],"damage_taken":[{"damage":12.0,"enemies":"Jaw Worm","floor":1.0,"turns":3.0},{"damage":7.0,"enemies":"Small Slimes","floor":3.0,"turns":4.0},{"damage":6.0,"enemies":"Cultist","floor":5.0,"turns":3.0},{"damage":18.0,"enemies":"Gremlin Nob","floor":7.0,"turns":3.0},{"damage":0.0,"enemies":"Exordium Thugs","floor":11.0,"turns":4.0},{"damage":19.0,"enemies":"Lagavulin","floor":12.0,"turns":5.0},{"damage":36.0,"enemies":"The Guardian","floor":16.0,"turns":7.0},{"damage":26.0,"enemies":"Shell Parasite","floor":18.0,"turns":5.0},{"damage":7.0,"enemies":"Chosen","floor":20.0,"turns":4.0},{"damage":16.0,"enemies":"Shelled Parasite and Fungi","floor":22.0,"turns":4.0},{"damage":18.0,"enemies":"Snake Plant","floor":24.0,"turns":4.0},{"damage":4.0,"enemies":"3 Cultists","floor":25.0,"turns":5.0},{"damage":12.0,"enemies":"Snecko","floor":27.0,"turns":5.0},{"damage":14.0,"enemies":"Centurion and Healer","floor":28.0,"turns":6.0},{"damage":19.0,"enemies":"Book of Stabbing","floor":30.0,"turns":5.0},{"damage":1.0,"enemies":"Cultist and Chosen","floor":31.0,"turns":3.0},{"damage":72.0,"enemies":"Automaton","floor":33.0,"turns":7.0},{"damage":4.0,"enemies":"3 Shapes","floor":35.0,"turns":5.0},{"damage":0.0,"enemies":"3 Darklings","floor":36.0,"turns":3.0},{"damage":0.0,"enemies":"Mind Bloom Boss Battle","floor":39.0,"turns":3.0},{"damage":31,"enemies":"Reptomancer","floor":41,"turns":6},{"damage":23,"enemies":"Spire Growth","floor":44,"turns":3},{"damage":18,"enemies":"Maw","floor":45,"turns":5},{"damage":18,"enemies":"Transient","floor":48,"turns":5},{"damage":86,"enemies":"Time Eater","floor":50,"turns":9}],"seed_played":"5047842827850799558","potions_obtained":[{"floor":5.0,"key":"Strength Potion"},{"floor":12.0,"key":"SteroidPotion"},{"floor":25.0,"key":"Regen Potion"},{"floor":27.0,"key":"Block Potion"},{"floor":31.0,"key":"Regen Potion"}],"is_trial":false,"path_per_floor":["M","?","M","?","M","R","E","R","T","$","M","E","R","T","R","B",null,"M","$","M","?","M","R","M","M","T","M","M","R","E","M","R","B",null,"M","M","?","?","?","R","E","R","T","M","M","R","T","M","R","B",null],"character_chosen":"IRONCLAD","items_purchased":["Double Tap","Shrug It Off","Bag of Marbles","Shrug It Off+1","Cleave"],"campfire_rested":5,"item_purchase_floors":[10,10,19,19,19],"current_hp_per_floor":[45,45,44,44,44,44,32,32,32,32,38,25,25,25,49,31,68,48,48,47,31,33,33,33,47,47,53,57,57,56,61,80,26,67,69,75,75,75,76,76,51,73,73,56,56,76,76,64,76,48],"gold":477,"neow_bonus":"REMOVE_TWO","is_prod":false,"is_daily":false,"chose_seed":false,"campfire_upgraded":5,"win_rate":0,"timestamp":1546292206,"path_taken":["M","?","M","?","?","R","E","R","T","$","M","E","R","?","R","BOSS","M","$","M","?","M","R","M","M","T","?","M","R","E","M","R","BOSS","M","M","?","?","?","R","E","R","T","M","M","R","?","?","R","BOSS"],"build_version":"2018-12-20","purchased_purges":0,"victory":true,"max_hp_per_floor":[80,80,80,80,80,80,80,80,80,80,80,80,80,80,80,80,80,80,80,80,80,80,80,80,80,80,80,80,80,80,80,80,80,80,80,80,80,76,76,76,76,76,76,76,76,76,76,76,76,76],"card_choices":[{"not_picked":["Sword Boomerang","Twin Strike"],"picked":"Headbutt","floor":1.0},{"not_picked":["Wild Strike","Cleave"],"picked":"Spot Weakness","floor":3.0},{"not_picked":["Twin Strike","Headbutt"],"picked":"Pummel","floor":5.0},{"not_picked":["Havoc","Warcry"],"picked":"Rampage","floor":7.0},{"not_picked":["Flex","Spot Weakness","Armaments"],"picked":"Burning Pact","floor":11.0},{"not_picked":["Uppercut","Clothesline","Barricade"],"picked":"Pummel","floor":12.0},{"not_picked":["Reaper","Berserk","Bludgeon"],"picked":"Demon Form","floor":16.0},{"not_picked":["Thunderclap+1","Shockwave+1","Cleave"],"picked":"Flex+1","floor":18.0},{"not_picked":["Carnage+1","Flex+1","Uppercut"],"picked":"Shrug It Off+1","floor":20.0},{"not_picked":["Infernal Blade+1","Carnage","Reckless Charge"],"picked":"Uppercut","floor":22.0},{"not_picked":["Blood for Blood","Twin Strike","Clothesline"],"picked":"Armaments+1","floor":24.0},{"not_picked":["Searing Blow","Burning Pact+1","Sword Boomerang"],"picked":"Spot Weakness+1","floor":25.0},{"not_picked":["Body Slam+1","Havoc+1","Uppercut"],"picked":"Warcry+1","floor":27.0},{"not_picked":["Heavy Blade","Corruption","Uppercut"],"picked":"Immolate","floor":28.0},{"not_picked":["Carnage","Sword Boomerang+1","Cleave"],"picked":"Entrench+1","floor":30.0},{"not_picked":["Rupture","Burning Pact+1","Clash"],"picked":"Shrug It Off+1","floor":31.0},{"not_picked":["Bludgeon","Dark Embrace","Offering+1"],"picked":"Exhume+1","floor":33.0},{"not_picked":["Perfected Strike+1","Thunderclap","Clothesline","Wild Strike"],"picked":"SKIP","floor":35.0},{"not_picked":["Wild Strike","Cleave","Clash"],"picked":"Sword Boomerang+1","floor":36.0},{"not_picked":["Seeing Red+1","Thunderclap","Metallicize"],"picked":"Exhume+1","floor":39.0},{"not_picked":["Clothesline","Sword Boomerang","Iron Wave"],"picked":"Intimidate+1","floor":41},{"not_picked":["Infernal Blade+1","Havoc+1","Blood for Blood+1"],"picked":"Iron Wave+1","floor":44},{"not_picked":["Reckless Charge+1","Whirlwind+1","Power Through+1"],"picked":"Shrug It Off+1","floor":45},{"not_picked":["Rampage+1","Anger+1","Body Slam+1"],"picked":"Shockwave+1","floor":46},{"not_picked":["Armaments+1","Cleave+1","Thunderclap+1","Body Slam+1"],"picked":"SKIP","floor":48},{"not_picked":["Iron Wave+1","Body Slam+1","Headbutt+1"],"picked":"Heavy Blade+1","floor":49}],"player_experience":471501,"relics_obtained":[{"floor":7.0,"key":"Question Card"},{"floor":9.0,"key":"Centennial Puzzle"},{"floor":12.0,"key":"Meat on the Bone"},{"floor":14.0,"key":"Toxic Egg 2"},{"floor":26.0,"key":"Dream Catcher"},{"floor":30.0,"key":"Bronze Scales"},{"floor":39.0,"key":"Incense Burner"},{"floor":41,"key":"Peace Pipe"},{"floor":43,"key":"Molten Egg 2"},{"floor":47,"key":"Regal Pillow"}],"event_choices":[{"damage_healed":0.0,"max_hp_gain":0.0,"max_hp_loss":0.0,"gold_gain":0.0,"event_name":"World of Goop","player_choice":"Left Gold","floor":2.0,"gold_loss":25.0,"damage_taken":0.0},{"cards_removed":["Strike_R"],"damage_healed":0.0,"max_hp_gain":0.0,"max_hp_loss":0.0,"gold_gain":0.0,"event_name":"Purifier","player_choice":"Purged","floor":4.0,"gold_loss":0.0,"damage_taken":0.0},{"damage_healed":0.0,"max_hp_gain":0.0,"max_hp_loss":0.0,"gold_gain":0.0,"event_name":"Knowing Skull","player_choice":"CARD ","floor":21.0,"potions_obtained":[],"gold_loss":0.0,"damage_taken":16.0,"cards_obtained":["Finesse"]},{"cards_removed":["Strike_R"],"damage_healed":0.0,"max_hp_gain":0.0,"max_hp_loss":0.0,"gold_gain":0.0,"event_name":"Falling","player_choice":"Removed Attack","floor":37.0,"gold_loss":0.0,"damage_taken":0.0},{"damage_healed":0.0,"max_hp_gain":0.0,"max_hp_loss":4.0,"gold_gain":0.0,"event_name":"Winding Halls","player_choice":"Max HP","floor":38.0,"gold_loss":0.0,"damage_taken":0.0},{"damage_healed":0.0,"max_hp_gain":0.0,"max_hp_loss":0.0,"gold_gain":0.0,"event_name":"MindBloom","player_choice":"Fight","floor":39.0,"gold_loss":0.0,"damage_taken":0.0}],"is_beta":false,"boss_relics":[{"not_picked":["Runic Cube","Tiny House"],"picked":"Mark of Pain"},{"not_picked":["Velvet Choker","Orrery"],"picked":"Fusion Hammer"}],"items_purged_floors":[],"is_endless":false,"potions_floor_spawned":[5,12,25,27,28,31,33,35,36,41,45,48],"ascension_level":13}