{"gold_per_floor":[118,131,148,165,240,240,258,275,275,286,320,332,332,347,347,443,443,430,128,146,146,71,71],"floor_reached":23,"playtime":1641,"items_purged":[],"score":197,"play_id":"aa8ecaf2-04c4-4d36-bab7-ff5c54b7ec33","local_time":"20180701002437","is_ascension_mode":false,"campfire_choices":[{"data":"Armaments","floor":6,"key":"SMITH"},{"floor":15,"key":"REST"}],"neow_cost":"","seed_source_timestamp":1396297186738,"circlet_count":0,"master_deck":["Strike_R","Strike_R","Strike_R","Strike_R","Strike_R","Defend_R","Defend_R","Defend_R","Defend_R","Bash","Armaments+1","Rampage","Dropkick","Pommel Strike","Perfected Strike","Warcry","Whirlwind","Warcry","Twin Strike","Feed","Burning Pact","Intimidate","Transmutation","Dropkick+1"],"relics":["Burning Blood","Self Forming Clay","Bag of Preparation","Happy Flower","Eternal Feather"],"potions_floor_usage":[12,16,16,23],"damage_taken":[{"damage":0,"enemies":"2 Louse","floor":1,"turns":3},{"damage":5,"enemies":"Cultist","floor":2,"turns":4},{"damage":5,"enemies":"Jaw Worm","floor":3,"turns":6},{"damage":12,"enemies":"Exordium Wildlife","floor":4,"turns":4},{"damage":5,"enemies":"Looter","floor":7,"turns":4},{"damage":38,"enemies":"Lots of Slimes","floor":8,"turns":4},{"damage":3,"enemies":"2 Fungi Beasts","floor":10,"turns":4},{"damage":28,"enemies":"Lagavulin","floor":11,"turns":6},{"damage":12,"enemies":"Exordium Thugs","floor":12,"turns":4},{"damage":2,"enemies":"Blue Slaver","floor":14,"turns":3},{"damage":47,"enemies":"The Guardian","floor":16,"turns":9},{"damage":24,"enemies":"2 Thieves","floor":18,"turns":4},{"damage":37,"enemies":"Shell Parasite","floor":20,"turns":8},{"damage":19,"enemies":"Slavers","floor":23,"turns":1}],"seed_played":"1153771601272210278","potions_obtained":[{"floor":4,"key":"BloodPotion"},{"floor":8,"key":"Ancient Potion"},{"floor":10,"key":"Energy Potion"},{"floor":12,"key":"BloodPotion"},{"floor":16,"key":"GamblersBrew"},{"floor":20,"key":"Ancient Potion"}],"is_trial":false,"path_per_floor":["M","M","M","M","?","R","M","M","T","M","E","M","T","M","R","B",null,"M","$","M","?","?"],"character_chosen":"IRONCLAD","items_purchased":["Burning Pact","Intimidate","Transmutation"],"campfire_rested":1,"item_purchase_floors":[19,19,19],"current_hp_per_floor":[80,80,80,74,63,63,64,32,32,35,13,7,7,11,35,10,80,62,62,31,16,16,0],"gold":71,"neow_bonus":"","is_prod":false,"is_daily":false,"chose_seed":false,"campfire_upgraded":1,"win_rate":0.0,"timestamp":1530419077,"path_taken":["M","M","M","M","?","R","?","M","T","M","E","M","?","M","R","BOSS","M","$","M","?","?","E"],"build_version":"2018-06-28","purchased_purges":0,"victory":false,"max_hp_per_floor":[80,80,80,80,80,80,80,80,80,80,80,80,80,80,80,80,80,80,80,80,85,85,85],"card_choices":[{"not_picked":["Anger","Clothesline"],"picked":"Armaments","floor":1},{"not_picked":["Clothesline","Body Slam"],"picked":"Rampage","floor":2},{"not_picked":["Warcry","Cleave"],"picked":"Dropkick","floor":3},{"not_picked":["Dark Embrace","Clothesline"],"picked":"Pommel Strike","floor":4},{"not_picked":["Anger","Clothesline","Armaments"],"picked":"SKIP","floor":7},{"not_picked":["Twin Strike","Sword Boomerang"],"picked":"Perfected Strike","floor":8},{"not_picked":["Dual Wield","Berserk"],"picked":"Warcry","floor":10},{"not_picked":["Dark Embrace","True Grit"],"picked":"Whirlwind","floor":11},{"not_picked":["Metallicize","Anger"],"picked":"Warcry","floor":12},{"not_picked":["Rage","Bludgeon"],"picked":"Twin Strike","floor":14},{"not_picked":["Juggernaut","Reaper"],"picked":"Feed","floor":16},{"not_picked":["Power Through","Searing Blow"],"picked":"Burning Pact","floor":18},{"not_picked":["Flex+1","Corruption"],"picked":"Dropkick+1","floor":20}],"player_experience":0,"relics_obtained":[{"floor":9,"key":"Self Forming Clay"},{"floor":11,"key":"Bag of Preparation"},{"floor":13,"key":"Happy Flower"}],"event_choices":[{"event_name":"World of Goop","player_choice":"Gather Gold","floor":5,"damage_taken":0},{"event_name":"Forgotten Altar","player_choice":"Shed Blood","floor":21,"damage_taken":0},{"event_name":"Beggar","player_choice":"Gave Gold","floor":22,"damage_taken":0}],"boss_relics":[{"not_picked":["Philosopher\u0027s Stone","Lizard Tail"],"picked":"Eternal Feather"}],"items_purged_floors":[],"is_endless":false,"potions_floor_spawned":[4,8,10,12,16,20],"killed_by":"Slavers","ascension_level":0}