{"gold_per_floor":[110,125,125,139,155,155,186,186,267,267,267,267,301,13,13,87,87,104,122,136,136,152,185,185,210,260,85,103,118,118,147,147,219,219,237,284,301,128,228,254,254,288,288,301,301,313,313,345,357,369,381,393,405,41,70,70],"floor_reached":57,"playtime":6511,"items_purged":["Strike_B","Strike_B"],"score":3041,"play_id":"11f70790-a02e-46aa-829a-d1a66ae12a8d","local_time":"20190410161754","is_ascension_mode":true,"campfire_choices":[{"data":"Zap","floor":6.0,"key":"SMITH"},{"data":"Self Repair","floor":8.0,"key":"SMITH"},{"data":"Creative AI","floor":10.0,"key":"SMITH"},{"floor":12.0,"key":"REST"},{"data":"Go for the Eyes","floor":15.0,"key":"SMITH"},{"data":"Chill","floor":24.0,"key":"SMITH"},{"data":"Defragment","floor":32.0,"key":"SMITH"},{"data":"Amplify","floor":41.0,"key":"SMITH"},{"floor":45.0,"key":"RECALL"},{"data":"Machine Learning","floor":47.0,"key":"SMITH"},{"data":"Coolheaded","floor":49.0,"key":"SMITH"},{"data":"Hologram","floor":53,"key":"SMITH"}],"neow_cost":"NONE","seed_source_timestamp":0,"circlet_count":0,"master_deck":["AscendersBane","Strike_B","Defend_B","Defend_B","Defend_B","Defend_B","Zap+1","Dualcast+1","Chill+1","Go for the Eyes+1","Self Repair+1","Ball Lightning","Creative AI+1","Hologram+1","Seek","Compile Driver","Coolheaded+1","Coolheaded","Undo","Go for the Eyes","Defragment+1","Coolheaded+1","Barrage","Amplify+1","Go for the Eyes+1","Coolheaded","Coolheaded","Hello World","Hologram","Barrage+1","Machine Learning+1","Master of Strategy"],"special_seed":0,"relics":["Black Star","Bird Faced Urn","Lantern","Mummified Hand","Emotion Chip","Oddly Smooth Stone","OrangePellets","Inserter","Blood Vial","Dead Branch","Prayer Wheel","Darkstone Periapt","Ancient Tea Set","War Paint","Pear","Bronze Scales","Cursed Key","Du-Vu Doll","Omamori","Mango","Mercury Hourglass","Strawberry","Molten Egg 2","PreservedInsect","MawBank","Bottled Flame","DataDisk","Dodecahedron","Happy Flower"],"potions_floor_usage":[56,56],"damage_taken":[{"damage":4.0,"enemies":"Jaw Worm","floor":1.0,"turns":5.0},{"damage":5.0,"enemies":"Small Slimes","floor":2.0,"turns":6.0},{"damage":5.0,"enemies":"2 Louse","floor":4.0,"turns":2.0},{"damage":10.0,"enemies":"Exordium Thugs","floor":5.0,"turns":6.0},{"damage":44.0,"enemies":"Gremlin Nob","floor":7.0,"turns":4.0},{"damage":5.0,"enemies":"3 Sentries","floor":13.0,"turns":6.0},{"damage":36.0,"enemies":"The Guardian","floor":16.0,"turns":12.0},{"damage":9.0,"enemies":"Shell Parasite","floor":18.0,"turns":8.0},{"damage":17.0,"enemies":"3 Byrds","floor":19.0,"turns":5.0},{"damage":20.0,"enemies":"Shelled Parasite and Fungi","floor":20.0,"turns":6.0},{"damage":36.0,"enemies":"Snake Plant","floor":22.0,"turns":5.0},{"damage":17.0,"enemies":"Gremlin Leader","floor":23.0,"turns":7.0},{"damage":32.0,"enemies":"Slavers","floor":25.0,"turns":6.0},{"damage":39.0,"enemies":"3 Cultists","floor":28.0,"turns":6.0},{"damage":9.0,"enemies":"Sentry and Sphere","floor":29.0,"turns":8.0},{"damage":24.0,"enemies":"Gremlin Leader","floor":31.0,"turns":8.0},{"damage":8.0,"enemies":"Champ","floor":33.0,"turns":11.0},{"damage":0.0,"enemies":"3 Darklings","floor":35.0,"turns":5.0},{"damage":42.0,"enemies":"2 Orb Walkers","floor":36.0,"turns":9.0},{"damage":6.0,"enemies":"Orb Walker","floor":37.0,"turns":4.0},{"damage":0.0,"enemies":"Mind Bloom Boss Battle","floor":39.0,"turns":5.0},{"damage":0.0,"enemies":"Giant Head","floor":40.0,"turns":10.0},{"damage":21.0,"enemies":"Nemesis","floor":42.0,"turns":7.0},{"damage":16.0,"enemies":"3 Darklings","floor":44.0,"turns":5.0},{"damage":2.0,"enemies":"Writhing Mass","floor":46.0,"turns":8.0},{"damage":0.0,"enemies":"Reptomancer","floor":48.0,"turns":6.0},{"damage":0.0,"enemies":"Time Eater","floor":50.0,"turns":11.0},{"damage":14,"enemies":"Donu and Deca","floor":51,"turns":11},{"damage":5,"enemies":"Shield and Spear","floor":55,"turns":8},{"damage":21,"enemies":"The Heart","floor":56,"turns":7}],"seed_played":"5404826945840368615","potions_obtained":[{"floor":7.0,"key":"GamblersBrew"},{"floor":13.0,"key":"AttackPotion"},{"floor":16.0,"key":"EssenceOfSteel"},{"floor":18.0,"key":"LiquidBronze"},{"floor":31.0,"key":"EssenceOfSteel"},{"floor":39.0,"key":"Weak Potion"},{"floor":42.0,"key":"SpeedPotion"},{"floor":48.0,"key":"SteroidPotion"}],"is_trial":false,"path_per_floor":["M","M","?","M","M","R","E","R","T","R","?","R","E","$","R","B",null,"M","M","M","?","M","E","R","E","T","$","M","M","T","E","R","B",null,"M","?","M","$","?","E","R","E","T","M","R","M","R","E","R","B","B",null,"R","$","E","B",null],"character_chosen":"DEFECT","items_purchased":["OrangePellets","Undo","Omamori","DataDisk","Master of Strategy"],"campfire_rested":1,"item_purchase_floors":[14,27,38,54,54],"current_hp_per_floor":[60,55,60,55,52,52,15,15,15,15,8,30,49,49,49,61,72,76,75,76,76,44,57,57,47,47,47,24,45,45,59,59,86,86,86,86,86,86,100,107,107,107,107,107,107,107,107,107,107,107,107,107,107,107,107,107],"gold":70,"neow_bonus":"BOSS_RELIC","is_prod":false,"is_daily":false,"chose_seed":false,"campfire_upgraded":10,"win_rate":0,"timestamp":1554931074,"path_taken":["M","M","?","M","M","R","E","R","T","R","?","R","E","?","R","BOSS","M","M","M","?","M","E","R","E","T","$","M","M","?","E","R","BOSS","M","?","M","$","?","E","R","E","T","M","R","M","R","E","R","BOSS","BOSS","R","$","E","BOSS"],"build_version":"2019-01-23","purchased_purges":2,"victory":true,"max_hp_per_floor":[71,71,76,76,76,76,76,76,76,76,76,76,76,76,76,76,76,76,76,76,76,76,76,76,76,76,76,76,76,76,86,86,86,86,86,86,86,86,100,107,107,107,107,107,107,107,107,107,107,107,107,107,107,107,107,107],"card_choices":[{"not_picked":["Barrage","Coolheaded"],"picked":"Chill","floor":1.0},{"not_picked":["Leap","Hologram"],"picked":"Go for the Eyes","floor":2.0},{"not_picked":["Aggregate","Coolheaded"],"picked":"Self Repair","floor":4.0},{"not_picked":["Coolheaded","Hologram"],"picked":"Ball Lightning","floor":5.0},{"not_picked":["Go for the Eyes","Conserve Battery"],"picked":"Creative AI","floor":7.0},{"not_picked":["Sweeping Beam","Rebound"],"picked":"Hologram","floor":13.0},{"not_picked":["Amplify","Buffer"],"picked":"Seek","floor":16.0},{"not_picked":["Hologram","Gash+1"],"picked":"Compile Driver","floor":18.0},{"not_picked":["Storm","Tempest","Turbo"],"picked":"SKIP","floor":19.0},{"not_picked":["Storm","Tempest","Turbo"],"picked":"SKIP","floor":19.0},{"not_picked":["Streamline","White Noise+1"],"picked":"Coolheaded","floor":20.0},{"not_picked":["Compile Driver","Capacitor","Gash"],"picked":"SKIP","floor":22.0},{"not_picked":["Blizzard","Rebound","Fission"],"picked":"SKIP","floor":23.0},{"not_picked":["Go for the Eyes","Steam"],"picked":"Coolheaded","floor":25.0},{"not_picked":["Gash","Self Repair"],"picked":"Go for the Eyes","floor":28.0},{"not_picked":["Streamline","Sunder","Stack"],"picked":"SKIP","floor":28.0},{"not_picked":["Coolheaded","Reinforced Body"],"picked":"Defragment","floor":29.0},{"not_picked":["FTL","Multi-Cast"],"picked":"Coolheaded","floor":29.0},{"not_picked":["Cold Snap","Turbo"],"picked":"Barrage","floor":31.0},{"not_picked":["Multi-Cast","All For One"],"picked":"Amplify","floor":33.0},{"not_picked":["Conserve Battery","Auto Shields"],"picked":"Go for the Eyes+1","floor":35.0},{"not_picked":["Cold Snap","Ball Lightning","Aggregate"],"picked":"SKIP","floor":35.0},{"not_picked":["Capacitor+1","Heatsinks"],"picked":"Coolheaded","floor":37.0},{"not_picked":["Beam Cell","Ball Lightning","Sweeping Beam+1"],"picked":"SKIP","floor":37.0},{"not_picked":["Heatsinks","Gash"],"picked":"Coolheaded","floor":39.0},{"not_picked":["Beam Cell","Compile Driver"],"picked":"Hello World","floor":40.0},{"not_picked":["Ball Lightning","Multi-Cast","Fusion"],"picked":"SKIP","floor":42.0},{"not_picked":["Compile Driver+1","Self Repair+1"],"picked":"Hologram","floor":44.0},{"not_picked":["Rebound+1","Go for the Eyes+1","Steam"],"picked":"SKIP","floor":44.0},{"not_picked":["Beam Cell+1","Sweeping Beam+1"],"picked":"Barrage+1","floor":46.0},{"not_picked":["Stack","Gash+1"],"picked":"Machine Learning","floor":46.0},{"not_picked":["Cold Snap+1","Ball Lightning+1","Melter+1"],"picked":"SKIP","floor":48.0},{"not_picked":["Coolheaded","Leap","Barrage+1"],"picked":"SKIP","floor":55}],"player_experience":1016733,"relics_obtained":[{"floor":7.0,"key":"Bird Faced Urn"},{"floor":7.0,"key":"Lantern"},{"floor":9.0,"key":"Mummified Hand"},{"floor":13.0,"key":"Emotion Chip"},{"floor":13.0,"key":"Oddly Smooth Stone"},{"floor":23.0,"key":"Blood Vial"},{"floor":23.0,"key":"Dead Branch"},{"floor":25.0,"key":"Prayer Wheel"},{"floor":25.0,"key":"Darkstone Periapt"},{"floor":26.0,"key":"Ancient Tea Set"},{"floor":30.0,"key":"War Paint"},{"floor":31.0,"key":"Pear"},{"floor":31.0,"key":"Bronze Scales"},{"floor":36.0,"key":"Du-Vu Doll"},{"floor":39.0,"key":"Mango"},{"floor":40.0,"key":"Mercury Hourglass"},{"floor":40.0,"key":"Strawberry"},{"floor":42.0,"key":"Molten Egg 2"},{"floor":42.0,"key":"PreservedInsect"},{"floor":48.0,"key":"MawBank"},{"floor":48.0,"key":"Bottled Flame"},{"floor":55,"key":"Dodecahedron"},{"floor":55,"key":"Happy Flower"}],"event_choices":[{"damage_healed":0.0,"max_hp_gain":5.0,"max_hp_loss":0.0,"gold_gain":0.0,"event_name":"Big Fish","player_choice":"Donut","floor":3.0,"gold_loss":0.0,"damage_taken":0.0},{"cards_removed":["Strike_B"],"damage_healed":0.0,"max_hp_gain":0.0,"max_hp_loss":0.0,"gold_gain":0.0,"event_name":"Golden Wing","player_choice":"Card Removal","floor":11.0,"gold_loss":0.0,"damage_taken":7.0},{"damage_healed":0.0,"max_hp_gain":0.0,"max_hp_loss":0.0,"gold_gain":0.0,"event_name":"Ghosts","player_choice":"Ignored","floor":21.0,"gold_loss":0.0,"damage_taken":0.0},{"damage_healed":0.0,"max_hp_gain":0.0,"max_hp_loss":0.0,"gold_gain":0.0,"event_name":"Mysterious Sphere","player_choice":"Fight","floor":36.0,"gold_loss":0.0,"damage_taken":0.0},{"damage_healed":0.0,"max_hp_gain":0.0,"max_hp_loss":0.0,"gold_gain":0.0,"event_name":"MindBloom","player_choice":"Fight","floor":39.0,"gold_loss":0.0,"damage_taken":0.0}],"is_beta":false,"boss_relics":[{"not_picked":["Lizard Tail","Snecko Eye"],"picked":"Inserter"},{"not_picked":["Calling Bell","Astrolabe"],"picked":"Cursed Key"}],"items_purged_floors":[14,27],"is_endless":false,"potions_floor_spawned":[7,13,16,18,20,31,39,42,46,48,55],"ascension_level":20}