{"gold_per_floor":[18,18,18,18,18,31,31,50,50,60,89,89,117,129,129,204,204,224,237,336,336,349,375,375,389,389,408,421,421,421,23,23,94,94,108,108,123,142,542,542,568,568,568,586,586,605,622,0,0,0],"floor_reached":51,"playtime":4606,"items_purged":[],"score":1137,"play_id":"6f331de0-e8c4-49d4-8235-c8c0e8004705","local_time":"20181231151355","is_ascension_mode":true,"campfire_choices":[{"data":"Auto Shields","floor":7.0,"key":"SMITH"},{"data":"Rebound","floor":12.0,"key":"SMITH"},{"data":"Zap","floor":15.0,"key":"SMITH"},{"floor":24.0,"key":"REST"},{"floor":30.0,"key":"REST"},{"floor":32.0,"key":"REST"},{"data":"Defragment","floor":40.0,"key":"SMITH"},{"floor":45,"key":"REST"},{"floor":49,"key":"REST"}],"neow_cost":"NO_GOLD","seed_source_timestamp":506455794454349,"circlet_count":0,"master_deck":["AscendersBane","Defend_B","Defend_B","Defend_B","Defend_B","Dualcast","Ball Lightning","Auto Shields+1","Cold Snap","White Noise","Rebound+1","Rebound","Steam+1","Doom and Gloom","Coolheaded+1","Core Surge","Coolheaded+1","Glacier+1","Leap+1","Melter+1","Compile Driver","Glacier+1","Enlightenment+1","Fission+1","Fission+1","Redo+1","Capacitor","Self Repair","Defragment+1","Compile Driver+1","Coolheaded+1","Chaos+1","Chaos+1"],"special_seed":0,"relics":["FrozenCore","Oddly Smooth Stone","Toxic Egg 2","Odd Mushroom","Bag of Marbles","Sozu","Bag of Preparation","DataDisk","Ancient Tea Set","Old Coin","Pen Nib","Red Mask"],"potions_floor_usage":[],"damage_taken":[{"damage":2.0,"enemies":"Small Slimes","floor":1.0,"turns":3.0},{"damage":0.0,"enemies":"2 Louse","floor":6.0,"turns":2.0},{"damage":0.0,"enemies":"Cultist","floor":8.0,"turns":3.0},{"damage":0.0,"enemies":"Large Slime","floor":10.0,"turns":5.0},{"damage":10.0,"enemies":"The Mushroom Lair","floor":11.0,"turns":4.0},{"damage":25.0,"enemies":"Gremlin Nob","floor":13.0,"turns":4.0},{"damage":5.0,"enemies":"Looter","floor":14.0,"turns":2.0},{"damage":2.0,"enemies":"Hexaghost","floor":16.0,"turns":7.0},{"damage":12.0,"enemies":"3 Byrds","floor":18.0,"turns":4.0},{"damage":3.0,"enemies":"Chosen","floor":19.0,"turns":6.0},{"damage":15.0,"enemies":"Sentry and Sphere","floor":22.0,"turns":5.0},{"damage":13.0,"enemies":"Gremlin Leader","floor":23.0,"turns":5.0},{"damage":0.0,"enemies":"Cultist and Chosen","floor":25.0,"turns":6.0},{"damage":14.0,"enemies":"Centurion and Healer","floor":27.0,"turns":6.0},{"damage":0.0,"enemies":"Snecko","floor":28.0,"turns":6.0},{"damage":23.0,"enemies":"Collector","floor":33.0,"turns":12.0},{"damage":0.0,"enemies":"Orb Walker","floor":35.0,"turns":4.0},{"damage":2.0,"enemies":"3 Shapes","floor":37.0,"turns":5.0},{"damage":26.0,"enemies":"Maw","floor":38.0,"turns":9.0},{"damage":0.0,"enemies":"Mind Bloom Boss Battle","floor":39.0,"turns":8.0},{"damage":8.0,"enemies":"Nemesis","floor":41.0,"turns":7.0},{"damage":20,"enemies":"Jaw Worm Horde","floor":44,"turns":7},{"damage":1,"enemies":"Writhing Mass","floor":46,"turns":6},{"damage":6,"enemies":"Spire Growth","floor":47,"turns":6},{"damage":48,"enemies":"Donu and Deca","floor":50,"turns":15}],"seed_played":"7849306353226365592","potions_obtained":[{"floor":4.0,"key":"FocusPotion"},{"floor":4.0,"key":"SkillPotion"},{"floor":13.0,"key":"Poison Potion"}],"is_trial":false,"path_per_floor":["M","?","?","?","$","M","R","M","T","M","?","R","E","M","R","B",null,"M","M","?","?","M","E","R","M","T","M","M","?","R","$","R","B",null,"M","?","M","M","?","R","E","?","T","M","R","M","M","?","R","B",null],"character_chosen":"DEFECT","items_purchased":["Enlightenment+1","Fission+1","Ancient Tea Set"],"campfire_rested":5,"item_purchase_floors":[31,31,31],"current_hp_per_floor":[66,66,59,59,59,59,59,59,59,59,49,49,24,19,19,17,61,49,46,46,46,31,18,40,40,40,26,26,26,48,48,70,47,68,68,68,66,40,47,47,46,46,46,33,55,61,62,62,75,27],"gold":0,"neow_bonus":"TRANSFORM_TWO_CARDS","is_prod":false,"is_daily":false,"chose_seed":false,"campfire_upgraded":4,"win_rate":0,"timestamp":1546287235,"path_taken":["M","?","?","?","$","M","R","?","T","M","?","R","E","M","R","BOSS","M","M","?","?","M","E","R","M","T","M","M","?","R","$","R","BOSS","M","?","?","M","?","R","E","?","T","?","R","M","M","?","R","BOSS"],"build_version":"2018-12-20","purchased_purges":0,"victory":true,"max_hp_per_floor":[75,75,75,75,75,75,75,75,75,75,75,75,75,75,75,75,75,75,75,75,75,75,75,75,75,75,75,75,75,75,75,75,75,75,75,75,75,75,75,75,75,75,75,75,75,75,75,75,75,75],"card_choices":[{"not_picked":["Streamline","Go for the Eyes"],"picked":"Cold Snap","floor":1.0},{"not_picked":["Turbo","Recycle"],"picked":"White Noise","floor":6.0},{"not_picked":["Fusion","Hologram"],"picked":"Rebound","floor":8.0},{"not_picked":["Barrage","Ball Lightning"],"picked":"Rebound","floor":10.0},{"not_picked":["Compile Driver","Rebound"],"picked":"Steam+1","floor":11.0},{"not_picked":["Leap+1","Compile Driver"],"picked":"Doom and Gloom","floor":13.0},{"not_picked":["Recycle+1","Blizzard"],"picked":"Coolheaded+1","floor":14.0},{"not_picked":["Machine Learning","Buffer"],"picked":"Core Surge","floor":16.0},{"not_picked":["Doom and Gloom+1","Steam+1"],"picked":"Coolheaded+1","floor":18.0},{"not_picked":["FTL","Turbo+1"],"picked":"Glacier+1","floor":19.0},{"not_picked":["Beam Cell","FTL"],"picked":"Leap+1","floor":22.0},{"not_picked":["Go for the Eyes","Conserve Battery+1"],"picked":"Melter+1","floor":23.0},{"not_picked":["Barrage","Coolheaded+1"],"picked":"Compile Driver","floor":25.0},{"not_picked":["Doom and Gloom","Gash","Scrape"],"picked":"SKIP","floor":27.0},{"not_picked":["Hello World","Go for the Eyes"],"picked":"Glacier+1","floor":28.0},{"not_picked":["Reboot+1","Hyperbeam"],"picked":"Fission+1","floor":33.0},{"not_picked":["Stack+1","Barrage"],"picked":"Redo+1","floor":35.0},{"not_picked":["Conserve Battery+1","Beam Cell"],"picked":"Capacitor","floor":37.0},{"not_picked":["Sweeping Beam","Glacier+1"],"picked":"Self Repair","floor":38.0},{"not_picked":["Double Energy+1","All For One"],"picked":"Defragment","floor":39.0},{"not_picked":["Sweeping Beam","Steam+1"],"picked":"Compile Driver+1","floor":41.0},{"not_picked":["Sweeping Beam","Heatsinks"],"picked":"Coolheaded+1","floor":44},{"not_picked":["Tempest+1","Leap+1"],"picked":"Chaos+1","floor":46},{"not_picked":["Redo+1","Gash+1"],"picked":"Chaos+1","floor":47}],"player_experience":466895,"relics_obtained":[{"floor":9.0,"key":"Toxic Egg 2"},{"floor":11.0,"key":"Odd Mushroom"},{"floor":13.0,"key":"Bag of Marbles"},{"floor":23.0,"key":"Bag of Preparation"},{"floor":26.0,"key":"DataDisk"},{"floor":39.0,"key":"Old Coin"},{"floor":41.0,"key":"Pen Nib"}],"event_choices":[{"damage_healed":0.0,"max_hp_gain":0.0,"max_hp_loss":0.0,"gold_gain":0.0,"event_name":"Big Fish","player_choice":"Box","floor":2.0,"gold_loss":0.0,"damage_taken":0.0,"relics_obtained":["Oddly Smooth Stone"],"cards_obtained":["Regret"]},{"cards_removed":["Regret"],"damage_healed":0.0,"max_hp_gain":0.0,"max_hp_loss":0.0,"gold_gain":0.0,"event_name":"Golden Wing","player_choice":"Card Removal","floor":3.0,"gold_loss":0.0,"damage_taken":7.0},{"damage_healed":0.0,"max_hp_gain":0.0,"max_hp_loss":0.0,"gold_gain":0.0,"event_name":"Lab","player_choice":"Got Potions","floor":4.0,"gold_loss":0.0,"damage_taken":0.0},{"damage_healed":0.0,"max_hp_gain":0.0,"max_hp_loss":0.0,"gold_gain":0.0,"event_name":"Mushrooms","player_choice":"Fought Mushrooms","floor":11.0,"gold_loss":0.0,"damage_taken":0.0},{"damage_healed":0.0,"max_hp_gain":0.0,"max_hp_loss":0.0,"gold_gain":99.0,"event_name":"Nest","player_choice":"Stole From Cult","floor":20.0,"gold_loss":0.0,"damage_taken":0.0},{"damage_healed":0.0,"max_hp_gain":0.0,"max_hp_loss":0.0,"gold_gain":0.0,"event_name":"Vampires","player_choice":"Ignored","floor":21.0,"gold_loss":0.0,"damage_taken":0.0},{"cards_removed":["Strike_B"],"damage_healed":0.0,"max_hp_gain":0.0,"max_hp_loss":0.0,"gold_gain":0.0,"event_name":"Purifier","player_choice":"Purged","floor":29.0,"gold_loss":0.0,"damage_taken":0.0},{"cards_removed":["Strike_B"],"damage_healed":0.0,"max_hp_gain":0.0,"max_hp_loss":0.0,"gold_gain":0.0,"event_name":"Purifier","player_choice":"Purged","floor":36.0,"gold_loss":0.0,"damage_taken":0.0},{"damage_healed":0.0,"max_hp_gain":0.0,"max_hp_loss":0.0,"gold_gain":0.0,"event_name":"MindBloom","player_choice":"Fight","floor":39.0,"gold_loss":0.0,"damage_taken":0.0},{"cards_removed":["Zap"],"damage_healed":0.0,"max_hp_gain":0.0,"max_hp_loss":0.0,"gold_gain":0.0,"event_name":"Falling","player_choice":"Removed Skill","floor":42.0,"gold_loss":0.0,"damage_taken":0.0},{"damage_healed":0,"gold_gain":0,"player_choice":"Paid","damage_taken":0,"relics_obtained":["Red Mask"],"max_hp_gain":0,"max_hp_loss":0,"event_name":"Tomb of Lord Red Mask","floor":48,"gold_loss":622}],"is_beta":false,"boss_relics":[{"not_picked":["Coffee Dripper","Nuclear Battery"],"picked":"Sozu"},{"not_picked":["Empty Cage","Orrery"],"picked":"FrozenCore"}],"items_purged_floors":[],"is_endless":false,"potions_floor_spawned":[6,13,14,22,23,27,35,37,46,47],"ascension_level":13}