{"gold_per_floor":[119,130,130,130,130,130,143,187,242,242,242,257,296,312,312,431,431,450,119,143,68,88,88],"floor_reached":23,"playtime":1016,"items_purged":["Strike_B"],"score":211,"play_id":"a56346dc-6153-4be2-ae80-1d1701093673","local_time":"20180721183638","is_ascension_mode":true,"campfire_choices":[{"data":"Zap","floor":6,"key":"SMITH"},{"floor":11,"key":"REST"},{"floor":15,"key":"REST"}],"neow_cost":"NONE","seed_source_timestamp":239393478963001,"circlet_count":0,"master_deck":["Strike_B","Strike_B","Defend_B","Defend_B","Defend_B","Defend_B","Zap+1","Dualcast","Thunder Strike","Hologram","Double Energy+1","Rip and Tear","Amplify","Melter","Sunder","Machine Learning","Coolheaded","Capacitor+1"],"relics":["Cracked Core","Strawberry","Golden Idol","Bag of Marbles","Art of War","Dodecahedron","Snecko Eye","Frozen Egg 2"],"potions_floor_usage":[12,16,16,16,22,23,23],"damage_taken":[{"damage":0,"enemies":"Cultist","floor":1,"turns":4},{"damage":0,"enemies":"2 Louse","floor":2,"turns":3},{"damage":6,"enemies":"Jaw Worm","floor":7,"turns":2},{"damage":27,"enemies":"3 Sentries","floor":8,"turns":8},{"damage":7,"enemies":"3 Louse","floor":12,"turns":3},{"damage":6,"enemies":"Gremlin Nob","floor":13,"turns":3},{"damage":0,"enemies":"2 Fungi Beasts","floor":14,"turns":2},{"damage":40,"enemies":"Hexaghost","floor":16,"turns":8},{"damage":26,"enemies":"3 Byrds","floor":18,"turns":5},{"damage":20,"enemies":"2 Thieves","floor":20,"turns":4},{"damage":22,"enemies":"Centurion and Healer","floor":22,"turns":5},{"damage":21,"enemies":"Book of Stabbing","floor":23,"turns":3}],"seed_played":"-3404019203912758722","potions_obtained":[{"floor":1,"key":"Weak Potion"},{"floor":8,"key":"PowerPotion"},{"floor":10,"key":"SkillPotion"},{"floor":10,"key":"SkillPotion"},{"floor":14,"key":"Block Potion"},{"floor":16,"key":"FocusPotion"},{"floor":20,"key":"GamblersBrew"},{"floor":22,"key":"AttackPotion"}],"is_trial":false,"path_per_floor":["M","M","?","?","?","R","M","E","T","?","R","M","E","M","R","B",null,"M","$","M","?","M"],"character_chosen":"DEFECT","items_purchased":["Frozen Egg 2"],"campfire_rested":2,"item_purchase_floors":[19],"current_hp_per_floor":[75,75,70,50,50,50,44,17,17,17,41,34,28,28,52,12,82,56,56,36,36,14,0],"gold":88,"neow_bonus":"ONE_RANDOM_RARE_CARD","is_prod":false,"is_daily":false,"chose_seed":false,"campfire_upgraded":1,"win_rate":0,"timestamp":1532212598,"path_taken":["M","M","?","?","?","R","M","E","T","?","R","M","E","?","R","BOSS","M","$","M","?","M","E"],"build_version":"2018-07-19v2","purchased_purges":1,"victory":false,"max_hp_per_floor":[75,75,82,82,82,82,82,82,82,82,82,82,82,82,82,82,82,82,82,82,82,82,82],"card_choices":[{"not_picked":["Leap","Go for the Eyes"],"picked":"Hologram","floor":1},{"not_picked":["Redo","Cold Snap"],"picked":"Double Energy","floor":2},{"not_picked":["Lockon","Stack","Barrage"],"picked":"SKIP","floor":7},{"not_picked":["Defragment","Go for the Eyes"],"picked":"Rip and Tear","floor":8},{"not_picked":["Skim","Tempest"],"picked":"Amplify","floor":12},{"not_picked":["Force Field","Reprogram"],"picked":"Melter","floor":13},{"not_picked":["Redo","Ball Lightning"],"picked":"Sunder","floor":14},{"not_picked":["Multi-Cast","Amplify"],"picked":"Machine Learning","floor":16},{"not_picked":["Leap","Compile Driver"],"picked":"Coolheaded","floor":18},{"not_picked":["Ball Lightning","Hologram","Coolheaded"],"picked":"SKIP","floor":20},{"not_picked":["Steam","Sweeping Beam"],"picked":"Capacitor+1","floor":22}],"player_experience":107906,"relics_obtained":[{"floor":8,"key":"Bag of Marbles"},{"floor":9,"key":"Art of War"},{"floor":13,"key":"Dodecahedron"}],"event_choices":[{"event_name":"Scrap Ooze","player_choice":"success","floor":3,"damage_taken":12},{"event_name":"Golden Idol","player_choice":"Take Damage","floor":4,"damage_taken":0},{"event_name":"Living Wall","player_choice":"Grow","floor":5,"damage_taken":0},{"event_name":"The Lab","player_choice":"Got Potions","floor":10,"damage_taken":0},{"event_name":"Beggar","player_choice":"Gave Gold","floor":21,"damage_taken":0}],"is_beta":false,"boss_relics":[{"not_picked":["Tiny House","Lizard Tail"],"picked":"Snecko Eye"}],"items_purged_floors":[19],"is_endless":false,"potions_floor_spawned":[1,8,14,16,20,22],"killed_by":"Book of Stabbing","ascension_level":1}