{"gold_per_floor":[113,113,124,124,135,163,174,187,187,187,187,187,187,11,11,11],"floor_reached":16,"playtime":811,"items_purged":[],"score":102,"play_id":"68acab87-4527-43e9-8316-83675f5ed959","local_time":"20190504223005","is_ascension_mode":false,"campfire_choices":[{"floor":15,"key":"REST"}],"neow_cost":"TEN_PERCENT_HP_LOSS","seed_source_timestamp":265752505470599,"circlet_count":0,"master_deck":["Strike_R","Strike_R","Strike_R","Strike_R","Defend_R","Defend_R","Defend_R","Defend_R","Bash","Shrug It Off","Twin Strike","Shrug It Off","Barricade","Whirlwind+1","Anger","Inflame","Limit Break"],"relics":["Burning Blood","WingedGreaves","Oddly Smooth Stone","Mummified Hand","Golden Idol"],"potions_floor_usage":[5,6],"damage_taken":[{"damage":0,"enemies":"2 Louse","floor":1,"turns":3},{"damage":7,"enemies":"Small Slimes","floor":3,"turns":5},{"damage":8,"enemies":"Cultist","floor":5,"turns":5},{"damage":35,"enemies":"Lagavulin","floor":6,"turns":8},{"damage":0,"enemies":"Large Slime","floor":7,"turns":5},{"damage":3,"enemies":"Blue Slaver","floor":8,"turns":3},{"damage":3,"enemies":"2 Fungi Beasts","floor":10,"turns":5},{"damage":60,"enemies":"The Guardian","floor":16,"turns":12}],"seed_played":"4557099070517112810","potions_obtained":[{"floor":1,"key":"Explosive Potion"},{"floor":3,"key":"SteroidPotion"}],"is_trial":false,"path_per_floor":["M","?","M","?","M","E","M","M","T","M","?","?","?","$","R","B"],"character_chosen":"IRONCLAD","items_purchased":["Inflame","Limit Break"],"campfire_rested":1,"item_purchase_floors":[14,14],"current_hp_per_floor":[72,65,64,64,62,33,39,42,42,45,45,27,32,32,55,0],"gold":11,"neow_bonus":"ONE_RARE_RELIC","is_prod":false,"is_daily":false,"chose_seed":false,"campfire_upgraded":0,"win_rate":0.0,"timestamp":1557001805,"path_taken":["M","?","M","?","M","E","?","M","T","M","?","?","?","?","R","BOSS"],"build_version":"2019-01-23","purchased_purges":0,"victory":false,"max_hp_per_floor":[72,72,72,72,72,72,72,72,72,72,72,72,77,77,77,77],"card_choices":[{"not_picked":["Hemokinesis","Rupture","Bloodletting"],"picked":"SKIP","floor":1},{"not_picked":["Anger","Disarm"],"picked":"Shrug It Off","floor":3},{"not_picked":["Sword Boomerang","Clash"],"picked":"Twin Strike","floor":5},{"not_picked":["Burning Pact","Perfected Strike"],"picked":"Shrug It Off","floor":6},{"not_picked":["Iron Wave","Cleave"],"picked":"Barricade","floor":7},{"not_picked":["Anger","Twin Strike"],"picked":"Whirlwind","floor":8},{"not_picked":["Sword Boomerang","Burning Pact"],"picked":"Anger","floor":10}],"player_experience":16005,"relics_obtained":[{"floor":6,"key":"Oddly Smooth Stone"},{"floor":9,"key":"Mummified Hand"}],"event_choices":[{"cards_removed":["Strike_R"],"damage_healed":0,"gold_gain":0,"player_choice":"Card Removal","damage_taken":7,"max_hp_gain":0,"max_hp_loss":0,"event_name":"Golden Wing","floor":2,"gold_loss":0},{"damage_healed":0,"gold_gain":0,"player_choice":"Bought 0 Potions","damage_taken":0,"max_hp_gain":0,"max_hp_loss":0,"event_name":"The Woman in Blue","floor":4,"gold_loss":0},{"damage_healed":0,"gold_gain":0,"player_choice":"Grow","damage_taken":0,"max_hp_gain":0,"max_hp_loss":0,"event_name":"Living Wall","floor":11,"gold_loss":0,"cards_upgraded":["Whirlwind"]},{"damage_healed":0,"gold_gain":0,"player_choice":"Take Damage","damage_taken":18,"relics_obtained":["Golden Idol"],"max_hp_gain":0,"max_hp_loss":0,"event_name":"Golden Idol","floor":12,"gold_loss":0},{"damage_healed":0,"gold_gain":0,"player_choice":"Donut","damage_taken":0,"max_hp_gain":5,"max_hp_loss":0,"event_name":"Big Fish","floor":13,"gold_loss":0}],"is_beta":false,"boss_relics":[],"items_purged_floors":[],"is_endless":false,"potions_floor_spawned":[1,3,10],"killed_by":"The Guardian","ascension_level":0}