{"gold_per_floor":[111,129,149,164,235,264,281,281,308,339,339,32,42,66,66,167,167,178,178,178,195,208,208,227,227,227,142,157,157,172,188,188,188],"floor_reached":33,"playtime":2795,"items_purged":[],"score":261,"play_id":"5b50a39d-7c5f-4f36-b65d-75bc5af75655","local_time":"20190309152523","is_ascension_mode":false,"campfire_choices":[{"data":"Demon Form","floor":8.0,"key":"SMITH"},{"data":"Flame Barrier","floor":15.0,"key":"SMITH"},{"data":"Uppercut","floor":23.0,"key":"SMITH"},{"data":"Seeing Red","floor":29.0,"key":"SMITH"},{"data":"Double Tap","floor":32.0,"key":"SMITH"}],"neow_cost":"NONE","seed_source_timestamp":747847434470505,"circlet_count":0,"master_deck":["Strike_R","Strike_R","Strike_R","Strike_R","Strike_R","Defend_R","Defend_R","Defend_R","Defend_R","Bash","Uppercut+1","Fire Breathing+1","Spot Weakness","True Grit","Warcry","Demon Form+1","Flame Barrier+1","Double Tap+1","Shrug It Off","Cleave","Double Tap","Shrug It Off","Writhe","Cleave","Seeing Red+1","Pommel Strike+1","Fire Breathing+1","Ghostly Armor"],"special_seed":0,"relics":["Black Blood","Boot","Regal Pillow","Vajra","Lantern","Odd Mushroom","Omamori","Bronze Scales","Molten Egg 2"],"potions_floor_usage":[33],"damage_taken":[{"damage":1.0,"enemies":"Small Slimes","floor":1.0,"turns":4.0},{"damage":0.0,"enemies":"2 Louse","floor":2.0,"turns":4.0},{"damage":5.0,"enemies":"Jaw Worm","floor":3.0,"turns":5.0},{"damage":9.0,"enemies":"2 Fungi Beasts","floor":4.0,"turns":5.0},{"damage":6.0,"enemies":"Gremlin Nob","floor":6.0,"turns":3.0},{"damage":1.0,"enemies":"Exordium Wildlife","floor":7.0,"turns":3.0},{"damage":22.0,"enemies":"3 Sentries","floor":10.0,"turns":8.0},{"damage":7.0,"enemies":"Large Slime","floor":13.0,"turns":6.0},{"damage":23.0,"enemies":"The Mushroom Lair","floor":14.0,"turns":5.0},{"damage":57.0,"enemies":"Slime Boss","floor":16.0,"turns":9.0},{"damage":19.0,"enemies":"Shell Parasite","floor":18.0,"turns":8.0},{"damage":0.0,"enemies":"Chosen","floor":21.0,"turns":3.0},{"damage":8.0,"enemies":"Centurion and Healer","floor":22.0,"turns":4.0},{"damage":52.0,"enemies":"3 Cultists","floor":24.0,"turns":6.0},{"damage":10.0,"enemies":"Cultist and Chosen","floor":28.0,"turns":6.0},{"damage":14.0,"enemies":"Chosen and Byrds","floor":30.0,"turns":6.0},{"damage":13.0,"enemies":"Snecko","floor":31.0,"turns":7.0},{"damage":71,"enemies":"Champ","floor":33,"turns":15}],"seed_played":"-5804186319791674842","potions_obtained":[{"floor":1.0,"key":"Poison Potion"},{"floor":3.0,"key":"SkillPotion"},{"floor":4.0,"key":"Strength Potion"},{"floor":13.0,"key":"Regen Potion"},{"floor":18.0,"key":"SkillPotion"},{"floor":21.0,"key":"EssenceOfSteel"},{"floor":28.0,"key":"SpeedPotion"}],"is_trial":false,"path_per_floor":["M","M","M","M","?","E","M","R","T","E","?","$","M","?","R","B",null,"M","?","?","M","M","R","M","?","T","?","M","R","M","M","R","B"],"character_chosen":"IRONCLAD","items_purchased":["Double Tap","Lantern"],"campfire_rested":0,"item_purchase_floors":[12,12],"current_hp_per_floor":[88,88,88,85,85,85,88,88,88,72,69,69,68,65,65,14,88,79,79,79,88,88,88,46,75,75,75,75,75,71,68,68,0],"gold":188,"neow_bonus":"TEN_PERCENT_HP_BONUS","is_prod":false,"is_daily":false,"chose_seed":false,"campfire_upgraded":5,"win_rate":0.0,"timestamp":1552170323,"path_taken":["M","M","M","M","?","E","M","R","T","E","?","?","M","?","R","BOSS","M","?","?","M","?","R","M","?","T","?","M","R","M","M","R","BOSS"],"build_version":"2019-01-23","purchased_purges":0,"victory":false,"max_hp_per_floor":[88,88,88,88,88,88,88,88,88,88,88,88,88,88,88,88,88,88,88,88,88,88,88,88,88,88,88,88,88,88,88,88,88],"card_choices":[{"not_picked":["Searing Blow","Rage"],"picked":"Uppercut","floor":1.0},{"not_picked":["Cleave","Headbutt"],"picked":"Fire Breathing","floor":2.0},{"not_picked":["True Grit","Clash"],"picked":"Spot Weakness","floor":3.0},{"not_picked":["Clash","Body Slam"],"picked":"True Grit","floor":4.0},{"not_picked":["Havoc","Bloodletting"],"picked":"Warcry","floor":6.0},{"not_picked":["Corruption","Fire Breathing"],"picked":"Demon Form","floor":7.0},{"not_picked":["Rupture","Power Through"],"picked":"Flame Barrier","floor":10.0},{"not_picked":["Havoc","Hemokinesis"],"picked":"Shrug It Off","floor":13.0},{"not_picked":["Body Slam","Clash"],"picked":"Cleave","floor":14.0},{"not_picked":["Bludgeon","Exhume"],"picked":"Double Tap","floor":16.0},{"not_picked":["Rage","Thunderclap"],"picked":"Shrug It Off","floor":18.0},{"not_picked":["Sword Boomerang+1","Heavy Blade"],"picked":"Cleave","floor":21.0},{"not_picked":["Havoc+1","Sword Boomerang","Anger"],"picked":"SKIP","floor":22.0},{"not_picked":["Infernal Blade","Clash"],"picked":"Seeing Red","floor":24.0},{"not_picked":["Wild Strike+1","Havoc"],"picked":"Pommel Strike+1","floor":28.0},{"not_picked":["Flex","Anger+1"],"picked":"Fire Breathing+1","floor":30.0},{"not_picked":["Shrug It Off","Perfected Strike+1"],"picked":"Ghostly Armor","floor":31.0}],"player_experience":61352,"relics_obtained":[{"floor":6.0,"key":"Boot"},{"floor":9.0,"key":"Regal Pillow"},{"floor":10.0,"key":"Vajra"},{"floor":14.0,"key":"Odd Mushroom"},{"floor":26.0,"key":"Bronze Scales"}],"event_choices":[{"damage_healed":0.0,"max_hp_gain":0.0,"max_hp_loss":0.0,"gold_gain":71.0,"event_name":"Golden Wing","player_choice":"Gained Gold","floor":5.0,"gold_loss":0.0,"damage_taken":0.0},{"damage_healed":0.0,"max_hp_gain":0.0,"max_hp_loss":0.0,"gold_gain":0.0,"event_name":"Scrap Ooze","player_choice":"Fled","floor":11.0,"gold_loss":0.0,"damage_taken":3.0},{"damage_healed":0.0,"max_hp_gain":0.0,"max_hp_loss":0.0,"gold_gain":0.0,"event_name":"Mushrooms","player_choice":"Fought Mushrooms","floor":14.0,"gold_loss":0.0,"damage_taken":0.0},{"damage_healed":0.0,"max_hp_gain":0.0,"max_hp_loss":0.0,"gold_gain":0.0,"event_name":"The Mausoleum","player_choice":"Opened","floor":19.0,"gold_loss":0.0,"damage_taken":0.0,"relics_obtained":["Omamori"],"cards_obtained":["Writhe"]},{"damage_healed":0.0,"max_hp_gain":0.0,"max_hp_loss":0.0,"gold_gain":0.0,"event_name":"Accursed Blacksmith","player_choice":"Forge","floor":20.0,"gold_loss":0.0,"damage_taken":0.0,"cards_upgraded":["Fire Breathing"]},{"damage_healed":29.0,"max_hp_gain":0.0,"max_hp_loss":0.0,"gold_gain":0.0,"event_name":"The Library","player_choice":"Heal","floor":25.0,"gold_loss":0.0,"damage_taken":0.0},{"damage_healed":0.0,"max_hp_gain":0.0,"max_hp_loss":0.0,"gold_gain":0.0,"event_name":"Addict","player_choice":"Obtained Relic","floor":27.0,"gold_loss":85.0,"damage_taken":0.0,"relics_obtained":["Molten Egg 2"]}],"is_beta":false,"boss_relics":[{"not_picked":["Snecko Eye","Cursed Key"],"picked":"Black Blood"}],"items_purged_floors":[],"is_endless":false,"potions_floor_spawned":[1,3,4,13,18,21,28],"killed_by":"Champ","ascension_level":0}