{"gold_per_floor":[110,110,135,285,46,46,80,80,80,95,95,95,131,206,206,206],"floor_reached":16,"playtime":379,"items_purged":["Doubt"],"score":262,"play_id":"42e3dbf0-5a65-4aa8-bbdb-24bd64438219","local_time":"20190502092511","is_ascension_mode":true,"campfire_choices":[{"data":"Uppercut","floor":6.0,"key":"SMITH"},{"data":"Perfected Strike","floor":8.0,"key":"SMITH"},{"data":"Regret","floor":12.0,"key":"PURGE"},{"data":"Shockwave","floor":15.0,"key":"SMITH"}],"neow_cost":"NONE","seed_source_timestamp":1930228596259575,"circlet_count":0,"master_deck":["AscendersBane","Strike_R","Strike_R","Strike_R","Strike_R","Strike_R","Defend_R","Defend_R","Defend_R","Defend_R","Bash","Anger","Perfected Strike+1","Uppercut+1","Metallicize","Feed","Shockwave+1","Reaper"],"special_seed":0,"relics":["Burning Blood","NeowsBlessing","Golden Idol","Bag of Marbles","Peace Pipe","Pen Nib","Potion Belt"],"potions_floor_usage":[],"damage_taken":[{"damage":0.0,"enemies":"Cultist","floor":1.0,"turns":1.0},{"damage":0.0,"enemies":"2 Louse","floor":3.0,"turns":1.0},{"damage":0.0,"enemies":"3 Sentries","floor":7.0,"turns":1.0},{"damage":9.0,"enemies":"Jaw Worm","floor":10.0,"turns":2.0},{"damage":33.0,"enemies":"Lagavulin","floor":13.0,"turns":7.0},{"damage":25,"enemies":"Hexaghost","floor":16,"turns":9}],"seed_played":"-2580671772141594846","potions_obtained":[{"floor":1.0,"key":"Fire Potion"},{"floor":3.0,"key":"FearPotion"}],"is_trial":false,"path_per_floor":["M","?","M","?","$","R","E","R","T","M","?","R","E","?","R","B"],"character_chosen":"IRONCLAD","items_purchased":["Uppercut","Metallicize"],"campfire_rested":0,"item_purchase_floors":[5,5],"current_hp_per_floor":[74,48,54,54,54,54,60,60,60,57,57,57,30,30,30,5],"gold":206,"neow_bonus":"THREE_ENEMY_KILL","is_prod":false,"is_daily":false,"chose_seed":false,"campfire_upgraded":3,"win_rate":0,"timestamp":1556803511,"path_taken":["M","?","M","?","$","R","E","R","T","M","?","R","E","?","R","BOSS"],"build_version":"2019-04-23","purchased_purges":1,"victory":false,"max_hp_per_floor":[75,75,75,75,75,75,75,75,75,75,75,75,75,75,75,75],"card_choices":[{"not_picked":["Dropkick","Warcry"],"picked":"Anger","floor":1.0},{"not_picked":["Iron Wave","Fire Breathing"],"picked":"Perfected Strike","floor":3.0},{"not_picked":["Clothesline","Pommel Strike"],"picked":"Feed","floor":7.0},{"not_picked":["Clash","Rage"],"picked":"Shockwave","floor":10.0},{"not_picked":["Twin Strike","Sword Boomerang"],"picked":"Reaper","floor":13.0}],"player_experience":1600023,"relics_obtained":[{"floor":7.0,"key":"Bag of Marbles"},{"floor":9.0,"key":"Peace Pipe"},{"floor":13.0,"key":"Potion Belt"}],"event_choices":[{"damage_healed":0.0,"max_hp_gain":0.0,"max_hp_loss":0.0,"gold_gain":0.0,"event_name":"Golden Idol","player_choice":"Take Damage","floor":2.0,"gold_loss":0.0,"damage_taken":26.0,"relics_obtained":["Golden Idol"]},{"damage_healed":0.0,"max_hp_gain":0.0,"max_hp_loss":0.0,"gold_gain":150.0,"event_name":"Liars Game","player_choice":"AGREE","floor":4.0,"gold_loss":0.0,"damage_taken":0.0,"cards_obtained":["Doubt"]},{"damage_healed":0.0,"max_hp_gain":0.0,"max_hp_loss":0.0,"gold_gain":0.0,"event_name":"Big Fish","player_choice":"Box","floor":11.0,"gold_loss":0.0,"damage_taken":0.0,"relics_obtained":["Pen Nib"],"cards_obtained":["Regret"]},{"damage_healed":0.0,"max_hp_gain":0.0,"max_hp_loss":0.0,"gold_gain":75.0,"event_name":"Golden Wing","player_choice":"Gained Gold","floor":14.0,"gold_loss":0.0,"damage_taken":0.0}],"is_beta":true,"boss_relics":[],"items_purged_floors":[5],"is_endless":false,"potions_floor_spawned":[1,3,10],"killed_by":"Hexaghost","ascension_level":20}