{"gold_per_floor":[110,126,143,159,169,169,198,198,248,248,279,279,294,328,328,427,427,444,444,478,497,513,513,542,542,542,576,576,576,576,124,124,229,229,246,260,260,337,337,362,362,362,362,390,402,402,412,443,443,443],"floor_reached":51,"playtime":2842,"items_purged":[],"score":1033,"play_id":"6bfe00e5-b78c-4e3a-af99-ae6b925eac8a","local_time":"20180819152537","is_ascension_mode":true,"campfire_choices":[{"floor":6.0,"key":"REST"},{"floor":8.0,"key":"REST"},{"floor":15.0,"key":"REST"},{"data":"Thunderclap","floor":23.0,"key":"SMITH"},{"data":"Defend_R","floor":25.0,"key":"SMITH"},{"data":"Defend_R","floor":30.0,"key":"SMITH"},{"data":"Armaments","floor":32.0,"key":"SMITH"},{"floor":41.0,"key":"REST"},{"data":"Shrug It Off","floor":46.0,"key":"SMITH"},{"floor":49.0,"key":"REST"}],"neow_cost":"PERCENT_DAMAGE","seed_source_timestamp":0,"circlet_count":0,"master_deck":["Strike_R","Strike_R","Defend_R+1","Defend_R","Defend_R","Defend_R+1","Bash","Feed","Thunderclap+1","Shrug It Off+1","Armaments+1","Inflame","Twin Strike","Dropkick","Dropkick","Headbutt","Pummel","Fiend Fire","Fire Breathing","Pommel Strike","Armaments+1","Exhume+1","Dropkick+1","Battle Trance+1","True Grit+1","Feed+1","Flex+1"],"special_seed":0,"relics":["Burning Blood","Mummified Hand","Ancient Tea Set","Bottled Flame","Regal Pillow","Busted Crown","Toxic Egg 2","Red Mask","Molten Egg 2","Bag of Preparation","Torii","Calipers","Bottled Lightning","Mark of Pain","Du-Vu Doll","Tiny Chest","FaceOfCleric","Darkstone Periapt","Letter Opener","Gremlin Horn","Oddly Smooth Stone"],"potions_floor_usage":[],"damage_taken":[{"damage":6.0,"enemies":"Cultist","floor":1.0,"turns":4.0},{"damage":12.0,"enemies":"Jaw Worm","floor":2.0,"turns":4.0},{"damage":6.0,"enemies":"2 Louse","floor":3.0,"turns":2.0},{"damage":34.0,"enemies":"Large Slime","floor":4.0,"turns":8.0},{"damage":26.0,"enemies":"Gremlin Gang","floor":5.0,"turns":4.0},{"damage":16.0,"enemies":"Gremlin Nob","floor":7.0,"turns":3.0},{"damage":15.0,"enemies":"Lagavulin","floor":11.0,"turns":7.0},{"damage":2.0,"enemies":"2 Fungi Beasts","floor":13.0,"turns":4.0},{"damage":20.0,"enemies":"3 Sentries","floor":14.0,"turns":6.0},{"damage":71.0,"enemies":"Hexaghost","floor":16.0,"turns":9.0},{"damage":0.0,"enemies":"Chosen","floor":18.0,"turns":4.0},{"damage":46.0,"floor":20.0,"turns":5.0},{"damage":2.0,"enemies":"3 Byrds","floor":21.0,"turns":4.0},{"damage":2.0,"enemies":"Snecko","floor":22.0,"turns":4.0},{"damage":16.0,"enemies":"Slavers","floor":24.0,"turns":5.0},{"damage":16.0,"enemies":"Book of Stabbing","floor":27.0,"turns":3.0},{"damage":18.0,"enemies":"Collector","floor":33.0,"turns":6.0},{"damage":1.0,"enemies":"Flame Bruiser 1 Orb","floor":35.0,"turns":2.0},{"damage":22.0,"enemies":"3 Darklings","floor":36.0,"turns":5.0},{"damage":66.0,"floor":37.0,"turns":4.0},{"damage":23.0,"enemies":"2 Orb Walkers","floor":40.0,"turns":4.0},{"damage":26.0,"enemies":"Nemesis","floor":44.0,"turns":6.0},{"damage":10.0,"enemies":"Spire Growth","floor":45.0,"turns":3.0},{"damage":0.0,"enemies":"Flame Bruiser 2 Orb","floor":47.0,"turns":3.0},{"damage":0.0,"enemies":"2 Orb Walkers","floor":48.0,"turns":2.0},{"damage":130,"enemies":"Awakened One","floor":50,"turns":15}],"seed_played":"5884134752922984052","potions_obtained":[{"floor":1.0,"key":"GamblersBrew"},{"floor":5.0,"key":"Regen Potion"},{"floor":7.0,"key":"GamblersBrew"},{"floor":16.0,"key":"SpeedPotion"},{"floor":20.0,"key":"EssenceOfSteel"},{"floor":37.0,"key":"Regen Potion"},{"floor":40.0,"key":"GamblersBrew"}],"is_trial":false,"path_per_floor":["M","M","M","M","M","R","E","R","T","?","E","?","M","E","R","B",null,"M","?","?","M","M","R","E","R","T","E","?","T","R","$","R","B",null,"M","M","?","T","?","E","R","?","T","E","M","R","M","E","R","B"],"character_chosen":"IRONCLAD","items_purchased":["Bottled Lightning","Dropkick+1","Battle Trance+1","True Grit+1"],"campfire_rested":5,"item_purchase_floors":[31,31,31,31],"current_hp_per_floor":[59,56,59,35,19,48,47,76,76,76,67,67,74,63,103,38,87,96,96,59,66,73,73,67,67,67,57,119,119,119,119,119,110,119,125,109,49,49,49,49,103,103,103,84,81,81,88,95,137,18],"gold":443,"neow_bonus":"THREE_RARE_CARDS","is_prod":false,"is_daily":false,"chose_seed":false,"campfire_upgraded":5,"win_rate":0,"timestamp":1534706737,"path_taken":["M","M","M","M","M","R","E","R","T","?","E","?","M","E","R","BOSS","M","?","?","?","M","R","E","R","T","E","?","?","R","$","R","BOSS","M","M","?","?","?","E","R","?","T","E","M","R","M","E","R","BOSS"],"build_version":"2018-08-16","purchased_purges":0,"victory":true,"max_hp_per_floor":[83,86,89,93,97,97,97,97,97,97,97,97,100,103,103,103,103,106,106,109,112,115,115,119,119,119,119,119,119,119,119,119,122,122,125,125,125,125,125,133,133,133,133,134,135,135,136,137,137,142],"card_choices":[{"not_picked":["Berserk","Exhume"],"picked":"Feed","floor":0.0},{"not_picked":["Wild Strike","Headbutt"],"picked":"Thunderclap","floor":1.0},{"not_picked":["Iron Wave","Battle Trance"],"picked":"Shrug It Off","floor":2.0},{"not_picked":["Thunderclap","Warcry"],"picked":"Armaments","floor":3.0},{"not_picked":["Clothesline","Thunderclap"],"picked":"Inflame","floor":4.0},{"not_picked":["Evolve","True Grit"],"picked":"Twin Strike","floor":5.0},{"not_picked":["Clothesline","Infernal Blade"],"picked":"Dropkick","floor":7.0},{"not_picked":["True Grit","Armaments"],"picked":"Dropkick","floor":11.0},{"not_picked":["True Grit","Warcry"],"picked":"Headbutt","floor":13.0},{"not_picked":["Hemokinesis","Bludgeon"],"picked":"Pummel","floor":14.0},{"not_picked":["Feed","Immolate"],"picked":"Fiend Fire","floor":16.0},{"not_picked":["Thunderclap"],"picked":"SKIP","floor":18.0},{"not_picked":[],"picked":"Fire Breathing","floor":20.0},{"not_picked":[],"picked":"Pommel Strike","floor":21.0},{"not_picked":[],"picked":"Armaments+1","floor":22.0},{"not_picked":[],"picked":"Exhume+1","floor":24.0},{"not_picked":[],"picked":"Whirlwind+1","floor":27.0},{"not_picked":[],"picked":"Feed+1","floor":33.0},{"not_picked":["Wild Strike+1"],"picked":"SKIP","floor":35.0},{"not_picked":["Searing Blow+1"],"picked":"SKIP","floor":36.0},{"not_picked":["Headbutt+1"],"picked":"SKIP","floor":40.0},{"not_picked":["Wild Strike+1"],"picked":"SKIP","floor":44.0},{"not_picked":["Clash+1"],"picked":"SKIP","floor":45.0},{"not_picked":[],"picked":"Flex+1","floor":47.0},{"not_picked":["Corruption"],"picked":"SKIP","floor":48.0}],"player_experience":203509,"relics_obtained":[{"floor":7.0,"key":"Mummified Hand"},{"floor":9.0,"key":"Ancient Tea Set"},{"floor":11.0,"key":"Bottled Flame"},{"floor":14.0,"key":"Regal Pillow"},{"floor":20.0,"key":"Red Mask"},{"floor":24.0,"key":"Molten Egg 2"},{"floor":26.0,"key":"Bag of Preparation"},{"floor":27.0,"key":"Torii"},{"floor":29.0,"key":"Calipers"},{"floor":37.0,"key":"Du-Vu Doll"},{"floor":38.0,"key":"Tiny Chest"},{"floor":40.0,"key":"Darkstone Periapt"},{"floor":43.0,"key":"Letter Opener"},{"floor":44.0,"key":"Gremlin Horn"},{"floor":48.0,"key":"Oddly Smooth Stone"}],"event_choices":[{"event_name":"Living Wall","player_choice":"Forget","floor":10.0,"damage_taken":0.0},{"event_name":"Purifier","player_choice":"One Purge","floor":12.0,"damage_taken":0.0},{"event_name":"The Mausoleum","player_choice":"Yes","floor":19.0,"damage_taken":0.0},{"event_name":"Masked Bandits","player_choice":"Fought Bandits","floor":20.0,"damage_taken":0.0},{"event_name":"Bonfire Elementals","player_choice":"UNCOMMON","floor":28.0,"damage_taken":0.0},{"event_name":"MindBloom","player_choice":"Fight","floor":37.0,"damage_taken":0.0},{"event_name":"FaceTrader","player_choice":"Trade","floor":39.0,"damage_taken":0.0},{"event_name":"Wheel of Change","player_choice":"Card Removal","floor":42.0,"damage_taken":0.0}],"is_beta":false,"boss_relics":[{"not_picked":["Astrolabe","Pandora\u0027s Box"],"picked":"Busted Crown"},{"not_picked":["Black Blood","Velvet Choker"],"picked":"Mark of Pain"}],"items_purged_floors":[],"is_endless":false,"potions_floor_spawned":[1,5,7,16,20,37,40],"ascension_level":5}