{"gold_per_floor":[112,128,128,15,34,34,52,70,70,104,117,146,146,146,146,146],"floor_reached":16,"playtime":1026,"items_purged":["Defend_G"],"score":140,"play_id":"84b913e2-835f-480a-a9ec-4a55510ed005","local_time":"20190423133931","is_ascension_mode":true,"campfire_choices":[{"data":"Neutralize","floor":6.0,"key":"SMITH"},{"data":"Caltrops","floor":13,"key":"SMITH"},{"floor":15,"key":"REST"}],"neow_cost":"NONE","seed_source_timestamp":0,"circlet_count":0,"master_deck":["Defend_G","Defend_G","Defend_G","Defend_G","Strike_G","Strike_G","Strike_G","Survivor","Neutralize+1","Backstab","Cloak And Dagger","Footwork","Well Laid Plans","Backflip","Flying Knee","Tactician","Caltrops+1"],"special_seed":0,"relics":["Ring of the Snake","Tough Bandages","Paper Crane","The Specimen"],"potions_floor_usage":[16,16,16],"damage_taken":[{"damage":0.0,"enemies":"Jaw Worm","floor":1.0,"turns":5.0},{"damage":0.0,"enemies":"Cultist","floor":2.0,"turns":3.0},{"damage":0.0,"enemies":"Small Slimes","floor":5.0,"turns":4.0},{"damage":0.0,"enemies":"Looter","floor":7.0,"turns":4.0},{"damage":3.0,"enemies":"Red Slaver","floor":8.0,"turns":6.0},{"damage":4.0,"enemies":"Lagavulin","floor":10.0,"turns":7.0},{"damage":0.0,"enemies":"3 Louse","floor":11.0,"turns":4.0},{"damage":39,"enemies":"3 Sentries","floor":12,"turns":11},{"damage":47,"enemies":"Slime Boss","floor":16,"turns":9}],"seed_played":"-8960631807854354245","potions_obtained":[{"floor":2.0,"key":"SpeedPotion"},{"floor":7.0,"key":"FearPotion"},{"floor":11.0,"key":"Poison Potion"},{"floor":12,"key":"FearPotion"}],"is_trial":false,"path_per_floor":["M","M","?","$","M","R","M","M","T","E","M","E","R","?","R","B"],"character_chosen":"THE_SILENT","items_purchased":["Footwork"],"campfire_rested":1,"item_purchase_floors":[4],"current_hp_per_floor":[77,77,70,70,70,70,70,67,67,63,63,24,24,24,47,0],"gold":146,"neow_bonus":"TEN_PERCENT_HP_BONUS","is_prod":false,"is_daily":false,"chose_seed":false,"campfire_upgraded":2,"win_rate":0,"timestamp":1556023171,"path_taken":["M","M","?","$","M","R","M","M","T","E","M","E","R","?","R","BOSS"],"build_version":"2019-01-23","purchased_purges":1,"victory":false,"max_hp_per_floor":[77,77,77,77,77,77,77,77,77,77,77,77,77,77,77,77],"card_choices":[{"not_picked":["PiercingWail","Setup"],"picked":"Backstab","floor":1.0},{"not_picked":["Underhanded Strike","Expertise"],"picked":"Cloak And Dagger","floor":2.0},{"not_picked":["Prepared","Expertise"],"picked":"Well Laid Plans","floor":5.0},{"not_picked":["Doppelganger","Escape Plan"],"picked":"Backflip","floor":7.0},{"not_picked":["PiercingWail","Quick Slash"],"picked":"Flying Knee","floor":8.0},{"not_picked":["Escape Plan","Expertise","Dagger Throw"],"picked":"SKIP","floor":10.0},{"not_picked":["Dagger Throw","Setup"],"picked":"Tactician","floor":11.0},{"not_picked":["Dagger Throw","Leg Sweep"],"picked":"Caltrops","floor":12}],"player_experience":520432,"relics_obtained":[{"floor":9.0,"key":"Tough Bandages"},{"floor":10.0,"key":"Paper Crane"},{"floor":12,"key":"The Specimen"}],"event_choices":[{"cards_removed":["Strike_G"],"damage_healed":0.0,"max_hp_gain":0.0,"max_hp_loss":0.0,"gold_gain":0.0,"event_name":"Golden Wing","player_choice":"Card Removal","floor":3.0,"gold_loss":0.0,"damage_taken":7.0},{"cards_removed":["Strike_G"],"damage_healed":0,"gold_gain":0,"player_choice":"Card Removal","damage_taken":0,"max_hp_gain":0,"max_hp_loss":0,"event_name":"Wheel of Change","floor":14,"gold_loss":0}],"is_beta":false,"boss_relics":[],"items_purged_floors":[4],"is_endless":false,"potions_floor_spawned":[2,7,11,12],"killed_by":"Slime Boss","ascension_level":5}