{"gold_per_floor":[116,116,129,146,163,163,175,209,209,237,237,266,283,295,295,399,399,415,426,440,210,226,226,256,273,273,288,203,232,232,265,265,364,364,378,395,411,13,30,30],"floor_reached":40,"playtime":4544,"items_purged":["Strike_R"],"score":569,"play_id":"3ce4ce88-9108-470d-b5c2-e9738d7c036d","local_time":"20190324093852","is_ascension_mode":true,"campfire_choices":[{"floor":6.0,"key":"REST"},{"floor":11.0,"key":"REST"},{"floor":15.0,"key":"REST"},{"floor":23.0,"key":"REST"},{"floor":30,"key":"REST"},{"floor":32,"key":"REST"}],"neow_cost":"NONE","seed_source_timestamp":0,"circlet_count":0,"master_deck":["Strike_R+1","Strike_R","Strike_R","Strike_R+1","Defend_R","Defend_R","Defend_R","Defend_R","Flame Barrier","Seeing Red","Headbutt","Disarm","Uppercut","Battle Trance","Fire Breathing","Double Tap","Shockwave+1","Second Wind","Metallicize","Battle Trance","Feel No Pain","Second Wind+1","Shrug It Off+1","Bludgeon","Normality","Pommel Strike+1","Inflame"],"special_seed":0,"relics":["Fusion Hammer","Bottled Lightning","Ice Cream","Sundial","Incense Burner","Black Star","Oddly Smooth Stone","Lantern","Art of War","Whetstone","Bag of Marbles","Omamori","The Courier","Dream Catcher","Vajra","Calling Bell","Smiling Mask","Pantograph","Thread and Needle","Medical Kit","Strawberry"],"potions_floor_usage":[29,29,33,36],"damage_taken":[{"damage":3.0,"enemies":"Small Slimes","floor":1.0,"turns":4.0},{"damage":0.0,"enemies":"Cultist","floor":3.0,"turns":4.0},{"damage":0.0,"enemies":"Jaw Worm","floor":4.0,"turns":4.0},{"damage":3.0,"enemies":"Blue Slaver","floor":5.0,"turns":4.0},{"damage":0.0,"enemies":"2 Fungi Beasts","floor":7.0,"turns":4.0},{"damage":6.0,"enemies":"Gremlin Nob","floor":8.0,"turns":3.0},{"damage":17.0,"enemies":"3 Sentries","floor":10.0,"turns":7.0},{"damage":14.0,"enemies":"Lagavulin","floor":12.0,"turns":6.0},{"damage":6.0,"enemies":"Gremlin Gang","floor":13.0,"turns":4.0},{"damage":0.0,"enemies":"Lots of Slimes","floor":14.0,"turns":5.0},{"damage":29.0,"enemies":"The Guardian","floor":16.0,"turns":11.0},{"damage":20.0,"enemies":"Shell Parasite","floor":18.0,"turns":6.0},{"damage":4.0,"enemies":"Spheric Guardian","floor":19.0,"turns":4.0},{"damage":11.0,"enemies":"Snecko","floor":20.0,"turns":5.0},{"damage":0.0,"enemies":"Centurion and Healer","floor":22.0,"turns":7.0},{"damage":6.0,"enemies":"Book of Stabbing","floor":24.0,"turns":8.0},{"damage":0,"enemies":"Snake Plant","floor":25,"turns":5},{"damage":3,"enemies":"Snecko","floor":27,"turns":6},{"damage":21,"enemies":"Slavers","floor":29,"turns":8},{"damage":13,"enemies":"Book of Stabbing","floor":31,"turns":7},{"damage":76,"enemies":"Champ","floor":33,"turns":17},{"damage":0,"enemies":"3 Shapes","floor":35,"turns":8},{"damage":18,"enemies":"3 Darklings","floor":36,"turns":6},{"damage":2,"enemies":"4 Shapes","floor":37,"turns":8},{"damage":14,"enemies":"Maw","floor":39,"turns":7},{"damage":54,"enemies":"Giant Head","floor":40,"turns":7}],"seed_played":"-3247838219431139166","potions_obtained":[{"floor":4.0,"key":"BloodPotion"},{"floor":5.0,"key":"AttackPotion"},{"floor":7.0,"key":"Fire Potion"},{"floor":10.0,"key":"Dexterity Potion"},{"floor":16.0,"key":"Dexterity Potion"},{"floor":22.0,"key":"Energy Potion"},{"floor":33,"key":"Ancient Potion"},{"floor":35,"key":"Weak Potion"},{"floor":37,"key":"SpeedPotion"}],"is_trial":false,"path_per_floor":["M","?","M","M","M","R","M","E","T","E","R","E","M","M","R","B",null,"M","M","M","$","M","R","E","M","T","M","?","E","R","E","R","B",null,"M","M","M","$","M","E"],"character_chosen":"IRONCLAD","items_purchased":["Metallicize","Oddly Smooth Stone","Medical Kit","Strawberry","Inflame"],"campfire_rested":6,"item_purchase_floors":[21,21,38,38,38],"current_hp_per_floor":[77,77,77,77,74,80,80,74,74,57,80,66,60,60,80,51,80,60,56,53,53,53,77,71,71,71,68,68,47,71,58,80,4,80,80,62,60,67,53,0],"gold":30,"neow_bonus":"BOSS_RELIC","is_prod":false,"is_daily":false,"chose_seed":false,"campfire_upgraded":0,"win_rate":0,"timestamp":1553445532,"path_taken":["M","?","?","M","M","R","?","E","T","E","R","E","M","M","R","BOSS","M","M","M","$","M","R","E","M","T","M","?","E","R","E","R","BOSS","M","M","M","$","M","E"],"build_version":"2019-01-23","purchased_purges":1,"victory":false,"max_hp_per_floor":[80,80,80,80,80,80,80,80,80,80,80,80,80,80,80,80,80,80,80,80,80,80,80,80,80,80,80,80,80,80,80,80,80,80,80,80,80,87,87,87],"card_choices":[{"not_picked":["Clash","Heavy Blade","Havoc"],"picked":"SKIP","floor":1.0},{"not_picked":["Sword Boomerang","Wild Strike"],"picked":"Seeing Red","floor":3.0},{"not_picked":["Thunderclap","Twin Strike"],"picked":"Headbutt","floor":4.0},{"not_picked":["Rampage","Cleave"],"picked":"Disarm","floor":5.0},{"not_picked":["Thunderclap","Heavy Blade"],"picked":"Uppercut","floor":7.0},{"not_picked":["Pommel Strike","Corruption"],"picked":"Battle Trance","floor":8.0},{"not_picked":["Hemokinesis","Pommel Strike","Disarm"],"picked":"SKIP","floor":10.0},{"not_picked":["Flex","Anger","Sword Boomerang"],"picked":"SKIP","floor":12.0},{"not_picked":["Flame Barrier","Evolve","Havoc"],"picked":"SKIP","floor":13.0},{"not_picked":["Headbutt","Pommel Strike"],"picked":"Fire Breathing","floor":14.0},{"not_picked":["Offering","Brutality"],"picked":"Double Tap","floor":16.0},{"not_picked":["Perfected Strike","Headbutt+1"],"picked":"Shockwave+1","floor":18.0},{"not_picked":["Warcry+1","Flex","Sword Boomerang"],"picked":"SKIP","floor":19.0},{"not_picked":["Iron Wave+1","Shrug It Off"],"picked":"Second Wind","floor":20.0},{"not_picked":["Warcry","Thunderclap"],"picked":"Battle Trance","floor":22.0},{"not_picked":["Berserk","Wild Strike"],"picked":"Feel No Pain","floor":24},{"not_picked":["Anger","Twin Strike","Iron Wave"],"picked":"SKIP","floor":25},{"not_picked":["Body Slam+1","Thunderclap","Perfected Strike"],"picked":"SKIP","floor":27},{"not_picked":["Dual Wield","Double Tap"],"picked":"Second Wind+1","floor":29},{"not_picked":["Clash+1","Feel No Pain"],"picked":"Shrug It Off+1","floor":31},{"not_picked":["Fiend Fire","Brutality"],"picked":"Bludgeon","floor":33},{"not_picked":["Searing Blow","Havoc","Thunderclap"],"picked":"SKIP","floor":35},{"not_picked":["Cleave","Havoc","Warcry"],"picked":"SKIP","floor":36},{"not_picked":["Shrug It Off+1","Uppercut"],"picked":"Pommel Strike+1","floor":37},{"not_picked":["Sword Boomerang","Fire Breathing","Clash+1"],"picked":"SKIP","floor":39}],"player_experience":192504,"relics_obtained":[{"floor":8.0,"key":"Bottled Lightning"},{"floor":9.0,"key":"Ice Cream"},{"floor":10.0,"key":"Sundial"},{"floor":12.0,"key":"Incense Burner"},{"floor":24,"key":"Lantern"},{"floor":24,"key":"Art of War"},{"floor":26,"key":"Whetstone"},{"floor":29,"key":"Omamori"},{"floor":29,"key":"The Courier"},{"floor":31,"key":"Dream Catcher"},{"floor":31,"key":"Vajra"},{"floor":34,"key":"Smiling Mask"},{"floor":34,"key":"Pantograph"},{"floor":34,"key":"Thread and Needle"}],"event_choices":[{"damage_healed":0.0,"max_hp_gain":0.0,"max_hp_loss":0.0,"gold_gain":0.0,"cards_transformed":["Bash"],"event_name":"Transmorgrifier","player_choice":"Transformed","floor":2.0,"gold_loss":0.0,"damage_taken":0.0,"cards_obtained":["Flame Barrier"]},{"damage_healed":0,"gold_gain":0,"player_choice":"Obtained Relic","damage_taken":0,"relics_obtained":["Bag of Marbles"],"max_hp_gain":0,"max_hp_loss":0,"event_name":"Addict","floor":28,"gold_loss":85}],"is_beta":false,"boss_relics":[{"not_picked":["Runic Cube","Tiny House"],"picked":"Black Star"},{"not_picked":["Eternal Feather","Orrery"],"picked":"Calling Bell"}],"items_purged_floors":[38],"is_endless":false,"potions_floor_spawned":[4,5,7,10,16,19,22,24,27,33,35,37],"killed_by":"Giant Head","ascension_level":4}