{"gold_per_floor":[114,124,136,22,22,34,46,58,93,141,153,165,190,222,234,372,384,417,529,521,558,570],"floor_reached":22,"playtime":1192,"items_purged":["Shame"],"score":251,"play_id":"728c5dda-de4e-41ca-a5f4-4f00808c6c18","local_time":"20190501014313","is_ascension_mode":true,"campfire_choices":[{"data":"Noxious Fumes","floor":7,"key":"SMITH"},{"floor":11,"key":"REST"},{"floor":15,"key":"REST"}],"neow_cost":"CURSE","seed_source_timestamp":683436208343999,"circlet_count":0,"master_deck":["Defend_G","Defend_G","Defend_G","Defend_G","Defend_G","Strike_G","Strike_G","Strike_G","Strike_G+1","Strike_G+1","Survivor","Neutralize","Footwork","Noxious Fumes+1","Footwork","Regret","Noxious Fumes","Acrobatics+1","Calculated Gamble"],"relics":["Ring of the Snake","StoneCalendar","MawBank","Golden Idol","Omamori","Orichalcum","Vajra","Velvet Choker"],"potions_floor_usage":[10,13,18,22],"damage_taken":[{"damage":0,"enemies":"Cultist","floor":1,"turns":5},{"damage":1,"enemies":"Jaw Worm","floor":2,"turns":6},{"damage":13,"enemies":"Small Slimes","floor":3,"turns":6},{"damage":16,"enemies":"Lagavulin","floor":10,"turns":7},{"damage":7,"enemies":"Blue Slaver","floor":13,"turns":5},{"damage":1,"enemies":"Large Slime","floor":14,"turns":6},{"damage":10,"enemies":"Hexaghost","floor":16,"turns":9},{"damage":16,"enemies":"3 Byrds","floor":18,"turns":5},{"damage":19,"enemies":"2 Thieves","floor":20,"turns":5},{"damage":19,"enemies":"Snecko","floor":21,"turns":6},{"damage":11,"enemies":"Centurion and Healer","floor":22,"turns":5}],"seed_played":"6536321267076039227","potions_obtained":[{"floor":3,"key":"Weak Potion"},{"floor":10,"key":"Regen Potion"},{"floor":16,"key":"EssenceOfSteel"},{"floor":18,"key":"EssenceOfSteel"}],"is_trial":false,"path_per_floor":["M","M","M","$","?","?","R","T","T","E","R","?","M","M","R","B",null,"M","?","M","M","M"],"character_chosen":"THE_SILENT","items_purchased":["Footwork"],"campfire_rested":2,"item_purchase_floors":[4],"current_hp_per_floor":[63,62,49,49,49,32,32,32,32,16,37,23,30,29,50,40,63,47,47,28,9,0],"gold":570,"neow_bonus":"ONE_RARE_RELIC","is_prod":false,"is_daily":false,"chose_seed":false,"campfire_upgraded":1,"win_rate":0,"timestamp":1556671393,"path_taken":["M","?","M","$","?","?","R","?","T","E","R","?","M","?","R","BOSS","M","?","M","M","?"],"build_version":"2019-01-23","purchased_purges":1,"victory":false,"max_hp_per_floor":[70,70,70,70,70,70,70,70,70,70,70,70,70,70,70,70,70,70,70,70,70,70],"card_choices":[{"not_picked":["Bane","Dash"],"picked":"Footwork","floor":1},{"not_picked":["Dodge and Roll","Predator"],"picked":"Noxious Fumes","floor":2},{"not_picked":["PiercingWail","Cloak And Dagger","Deflect"],"picked":"SKIP","floor":3},{"not_picked":["Riddle With Holes","Expertise","All Out Attack"],"picked":"SKIP","floor":10},{"not_picked":["Prepared","All Out Attack"],"picked":"Noxious Fumes","floor":13},{"not_picked":["Prepared","Deflect","Dodge and Roll"],"picked":"SKIP","floor":14},{"not_picked":["Bane","Prepared"],"picked":"Acrobatics+1","floor":18},{"not_picked":["Cloak And Dagger","Sucker Punch+1"],"picked":"Calculated Gamble","floor":20},{"not_picked":["Deflect+1","Predator","Prepared+1"],"picked":"SKIP","floor":21}],"player_experience":570384,"relics_obtained":[{"floor":8,"key":"Omamori"},{"floor":9,"key":"Orichalcum"},{"floor":10,"key":"Vajra"}],"event_choices":[{"damage_healed":0,"gold_gain":0,"player_choice":"Box","damage_taken":0,"relics_obtained":["MawBank"],"max_hp_gain":0,"max_hp_loss":0,"event_name":"Big Fish","floor":5,"gold_loss":0,"cards_obtained":["Regret"]},{"damage_healed":0,"gold_gain":0,"player_choice":"Take Damage","damage_taken":17,"relics_obtained":["Golden Idol"],"max_hp_gain":0,"max_hp_loss":0,"event_name":"Golden Idol","floor":6,"gold_loss":0},{"damage_healed":0,"gold_gain":0,"player_choice":"Entered Light","damage_taken":14,"max_hp_gain":0,"max_hp_loss":0,"event_name":"Shining Light","floor":12,"gold_loss":0,"cards_upgraded":["Strike_G","Strike_G"]},{"damage_healed":0,"gold_gain":100,"player_choice":"Pray","damage_taken":0,"max_hp_gain":0,"max_hp_loss":0,"event_name":"Golden Shrine","floor":19,"gold_loss":0}],"is_beta":false,"boss_relics":[{"not_picked":["Fusion Hammer","Runic Dome"],"picked":"Velvet Choker"}],"items_purged_floors":[4],"is_endless":false,"potions_floor_spawned":[3,10,16,18],"killed_by":"Centurion and Healer","ascension_level":7}