{"gold_per_floor":[112,112,112,126,126,151,194,194,194,194,213,6,6,45,45,144,144,163,186,186,219,219,259,283,308,308,308,346,56,56,77,77,166,166,180,180,199,9,24,24,357,357,357,113,213,243,253,353,353,353],"floor_reached":51,"playtime":4014,"items_purged":["Strike_G","Defend_G"],"score":1278,"play_id":"ac60aacd-b9ee-453a-8e3f-04563b2cf23d","local_time":"20190101221408","is_ascension_mode":true,"campfire_choices":[{"data":"Calculated Gamble","floor":8.0,"key":"SMITH"},{"data":"Dagger Spray","floor":10.0,"key":"SMITH"},{"data":"Well Laid Plans","floor":15.0,"key":"SMITH"},{"data":"Footwork","floor":30.0,"key":"SMITH"},{"floor":32.0,"key":"REST"},{"floor":40.0,"key":"REST"},{"data":"Wraith Form v2","floor":42.0,"key":"SMITH"},{"floor":49,"key":"REST"}],"neow_cost":"NONE","seed_source_timestamp":916631831988,"circlet_count":0,"master_deck":["AscendersBane","Defend_G","Defend_G","Defend_G","Defend_G","Survivor","Neutralize","Grand Finale","Calculated Gamble+1","Dagger Spray+1","Flying Knee","Well Laid Plans+1","Acrobatics","Grand Finale","Predator","Acrobatics","Accuracy","Grand Finale","Footwork+1","Secret Technique","Wraith Form v2+1","Dodge and Roll+1"],"special_seed":0,"relics":["Ring of the Snake","Bag of Preparation","Bag of Marbles","Pocketwatch","Blue Candle","Lee\u0027s Waffle","Bottled Lightning","Velvet Choker","Red Mask","Sundial","Bronze Scales","Lizard Tail","FaceOfCleric","OrangePellets","Bottled Flame","Oddly Smooth Stone","PreservedInsect","Tough Bandages"],"potions_floor_usage":[50],"damage_taken":[{"damage":6.0,"enemies":"Small Slimes","floor":1.0,"turns":6.0},{"damage":0.0,"enemies":"2 Louse","floor":4.0,"turns":3.0},{"damage":10.0,"enemies":"3 Sentries","floor":7.0,"turns":5.0},{"damage":1.0,"enemies":"Jaw Worm","floor":11.0,"turns":3.0},{"damage":17.0,"enemies":"Lagavulin","floor":14.0,"turns":6.0},{"damage":0.0,"enemies":"Slime Boss","floor":16.0,"turns":4.0},{"damage":0.0,"enemies":"Spheric Guardian","floor":18.0,"turns":1.0},{"damage":0.0,"enemies":"Shell Parasite","floor":19.0,"turns":1.0},{"damage":0.0,"enemies":"Masked Bandits","floor":21.0,"turns":1.0},{"damage":0.0,"enemies":"Slavers","floor":23.0,"turns":1.0},{"damage":0.0,"enemies":"Snecko","floor":24.0,"turns":2.0},{"damage":0.0,"enemies":"Centurion and Healer","floor":25.0,"turns":1.0},{"damage":13.0,"enemies":"Gremlin Leader","floor":28.0,"turns":4.0},{"damage":2.0,"enemies":"Snake Plant","floor":31.0,"turns":3.0},{"damage":9.0,"enemies":"Automaton","floor":33.0,"turns":5.0},{"damage":0.0,"enemies":"3 Darklings","floor":35.0,"turns":2.0},{"damage":12.0,"enemies":"Orb Walker","floor":37.0,"turns":3.0},{"damage":20.0,"enemies":"Spire Growth","floor":39.0,"turns":5.0},{"damage":2.0,"enemies":"Giant Head","floor":46.0,"turns":8.0},{"damage":0.0,"enemies":"Jaw Worm Horde","floor":47.0,"turns":1.0},{"damage":1,"enemies":"Mind Bloom Boss Battle","floor":48,"turns":5},{"damage":11,"enemies":"Donu and Deca","floor":50,"turns":7}],"seed_played":"-6964677842501754412","potions_obtained":[{"floor":1.0,"key":"Strength Potion"},{"floor":7.0,"key":"Strength Potion"},{"floor":21.0,"key":"Block Potion"},{"floor":35.0,"key":"PowerPotion"},{"floor":37.0,"key":"FairyPotion"}],"is_trial":false,"path_per_floor":["M","?","?","M","?","T","E","R","T","R","M","$","?","E","R","B",null,"M","M","?","?","$","E","E","M","M","T","?","E","$","R","M","R","B",null,"M","?","M","$","M","R","?","R","T","$","?","E","M","?","R","B",null],"character_chosen":"THE_SILENT","items_purchased":["Lee\u0027s Waffle","Footwork","Secret Technique","OrangePellets","Oddly Smooth Stone"],"campfire_rested":3,"item_purchase_floors":[12,29,29,38,44],"current_hp_per_floor":[57,50,50,50,55,55,45,45,45,45,44,77,77,60,60,60,73,73,73,73,73,73,73,73,73,73,73,60,60,60,58,77,68,75,75,75,64,64,45,68,68,68,68,68,68,67,68,68,82,72],"gold":353,"neow_bonus":"TRANSFORM_CARD","is_prod":false,"is_daily":false,"chose_seed":false,"campfire_upgraded":5,"win_rate":0,"timestamp":1546398848,"path_taken":["M","?","?","M","?","?","E","R","T","R","?","$","?","E","R","BOSS","M","M","?","?","$","E","M","M","T","?","E","$","R","M","R","BOSS","M","?","?","$","M","R","?","R","T","$","?","E","?","?","R","BOSS"],"build_version":"2018-12-20","purchased_purges":2,"victory":true,"max_hp_per_floor":[70,70,65,65,70,70,70,70,70,70,70,77,77,77,77,77,77,77,77,77,77,77,77,77,77,77,77,77,77,77,77,77,77,77,77,77,78,78,79,79,79,79,79,79,79,80,81,82,82,83],"card_choices":[{"not_picked":["Accuracy","All Out Attack"],"picked":"Calculated Gamble","floor":1.0},{"not_picked":["Outmaneuver","Riddle With Holes"],"picked":"Dagger Spray","floor":4.0},{"not_picked":["Backstab","Outmaneuver"],"picked":"Flying Knee","floor":7.0},{"not_picked":["Flying Knee","A Thousand Cuts"],"picked":"Well Laid Plans","floor":11.0},{"not_picked":["Blade Dance","Quick Slash"],"picked":"Acrobatics","floor":14.0},{"not_picked":["Unload","Wraith Form v2"],"picked":"Grand Finale","floor":16.0},{"not_picked":["Quick Slash","Blade Dance","Acrobatics+1"],"picked":"SKIP","floor":18.0},{"not_picked":["Dodge and Roll","Outmaneuver","Deflect"],"picked":"SKIP","floor":19.0},{"not_picked":["Blur","Underhanded Strike","Masterful Stab"],"picked":"SKIP","floor":23.0},{"not_picked":["Deadly Poison","Quick Slash"],"picked":"Acrobatics","floor":24.0},{"not_picked":["Heel Hook","Backstab","Escape Plan"],"picked":"SKIP","floor":25.0},{"not_picked":["Finisher+1","Sucker Punch+1","Endless Agony+1"],"picked":"SKIP","floor":28.0},{"not_picked":["Outmaneuver","Sucker Punch","Cloak And Dagger+1"],"picked":"SKIP","floor":31.0},{"not_picked":["Adrenaline","Unload"],"picked":"Wraith Form v2","floor":33.0},{"not_picked":["Backflip","Sucker Punch","Riddle With Holes"],"picked":"SKIP","floor":35.0},{"not_picked":["Crippling Poison","Accuracy","Cloak And Dagger"],"picked":"SKIP","floor":37.0},{"not_picked":["Distraction","Prepared"],"picked":"Dodge and Roll+1","floor":39.0},{"not_picked":["Dagger Spray","Dagger Throw","Endless Agony"],"picked":"SKIP","floor":46.0},{"not_picked":["Leg Sweep","Bullet Time","Dagger Throw"],"picked":"SKIP","floor":47.0}],"player_experience":478358,"relics_obtained":[{"floor":6.0,"key":"Bag of Marbles"},{"floor":7.0,"key":"Pocketwatch"},{"floor":9.0,"key":"Blue Candle"},{"floor":14.0,"key":"Bottled Lightning"},{"floor":21.0,"key":"Red Mask"},{"floor":26.0,"key":"Sundial"},{"floor":28.0,"key":"Bronze Scales"},{"floor":43.0,"key":"Bottled Flame"},{"floor":46.0,"key":"PreservedInsect"},{"floor":48,"key":"Tough Bandages"}],"event_choices":[{"damage_healed":0.0,"max_hp_gain":0.0,"max_hp_loss":0.0,"gold_gain":0.0,"event_name":"Scrap Ooze","player_choice":"Success","floor":2.0,"gold_loss":0.0,"damage_taken":7.0,"relics_obtained":["Bag of Preparation"]},{"damage_healed":0.0,"max_hp_gain":0.0,"max_hp_loss":5.0,"gold_gain":0.0,"event_name":"Golden Idol","player_choice":"Lose Max HP","floor":3.0,"gold_loss":0.0,"damage_taken":0.0,"relics_obtained":["Golden Idol"]},{"damage_healed":0.0,"max_hp_gain":5.0,"max_hp_loss":0.0,"gold_gain":0.0,"event_name":"Big Fish","player_choice":"Donut","floor":5.0,"gold_loss":0.0,"damage_taken":0.0},{"cards_removed":["Strike_G"],"damage_healed":0.0,"max_hp_gain":0.0,"max_hp_loss":0.0,"gold_gain":0.0,"event_name":"Purifier","player_choice":"Purged","floor":13.0,"gold_loss":0.0,"damage_taken":0.0},{"damage_healed":0.0,"max_hp_gain":0.0,"max_hp_loss":0.0,"gold_gain":0.0,"event_name":"The Library","player_choice":"Read","floor":20.0,"gold_loss":0.0,"damage_taken":0.0,"cards_obtained":["Predator"]},{"damage_healed":0.0,"max_hp_gain":0.0,"max_hp_loss":0.0,"gold_gain":0.0,"event_name":"Masked Bandits","player_choice":"Fought Bandits","floor":21.0,"gold_loss":0.0,"damage_taken":0.0},{"damage_healed":0.0,"max_hp_gain":0.0,"max_hp_loss":0.0,"gold_gain":0.0,"cards_transformed":["Strike_G","Strike_G"],"event_name":"Drug Dealer","player_choice":"Became Test Subject","floor":27.0,"gold_loss":0.0,"damage_taken":0.0,"cards_obtained":["Accuracy","Grand Finale"]},{"damage_healed":0.0,"max_hp_gain":0.0,"max_hp_loss":0.0,"gold_gain":0.0,"event_name":"FaceTrader","player_choice":"Trade","floor":36.0,"gold_loss":0.0,"damage_taken":0.0,"relics_obtained":["FaceOfCleric"]},{"damage_healed":0.0,"max_hp_gain":0.0,"max_hp_loss":0.0,"gold_gain":333.0,"event_name":"The Moai Head","player_choice":"Gave Idol","floor":41.0,"relics_lost":["Golden Idol"],"gold_loss":0.0,"damage_taken":0.0},{"damage_healed":0.0,"max_hp_gain":0.0,"max_hp_loss":0.0,"gold_gain":100.0,"event_name":"Golden Shrine","player_choice":"Pray","floor":45.0,"gold_loss":0.0,"damage_taken":0.0},{"damage_healed":0,"gold_gain":0,"player_choice":"Fight","damage_taken":0,"max_hp_gain":0,"max_hp_loss":0,"event_name":"MindBloom","floor":48,"gold_loss":0}],"is_beta":false,"boss_relics":[{"not_picked":["Orrery","Coffee Dripper"],"picked":"Velvet Choker"},{"not_picked":["Fusion Hammer","Cursed Key"],"picked":"Lizard Tail"}],"items_purged_floors":[29,44],"is_endless":false,"potions_floor_spawned":[1,7,21,23,28,31,35,37,39],"ascension_level":13}