{"gold_per_floor":[110,35,51,61,9,38,51,51,78,78,108,108,183,196,196,196],"floor_reached":16,"playtime":808,"items_purged":[],"score":220,"play_id":"26481d15-7bfb-4cf8-b785-df118a51c301","local_time":"20190408174620","is_ascension_mode":true,"campfire_choices":[{"data":"Perfected Strike","floor":10,"key":"SMITH"},{"data":"Power Through","floor":12,"key":"SMITH"},{"floor":15,"key":"REST"}],"neow_cost":"NONE","seed_source_timestamp":774618060739,"circlet_count":0,"master_deck":["AscendersBane","Strike_R","Strike_R","Strike_R","Strike_R","Strike_R","Defend_R","Defend_R","Defend_R","Bash","Perfected Strike+1","Havoc","Hemokinesis","Twin Strike","Wild Strike","Power Through+1","Spot Weakness","Demon Form"],"relics":["Burning Blood","NeowsBlessing","Calipers","Dodecahedron","Oddly Smooth Stone","Letter Opener"],"potions_floor_usage":[6,16],"damage_taken":[{"damage":0,"enemies":"Jaw Worm","floor":1,"turns":1},{"damage":0,"enemies":"Small Slimes","floor":3,"turns":1},{"damage":0,"enemies":"2 Louse","floor":4,"turns":1},{"damage":8,"enemies":"Gremlin Nob","floor":6,"turns":3},{"damage":7,"enemies":"Exordium Wildlife","floor":7,"turns":2},{"damage":37,"enemies":"3 Sentries","floor":11,"turns":7},{"damage":11,"enemies":"Lots of Slimes","floor":14,"turns":4},{"damage":49,"enemies":"The Guardian","floor":16,"turns":6}],"seed_played":"696860527377343008","potions_obtained":[{"floor":4,"key":"SteroidPotion"},{"floor":11,"key":"EssenceOfSteel"},{"floor":14,"key":"SmokeBomb"}],"is_trial":false,"path_per_floor":["M","?","M","M","$","E","M","T","T","R","E","R","?","M","R","B"],"character_chosen":"IRONCLAD","items_purchased":["Twin Strike"],"campfire_rested":1,"item_purchase_floors":[5],"current_hp_per_floor":[74,74,75,75,75,73,72,72,72,72,41,41,30,25,47,0],"gold":196,"neow_bonus":"THREE_ENEMY_KILL","is_prod":false,"is_daily":false,"chose_seed":false,"campfire_upgraded":2,"win_rate":0,"timestamp":1554759980,"path_taken":["M","?","M","M","$","E","M","?","T","R","E","R","?","M","R","BOSS"],"build_version":"2019-01-23","purchased_purges":0,"victory":false,"max_hp_per_floor":[75,75,75,75,75,75,75,75,75,75,75,75,75,75,75,75],"card_choices":[{"not_picked":["Anger","Twin Strike"],"picked":"Perfected Strike","floor":1},{"not_picked":["Sentinel","Shockwave"],"picked":"Havoc","floor":3},{"not_picked":["Clothesline","Body Slam"],"picked":"Hemokinesis","floor":4},{"not_picked":["Infernal Blade","Searing Blow"],"picked":"Wild Strike","floor":6},{"not_picked":["Armaments","Havoc"],"picked":"Power Through","floor":7},{"not_picked":["Metallicize","Rupture"],"picked":"Spot Weakness","floor":11},{"not_picked":["Clothesline","Pummel"],"picked":"Demon Form","floor":14}],"player_experience":859119,"relics_obtained":[{"floor":6,"key":"Calipers"},{"floor":8,"key":"Dodecahedron"},{"floor":9,"key":"Oddly Smooth Stone"},{"floor":11,"key":"Letter Opener"}],"event_choices":[{"cards_removed":["Defend_R"],"damage_healed":0,"gold_gain":0,"player_choice":"Card Removal","damage_taken":0,"max_hp_gain":0,"max_hp_loss":0,"event_name":"The Cleric","floor":2,"gold_loss":75},{"damage_healed":0,"gold_gain":75,"player_choice":"Gather Gold","damage_taken":11,"max_hp_gain":0,"max_hp_loss":0,"event_name":"World of Goop","floor":13,"gold_loss":0}],"is_beta":false,"boss_relics":[],"items_purged_floors":[],"is_endless":false,"potions_floor_spawned":[4,11,14],"killed_by":"The Guardian","ascension_level":20}