{"gold_per_floor":[110,122,138,153,166,199,199,60,60,60,73,108,118,147,147,248,248,265,265,283,483,530,530,550,564,589,589],"floor_reached":27,"playtime":2343,"items_purged":[],"score":344,"play_id":"98e7bc50-2baf-472c-a07b-737b786d89f6","local_time":"20181008154224","is_ascension_mode":true,"campfire_choices":[{"floor":7,"key":"REST"},{"data":"Catalyst","floor":15,"key":"SMITH"},{"floor":23,"key":"REST"}],"neow_cost":"NONE","seed_source_timestamp":744827181797167,"circlet_count":0,"master_deck":["Defend_G","Defend_G","Defend_G","Defend_G","Defend_G","Strike_G","Strike_G","Strike_G","Strike_G","Survivor","Neutralize","Bouncing Flask","Noxious Fumes","Leg Sweep","Backflip","Caltrops","Cloak And Dagger","Catalyst+1","Footwork","Pain","Sucker Punch","Bane","Noxious Fumes","Quick Slash","Adrenaline","Slice+1","Deflect+1","Deflect+1","Well Laid Plans"],"relics":["Ring of the Snake","Mercury Hourglass","Bottled Flame","WarpedTongs","Kunai","Dodecahedron","Sozu","Boot","Bag of Marbles"],"potions_floor_usage":[4,6,6,12],"damage_taken":[{"damage":1,"enemies":"Cultist","floor":1,"turns":4},{"damage":0,"enemies":"Small Slimes","floor":2,"turns":3},{"damage":1,"enemies":"Jaw Worm","floor":3,"turns":3},{"damage":4,"enemies":"Exordium Thugs","floor":4,"turns":5},{"damage":9,"enemies":"Large Slime","floor":5,"turns":8},{"damage":31,"enemies":"Gremlin Nob","floor":6,"turns":6},{"damage":1,"enemies":"3 Louse","floor":11,"turns":4},{"damage":6,"enemies":"Lagavulin","floor":12,"turns":8},{"damage":0,"enemies":"Blue Slaver","floor":13,"turns":3},{"damage":19,"enemies":"3 Sentries","floor":14,"turns":6},{"damage":26,"enemies":"The Guardian","floor":16,"turns":8},{"damage":19,"enemies":"Spheric Guardian","floor":18,"turns":5},{"damage":20,"enemies":"Colosseum Slavers","floor":19,"turns":4},{"damage":5,"enemies":"Chosen","floor":20,"turns":4},{"damage":18,"enemies":"Shelled Parasite and Fungi","floor":24,"turns":6},{"damage":10,"enemies":"Cultist and Chosen","floor":25,"turns":4},{"damage":28,"enemies":"Snecko","floor":27,"turns":3}],"seed_played":"5754774267464280645","potions_obtained":[{"floor":1,"key":"Regen Potion"},{"floor":3,"key":"Energy Potion"},{"floor":4,"key":"Swift Potion"},{"floor":5,"key":"Block Potion"}],"is_trial":false,"path_per_floor":["M","M","M","M","M","E","R","$","T","?","M","E","M","E","R","B",null,"M","?","M","?","T","R","M","M","T"],"character_chosen":"THE_SILENT","items_purchased":["Catalyst","Footwork"],"campfire_rested":2,"item_purchase_floors":[8,8],"current_hp_per_floor":[62,62,61,57,48,32,53,53,53,53,52,46,46,27,27,1,53,34,14,9,9,9,30,12,2,2,0],"gold":589,"neow_bonus":"REMOVE_CARD","is_prod":false,"is_daily":false,"chose_seed":false,"campfire_upgraded":1,"win_rate":0,"timestamp":1539027744,"path_taken":["M","M","M","M","?","E","R","$","T","?","M","E","?","E","R","BOSS","M","?","M","?","?","R","M","M","T","M"],"build_version":"2018-10-04v2","purchased_purges":0,"victory":false,"max_hp_per_floor":[70,70,70,70,70,70,70,70,70,70,70,70,70,70,70,70,70,70,70,70,70,70,70,70,70,70,70],"card_choices":[{"not_picked":["Masterful Stab","Infinite Blades"],"picked":"Bouncing Flask","floor":1},{"not_picked":["Dash","Cloak And Dagger"],"picked":"Noxious Fumes","floor":2},{"not_picked":["Bouncing Flask","Reflex"],"picked":"Leg Sweep","floor":3},{"not_picked":["Underhanded Strike","Poisoned Stab"],"picked":"Backflip","floor":4},{"not_picked":["Acrobatics","Escape Plan"],"picked":"Caltrops","floor":5},{"not_picked":["Escape Plan","Dagger Throw"],"picked":"Cloak And Dagger","floor":6},{"not_picked":["Distraction","Accuracy"],"picked":"Sucker Punch","floor":11},{"not_picked":["Accuracy","PiercingWail"],"picked":"Bane","floor":12},{"not_picked":["Night Terror","Dagger Throw"],"picked":"Noxious Fumes","floor":13},{"not_picked":["Eviscerate","Poisoned Stab"],"picked":"Quick Slash","floor":14},{"not_picked":["Envenom","Glass Knife"],"picked":"Adrenaline","floor":16},{"not_picked":["Eviscerate","Underhanded Strike"],"picked":"Slice+1","floor":18},{"not_picked":["Expertise","Finisher"],"picked":"Deflect+1","floor":20},{"not_picked":["Flying Knee","Slice"],"picked":"Deflect+1","floor":24},{"not_picked":["Heel Hook","Poisoned Stab"],"picked":"Well Laid Plans","floor":25}],"player_experience":314793,"relics_obtained":[{"floor":6,"key":"Mercury Hourglass"},{"floor":9,"key":"Bottled Flame"},{"floor":12,"key":"Kunai"},{"floor":14,"key":"Dodecahedron"},{"floor":22,"key":"Boot"},{"floor":26,"key":"Bag of Marbles"}],"event_choices":[{"event_name":"Accursed Blacksmith","player_choice":"Rummage","floor":10,"damage_taken":0},{"event_name":"Colosseum","player_choice":"Fight","floor":19,"damage_taken":0},{"event_name":"Colosseum","player_choice":"Fled From Nobs","floor":19,"damage_taken":0},{"event_name":"Wheel of Change","player_choice":"Gold","floor":21,"damage_taken":0}],"is_beta":false,"boss_relics":[{"not_picked":["Empty Cage","Orrery"],"picked":"Sozu"}],"items_purged_floors":[],"is_endless":false,"potions_floor_spawned":[1,3,4,5,20],"killed_by":"Snecko","ascension_level":9}