{"gold_per_floor":[109,122,122,141,151,185,197,197,197,211,386,399,399,419,419,518,518,532,38,51,151,151,151,4,4,4,39,57,69,81,112,112,215,215,228,246,263,0,51,51,83,83,106,121,121,121,121,76,76,76],"floor_reached":50,"playtime":5663,"items_purged":[],"score":539,"play_id":"6221539a-d3b3-4e7a-aa36-cfb106a9bcd8","local_time":"20180707195108","is_ascension_mode":false,"campfire_choices":[{"floor":8.0,"key":"REST"},{"floor":13.0,"key":"REST"},{"data":"Doppelganger","floor":15.0,"key":"SMITH"},{"data":"Die Die Die","floor":23.0,"key":"SMITH"},{"floor":25.0,"key":"REST"},{"floor":32.0,"key":"REST"},{"floor":40.0,"key":"REST"},{"data":"Infinite Blades","floor":47,"key":"SMITH"},{"data":"Die Die Die","floor":49,"key":"SMITH"}],"neow_cost":"","seed_source_timestamp":0,"circlet_count":0,"master_deck":["Defend_G","Defend_G","Defend_G+1","Defend_G","Strike_G","Strike_G","Strike_G","Strike_G","Strike_G","Survivor","Neutralize","Noxious Fumes+1","Prepared","Bullet Time","Dagger Throw","Predator","Die Die Die+1","Outmaneuver","Doubt","Escape Plan+1","Doppelganger+1","Die Die Die+1","Sucker Punch+1","Noxious Fumes","Flying Knee","Bullet Time","Prepared","Dagger Throw","Wraith Form v2","Glass Knife","Dash+1","Finisher","Prepared","Choke","Bullet Time","Infinite Blades+1","Dagger Spray+1","Backflip","Finisher+1","Infinite Blades+1","Dash+1","Flying Knee+1","PiercingWail"],"special_seed":0,"relics":["Ring of the Snake","Vajra","Bottled Flame","Runic Pyramid","DollysMirror","Centennial Puzzle","Happy Flower","Question Card","Lantern","Ice Cream","Busted Crown","Red Mask","Bird Faced Urn","War Paint","Pen Nib","Tingsha"],"potions_floor_usage":[41,50],"damage_taken":[{"damage":5.0,"enemies":"Small Slimes","floor":1.0,"turns":4.0},{"damage":7.0,"enemies":"2 Louse","floor":2.0,"turns":4.0},{"damage":4.0,"enemies":"Cultist","floor":4.0,"turns":4.0},{"damage":6.0,"enemies":"Lots of Slimes","floor":5.0,"turns":4.0},{"damage":24.0,"enemies":"Lagavulin","floor":6.0,"turns":8.0},{"damage":1.0,"enemies":"3 Louse","floor":7.0,"turns":4.0},{"damage":13.0,"enemies":"Large Slime","floor":10.0,"turns":4.0},{"damage":0.0,"enemies":"Blue Slaver","floor":12.0,"turns":3.0},{"damage":0.0,"enemies":"Exordium Wildlife","floor":14.0,"turns":3.0},{"damage":34.0,"enemies":"The Guardian","floor":16.0,"turns":11.0},{"damage":10.0,"enemies":"Chosen","floor":18.0,"turns":4.0},{"damage":12.0,"enemies":"2 Thieves","floor":20.0,"turns":3.0},{"damage":8.0,"enemies":"Book of Stabbing","floor":27.0,"turns":6.0},{"damage":10.0,"enemies":"Snake Plant","floor":28.0,"turns":4.0},{"damage":0.0,"enemies":"Snecko","floor":29.0,"turns":3.0},{"damage":0.0,"enemies":"Cultist and Chosen","floor":30.0,"turns":5.0},{"damage":7.0,"enemies":"Slavers","floor":31.0,"turns":5.0},{"damage":44.0,"enemies":"Collector","floor":33.0,"turns":8.0},{"damage":0.0,"enemies":"3 Shapes","floor":35.0,"turns":2.0},{"damage":2.0,"enemies":"3 Darklings","floor":36.0,"turns":5.0},{"damage":32.0,"enemies":"4 Shapes","floor":37.0,"turns":3.0},{"damage":17.0,"floor":39.0,"turns":3.0},{"damage":37,"enemies":"Nemesis","floor":41,"turns":5},{"damage":4,"enemies":"Sphere and 2 Shapes","floor":44,"turns":2},{"damage":0,"floor":46,"turns":3},{"damage":96,"enemies":"Awakened One","floor":50,"turns":8}],"seed_played":"8457733904133324336","potions_obtained":[{"floor":1.0,"key":"Block Potion"},{"floor":2.0,"key":"Dexterity Potion"},{"floor":4.0,"key":"Dexterity Potion"},{"floor":12.0,"key":"Ancient Potion"},{"floor":27.0,"key":"Dexterity Potion"},{"floor":29.0,"key":"Explosive Potion"},{"floor":30.0,"key":"FearPotion"},{"floor":31.0,"key":"Swift Potion"},{"floor":33.0,"key":"PowerPotion"},{"floor":35.0,"key":"EssenceOfSteel"},{"floor":36.0,"key":"Strength Potion"}],"is_trial":false,"path_per_floor":["M","M","?","M","M","E","M","R","T","M","?","M","R","M","R","B",null,"M","$","M","?","?","R","$","R","T","E","M","M","M","E","R","B",null,"M","M","M","?","?","R","E","?","T","M","?","?","R","$","R"],"character_chosen":"THE_SILENT","items_purchased":["Noxious Fumes","Flying Knee","DollysMirror","Centennial Puzzle","Prepared","Happy Flower","PiercingWail"],"campfire_rested":5,"item_purchase_floors":[19,19,19,19,19,24,48],"current_hp_per_floor":[65,58,58,54,48,24,23,44,44,31,31,31,52,52,52,18,70,60,60,48,48,48,48,48,69,69,61,51,51,51,44,65,21,70,70,68,36,36,19,40,9,61,61,59,59,61,61,61,61,0],"gold":76,"neow_bonus":"","is_prod":false,"is_daily":false,"chose_seed":false,"campfire_upgraded":4,"win_rate":0.0,"timestamp":1531007468,"path_taken":["M","M","?","M","M","E","M","R","T","M","?","M","R","M","R","BOSS","M","$","M","?","?","R","$","R","T","E","M","M","?","E","R","BOSS","M","M","M","?","?","R","E","?","T","?","?","?","R","?","R","BOSS"],"build_version":"2018-07-05","purchased_purges":0,"victory":false,"max_hp_per_floor":[70,70,70,70,70,70,70,70,70,70,70,70,70,70,70,70,70,70,70,70,70,70,70,70,70,70,70,70,70,70,70,70,70,70,70,70,70,70,70,70,70,61,61,61,61,61,61,61,61,61],"card_choices":[{"not_picked":["Expertise","Flying Knee"],"picked":"Noxious Fumes","floor":1.0},{"not_picked":["Poisoned Stab","Sucker Punch"],"picked":"Prepared","floor":2.0},{"not_picked":["Backflip","Dodge and Roll"],"picked":"Bullet Time","floor":4.0},{"not_picked":["Dodge and Roll","Deflect"],"picked":"Dagger Throw","floor":5.0},{"not_picked":["Bouncing Flask","Skewer"],"picked":"Predator","floor":6.0},{"not_picked":["Well Laid Plans","Slice"],"picked":"Die Die Die","floor":7.0},{"not_picked":["Dash","Quick Slash"],"picked":"Outmaneuver","floor":10.0},{"not_picked":["Prepared","Acrobatics"],"picked":"Escape Plan","floor":12.0},{"not_picked":["Deflect","All Out Attack"],"picked":"Doppelganger","floor":14.0},{"not_picked":["Unload","Envenom"],"picked":"Die Die Die","floor":16.0},{"not_picked":["Slice","Prepared"],"picked":"Sucker Punch+1","floor":18.0},{"not_picked":["Deadly Poison","Blade Dance"],"picked":"Dagger Throw","floor":20.0},{"not_picked":["Acrobatics","Expertise+1","Outmaneuver"],"picked":"Glass Knife","floor":27.0},{"not_picked":["Endless Agony","Leg Sweep","Deflect"],"picked":"Dash+1","floor":28.0},{"not_picked":["Prepared","Caltrops+1","Predator+1"],"picked":"Finisher","floor":29.0},{"not_picked":["Dagger Throw","Masterful Stab+1","Heel Hook"],"picked":"Prepared","floor":30.0},{"not_picked":["A Thousand Cuts","Backstab","Dagger Spray"],"picked":"Choke","floor":31.0},{"not_picked":["Venomology","Die Die Die","Burst"],"picked":"Bullet Time","floor":33.0},{"not_picked":["Prepared"],"picked":"Infinite Blades+1","floor":35.0},{"not_picked":["Eviscerate"],"picked":"Dagger Spray+1","floor":36.0},{"not_picked":["Reflex"],"picked":"Backflip","floor":37.0},{"not_picked":["Dodge and Roll"],"picked":"Finisher+1","floor":39.0},{"not_picked":["Outmaneuver"],"picked":"Infinite Blades","floor":41},{"not_picked":["Flying Knee+1"],"picked":"Dash+1","floor":44},{"not_picked":["Dodge and Roll+1"],"picked":"Flying Knee+1","floor":46}],"player_experience":17772,"relics_obtained":[{"floor":6.0,"key":"Vajra"},{"floor":9.0,"key":"Bottled Flame"},{"floor":26.0,"key":"Question Card"},{"floor":27.0,"key":"Lantern"},{"floor":31.0,"key":"Ice Cream"},{"floor":39.0,"key":"Bird Faced Urn"},{"floor":41,"key":"War Paint"},{"floor":43,"key":"Pen Nib"},{"floor":46,"key":"Tingsha"}],"event_choices":[{"event_name":"Living Wall","player_choice":"Grow","floor":3.0,"damage_taken":0.0},{"event_name":"Liars Game","player_choice":"agreed","floor":11.0,"damage_taken":0.0},{"event_name":"Golden Shrine","player_choice":"Pray","floor":21.0,"damage_taken":0.0},{"event_name":"The Library","player_choice":"Read","floor":22.0,"damage_taken":0.0},{"event_name":"Tomb of Lord Red Mask","player_choice":"Paid","floor":38.0,"damage_taken":0.0},{"event_name":"Mysterious Sphere","player_choice":"Fight","floor":39.0,"damage_taken":0.0},{"event_name":"The Moai Head","player_choice":"Heal","floor":42,"damage_taken":0},{"event_name":"Falling","player_choice":"Removed Skill","floor":45,"damage_taken":0},{"event_name":"MindBloom","player_choice":"Fight","floor":46,"damage_taken":0}],"boss_relics":[{"not_picked":["Coffee Dripper","Lizard Tail"],"picked":"Runic Pyramid"},{"not_picked":["Empty Cage","White Beast Statue"],"picked":"Busted Crown"}],"items_purged_floors":[],"is_endless":false,"potions_floor_spawned":[1,2,4,12,27,29,30,31,33,35,36,37],"killed_by":"Awakened One","ascension_level":0}