{"gold_per_floor":[165,185,185,199,4,4,35,45,98,130,130,106,139,164,164,267,267,267],"floor_reached":18,"playtime":753,"items_purged":[],"score":214,"play_id":"10aedee5-a8c1-43d6-9320-07a33b5469b9","local_time":"20190407235633","is_ascension_mode":true,"campfire_choices":[{"data":"Deadly Poison","floor":6,"key":"SMITH"},{"data":"Glass Knife","floor":15,"key":"SMITH"}],"neow_cost":"NONE","seed_source_timestamp":63096256978789,"circlet_count":0,"master_deck":["Defend_G+1","Defend_G+1","Defend_G","Defend_G","Defend_G","Strike_G","Strike_G","Strike_G","Strike_G+1","Strike_G","Survivor","Neutralize","Backflip","Footwork","Deadly Poison+1","Cloak And Dagger","Wraith Form v2","Glass Knife+1","Bane","Corpse Explosion","Bouncing Flask","Tools of the Trade"],"relics":["Tiny House","Orichalcum","War Paint","Tiny Chest","Juzu Bracelet","Girya","Potion Belt","Orrery"],"potions_floor_usage":[3,7,7,10,16,16,16],"damage_taken":[{"damage":0,"enemies":"Cultist","floor":1,"turns":5},{"damage":0,"enemies":"Small Slimes","floor":2,"turns":3},{"damage":0,"enemies":"2 Louse","floor":4,"turns":4},{"damage":11,"enemies":"3 Sentries","floor":7,"turns":10},{"damage":5,"enemies":"Blue Slaver","floor":8,"turns":4},{"damage":26,"enemies":"Lagavulin","floor":10,"turns":6},{"damage":8,"enemies":"3 Sentries","floor":13,"turns":10},{"damage":14,"enemies":"The Guardian","floor":16,"turns":12},{"damage":0,"enemies":"Spheric Guardian","floor":18,"turns":1}],"seed_played":"7709607401050170016","potions_obtained":[{"floor":0,"key":"EntropicBrew"},{"floor":1,"key":"SkillPotion"},{"floor":3,"key":"EntropicBrew"},{"floor":3,"key":"Fruit Juice"},{"floor":3,"key":"FearPotion"},{"floor":8,"key":"FearPotion"}],"is_trial":false,"path_per_floor":["M","M","?","M","$","R","E","M","T","E","?","$","E","T","R","B",null,"M"],"character_chosen":"THE_SILENT","items_purchased":["Orichalcum","Deadly Poison","Bane"],"campfire_rested":0,"item_purchase_floors":[5,5,12],"current_hp_per_floor":[75,75,80,80,80,80,69,64,64,38,38,38,30,30,30,16,80,80],"gold":267,"neow_bonus":"BOSS_RELIC","is_prod":false,"is_daily":false,"chose_seed":false,"campfire_upgraded":2,"win_rate":0,"timestamp":1554677793,"path_taken":["M","M","?","?","$","R","E","M","T","E","?","?","E","?","R","BOSS","M"],"build_version":"2019-01-23","purchased_purges":0,"victory":false,"max_hp_per_floor":[75,75,80,80,80,80,80,80,80,80,80,80,80,80,80,80,80,80],"card_choices":[{"not_picked":["Skewer","Setup"],"picked":"Backflip","floor":1},{"not_picked":["Sucker Punch","Cloak And Dagger"],"picked":"Footwork","floor":2},{"not_picked":["Blade Dance","Tactician","Grand Finale"],"picked":"SKIP","floor":4},{"not_picked":["Accuracy","Prepared","Dagger Spray"],"picked":"SKIP","floor":7},{"not_picked":["Setup","Well Laid Plans"],"picked":"Cloak And Dagger","floor":8},{"not_picked":["PiercingWail","Expertise"],"picked":"Wraith Form v2","floor":10},{"not_picked":["Finisher","Prepared","Slice"],"picked":"SKIP","floor":13},{"not_picked":["After Image","Tools of the Trade"],"picked":"Corpse Explosion","floor":16},{"not_picked":["Deflect","Dagger Throw"],"picked":"Bouncing Flask","floor":17},{"not_picked":["Infinite Blades","PiercingWail"],"picked":"Tools of the Trade","floor":17}],"player_experience":392554,"relics_obtained":[{"floor":7,"key":"War Paint"},{"floor":9,"key":"Tiny Chest"},{"floor":10,"key":"Juzu Bracelet"},{"floor":13,"key":"Girya"},{"floor":14,"key":"Potion Belt"}],"event_choices":[{"damage_healed":0,"gold_gain":0,"player_choice":"Got Potions","damage_taken":0,"max_hp_gain":0,"max_hp_loss":0,"event_name":"Lab","floor":3,"gold_loss":0},{"damage_healed":0,"gold_gain":0,"player_choice":"1 cards matched","damage_taken":0,"max_hp_gain":0,"max_hp_loss":0,"event_name":"Match and Keep!","floor":11,"gold_loss":0,"cards_obtained":["Glass Knife"]}],"is_beta":false,"boss_relics":[{"not_picked":["HoveringKite","Lizard Tail"],"picked":"Orrery"}],"items_purged_floors":[],"is_endless":false,"potions_floor_spawned":[1,8],"killed_by":"Spheric Guardian","ascension_level":4}