{"gold_per_floor":[114,127,139,150,167,196,196,228,280,298,309,337,337,357,357,454,454,471,490,503,40,58,58,69,69,117,131,56,56,87,87,87,192,192,207,207,223,243,243,274,274,304,304,350,382,402,402,85,85,85],"floor_reached":51,"playtime":4450,"items_purged":["Strike_R"],"score":1102,"play_id":"e311e0d6-340d-4b53-a59f-c5bfa204cfb7","local_time":"20180721162218","is_ascension_mode":true,"campfire_choices":[{"floor":7.0,"key":"REST"},{"floor":13.0,"key":"REST"},{"floor":15.0,"key":"REST"},{"floor":23.0,"key":"REST"},{"floor":25.0,"key":"REST"},{"floor":32.0,"key":"REST"},{"floor":41.0,"key":"REST"},{"data":"Entrench","floor":47.0,"key":"SMITH"},{"data":"Body Slam","floor":49.0,"key":"SMITH"}],"neow_cost":"","seed_source_timestamp":0,"circlet_count":0,"master_deck":["Strike_R+1","Defend_R+1","Defend_R+1","Defend_R+1","Defend_R+1","Bash","Combust","Shrug It Off","Iron Wave","Flex","Evolve+1","Shrug It Off","Rupture+1","Armaments","Metallicize+1","Entrench+1","Demon Form+1","Reaper+1","Feel No Pain+1","Combust+1","Headbutt","Anger","Armaments","Rage","Heavy Blade+1","True Grit","Blood for Blood","Shrug It Off","Exhume","Wild Strike+1","Barricade+1","Metallicize+1","Combust+1","Rupture+1","Pommel Strike+1","Iron Wave+1","Shrug It Off+1","Body Slam+1","Headbutt+1","Flex+1"],"special_seed":0,"relics":["Black Blood","Frozen Egg 2","Dream Catcher","Juzu Bracelet","Pantograph","Astrolabe","Mummified Hand","Pen Nib","Red Skull","Oddly Smooth Stone","Toxic Egg 2","Du-Vu Doll","Mercury Hourglass","Blue Candle","Champion Belt","Mango","Unceasing Top","Incense Burner"],"potions_floor_usage":[],"damage_taken":[{"damage":1.0,"enemies":"Cultist","floor":1.0,"turns":3.0},{"damage":2.0,"enemies":"2 Louse","floor":2.0,"turns":3.0},{"damage":4.0,"enemies":"Jaw Worm","floor":3.0,"turns":5.0},{"damage":4.0,"enemies":"2 Fungi Beasts","floor":4.0,"turns":5.0},{"damage":8.0,"enemies":"Blue Slaver","floor":5.0,"turns":4.0},{"damage":54.0,"enemies":"Lagavulin","floor":6.0,"turns":10.0},{"damage":11.0,"enemies":"3 Sentries","floor":8.0,"turns":5.0},{"damage":24.0,"enemies":"Gremlin Gang","floor":10.0,"turns":4.0},{"damage":14.0,"enemies":"3 Louse","floor":11.0,"turns":4.0},{"damage":22.0,"enemies":"Gremlin Nob","floor":12.0,"turns":5.0},{"damage":1.0,"enemies":"Blue Slaver","floor":14.0,"turns":4.0},{"damage":73.0,"enemies":"Hexaghost","floor":16.0,"turns":11.0},{"damage":34.0,"enemies":"Chosen","floor":18.0,"turns":8.0},{"damage":42.0,"enemies":"Spheric Guardian","floor":19.0,"turns":6.0},{"damage":26.0,"enemies":"Centurion and Healer","floor":20.0,"turns":7.0},{"damage":4.0,"enemies":"3 Cultists","floor":22.0,"turns":4.0},{"damage":34.0,"enemies":"Slaver and Parasite","floor":24.0,"turns":3.0},{"damage":17.0,"enemies":"Snake Plant","floor":27.0,"turns":4.0},{"damage":24.0,"enemies":"Gremlin Leader","floor":30.0,"turns":5.0},{"damage":74.0,"enemies":"Champ","floor":33.0,"turns":10.0},{"damage":11.0,"enemies":"3 Shapes","floor":35.0,"turns":27.0},{"damage":19.0,"floor":36.0,"turns":7.0},{"damage":51.0,"enemies":"Flame Bruiser 1 Orb","floor":37.0,"turns":6.0},{"damage":61.0,"enemies":"Sphere and 2 Shapes","floor":38.0,"turns":7.0},{"damage":21.0,"enemies":"Giant Head","floor":40.0,"turns":11.0},{"damage":32.0,"enemies":"Nemesis","floor":42.0,"turns":9.0},{"damage":5.0,"floor":44.0,"turns":6.0},{"damage":44.0,"enemies":"2 Orb Walkers","floor":45.0,"turns":5.0},{"damage":4.0,"enemies":"Transient","floor":46.0,"turns":5.0},{"damage":76,"enemies":"Awakened One","floor":50,"turns":12}],"seed_played":"-4297812372247878425","potions_obtained":[{"floor":3.0,"key":"Ancient Potion"},{"floor":5.0,"key":"Ancient Potion"},{"floor":6.0,"key":"FearPotion"},{"floor":11.0,"key":"SkillPotion"},{"floor":12.0,"key":"BloodPotion"},{"floor":16.0,"key":"SkillPotion"},{"floor":20.0,"key":"Energy Potion"},{"floor":22.0,"key":"Explosive Potion"},{"floor":24.0,"key":"Poison Potion"},{"floor":30.0,"key":"SpeedPotion"},{"floor":33.0,"key":"Regen Potion"},{"floor":35.0,"key":"AttackPotion"},{"floor":40.0,"key":"Energy Potion"},{"floor":42.0,"key":"Poison Potion"},{"floor":45.0,"key":"AttackPotion"}],"is_trial":false,"path_per_floor":["M","M","M","M","M","E","R","E","T","M","M","E","R","M","R","B",null,"M","M","M","$","M","R","M","R","T","M","$","?","E","T","R","B",null,"M","?","M","M","?","E","R","E","T","?","E","M","R","$","R","B"],"character_chosen":"IRONCLAD","items_purchased":["Mummified Hand","Pen Nib","AttackPotion","Incense Burner","Flex+1"],"campfire_rested":7,"item_purchase_floors":[21,21,21,48,48],"current_hp_per_floor":[80,80,80,80,78,30,54,49,49,31,23,7,31,44,68,13,80,52,22,7,7,19,43,15,39,39,35,35,35,46,46,70,12,80,80,80,57,21,21,47,71,49,49,68,64,70,70,70,70,50],"gold":85,"neow_bonus":"","is_prod":false,"is_daily":false,"chose_seed":false,"campfire_upgraded":2,"win_rate":0,"timestamp":1532204538,"path_taken":["M","M","M","M","?","E","R","E","T","M","M","E","R","M","R","BOSS","M","M","M","$","M","R","M","R","T","M","?","?","E","?","R","BOSS","M","?","M","M","?","E","R","E","T","?","E","M","R","?","R","BOSS"],"build_version":"2018-07-19v2","purchased_purges":1,"victory":true,"max_hp_per_floor":[80,80,80,80,80,80,80,80,80,80,80,80,80,80,80,80,80,80,80,80,80,80,80,80,80,80,80,80,80,80,80,80,80,80,80,80,80,80,80,80,80,80,80,94,94,94,94,94,94,94],"card_choices":[{"not_picked":["Clothesline","Clash"],"picked":"Combust","floor":1.0},{"not_picked":["Heavy Blade","Armaments"],"picked":"Shrug It Off","floor":2.0},{"not_picked":["Heavy Blade","Flex"],"picked":"Iron Wave","floor":3.0},{"not_picked":["Rampage","Perfected Strike"],"picked":"Flex","floor":4.0},{"not_picked":["Twin Strike","Fire Breathing"],"picked":"Clash","floor":5.0},{"not_picked":["Intimidate","Carnage"],"picked":"Evolve","floor":6.0},{"not_picked":["Fire Breathing+1","Pommel Strike"],"picked":"Shrug It Off","floor":8.0},{"not_picked":["Havoc","Rage","True Grit"],"picked":"SKIP","floor":10.0},{"not_picked":["Body Slam","Fire Breathing+1"],"picked":"Rupture+1","floor":11.0},{"not_picked":["Demon Form+1","Body Slam"],"picked":"Armaments","floor":12.0},{"not_picked":["Wild Strike","Twin Strike"],"picked":"Metallicize+1","floor":13.0},{"not_picked":["Havoc","Pummel","Clothesline"],"picked":"SKIP","floor":14.0},{"not_picked":["Rage","Clothesline"],"picked":"Entrench","floor":15.0},{"not_picked":["Double Tap","Offering"],"picked":"Demon Form+1","floor":16.0},{"not_picked":["Flex","Clash+1"],"picked":"Headbutt","floor":18.0},{"not_picked":["Clash","Battle Trance+1"],"picked":"Anger","floor":19.0},{"not_picked":["Infernal Blade","Havoc"],"picked":"Armaments","floor":20.0},{"not_picked":["Flex","Havoc+1"],"picked":"Rage","floor":22.0},{"not_picked":["Sentinel","Corruption+1"],"picked":"Heavy Blade+1","floor":23.0},{"not_picked":["Thunderclap","Uppercut"],"picked":"True Grit","floor":24.0},{"not_picked":["Exhume","Wild Strike+1"],"picked":"Blood for Blood","floor":25.0},{"not_picked":["Thunderclap","Pommel Strike"],"picked":"Shrug It Off","floor":27.0},{"not_picked":["Power Through+1","Dual Wield"],"picked":"Exhume","floor":30.0},{"not_picked":["Intimidate+1","Carnage"],"picked":"Wild Strike+1","floor":32.0},{"not_picked":["Demon Form+1","Brutality+1"],"picked":"Barricade+1","floor":33.0},{"not_picked":["Infernal Blade+1","Hemokinesis"],"picked":"Metallicize+1","floor":35.0},{"not_picked":["Evolve+1","Thunderclap"],"picked":"Combust+1","floor":36.0},{"not_picked":["Uppercut+1","Warcry+1"],"picked":"Rupture+1","floor":37.0},{"not_picked":["Infernal Blade+1","Inflame+1"],"picked":"Pommel Strike+1","floor":38.0},{"not_picked":["Offering+1","Evolve+1"],"picked":"Iron Wave+1","floor":40.0},{"not_picked":["Havoc+1","Inflame+1"],"picked":"Shrug It Off+1","floor":41.0},{"not_picked":["Sword Boomerang","Evolve+1","Anger"],"picked":"SKIP","floor":42.0},{"not_picked":["Uppercut+1","Sword Boomerang+1"],"picked":"Body Slam","floor":44.0},{"not_picked":["Clothesline+1","Pommel Strike","Heavy Blade"],"picked":"SKIP","floor":45.0},{"not_picked":["Inflame+1","Havoc+1"],"picked":"Headbutt+1","floor":46.0}],"player_experience":100716,"relics_obtained":[{"floor":6.0,"key":"Frozen Egg 2"},{"floor":8.0,"key":"Dream Catcher"},{"floor":9.0,"key":"Juzu Bracelet"},{"floor":12.0,"key":"Pantograph"},{"floor":26.0,"key":"Red Skull"},{"floor":30.0,"key":"Oddly Smooth Stone"},{"floor":31.0,"key":"Toxic Egg 2"},{"floor":36.0,"key":"Du-Vu Doll"},{"floor":40.0,"key":"Mercury Hourglass"},{"floor":42.0,"key":"Blue Candle"},{"floor":43.0,"key":"Champion Belt"},{"floor":44.0,"key":"Mango"},{"floor":45.0,"key":"Unceasing Top"}],"event_choices":[{"event_name":"Back to Basics","player_choice":"Simplicity","floor":29.0,"damage_taken":0.0},{"event_name":"MindBloom","player_choice":"Fight","floor":36.0,"damage_taken":0.0},{"event_name":"Falling","player_choice":"Removed Attack","floor":39.0,"damage_taken":0.0},{"event_name":"Mysterious Sphere","player_choice":"Fight","floor":44.0,"damage_taken":0.0}],"is_beta":false,"boss_relics":[{"not_picked":["Calling Bell","Lizard Tail"],"picked":"Astrolabe"},{"not_picked":["Tiny House","Sozu"],"picked":"Black Blood"}],"items_purged_floors":[28],"is_endless":false,"potions_floor_spawned":[3,5,6,11,12,16,20,22,24,30,33,35,40,42,45],"ascension_level":2}