{"gold_per_floor":[99,99,99,99,99,99,99,99,99,99,99,84,84,84,84,84,84,84,9,9,9,0,0,0,0,0,0,0,0,0,0,0,0,0,0,0,0,0,0,0,0,0,0,0,0,0,0],"floor_reached":47,"playtime":2117,"items_purged":["Strike_R"],"score":469,"play_id":"f560ccb2-e590-49a3-b179-bcd6367b8a25","local_time":"20190423214323","is_ascension_mode":true,"campfire_choices":[{"data":"Bash","floor":6.0,"key":"SMITH"},{"data":"True Grit","floor":15.0,"key":"SMITH"},{"data":"Shockwave","floor":23.0,"key":"SMITH"},{"floor":32.0,"key":"REST"},{"data":"Immolate","floor":40.0,"key":"SMITH"},{"floor":44.0,"key":"REST"}],"neow_cost":"NONE","seed_source_timestamp":19586360088900,"circlet_count":0,"master_deck":["Defend_R+1","Defend_R+1","Defend_R+1","Defend_R+1","Bash+1","Burning Pact","True Grit","True Grit+1","Warcry","Cleave","Seeing Red","Evolve","Reaper","Shockwave+1","Bite","Bite","Bite","Bite","Bite","Immolate+1","Dropkick+1","Double Tap","Shrug It Off+1","Madness","Madness","Wild Strike+1","Burning Pact+1"],"special_seed":0,"relics":["Ectoplasm"],"potions_floor_usage":[47],"damage_taken":[{"damage":0.0,"enemies":"2 Louse","floor":1.0,"turns":3.0},{"damage":1.0,"enemies":"Jaw Worm","floor":5.0,"turns":3.0},{"damage":0.0,"enemies":"Small Slimes","floor":7.0,"turns":3.0},{"damage":5.0,"enemies":"3 Louse","floor":8.0,"turns":4.0},{"damage":4.0,"enemies":"Large Slime","floor":10.0,"turns":7.0},{"damage":2.0,"enemies":"Looter","floor":12.0,"turns":2.0},{"damage":0.0,"enemies":"2 Fungi Beasts","floor":13.0,"turns":4.0},{"damage":2.0,"enemies":"Blue Slaver","floor":14.0,"turns":6.0},{"damage":45.0,"enemies":"The Guardian","floor":16.0,"turns":17.0},{"damage":0.0,"enemies":"Chosen","floor":18.0,"turns":6.0},{"damage":15.0,"enemies":"2 Thieves","floor":24.0,"turns":4.0},{"damage":15.0,"enemies":"Snecko","floor":25.0,"turns":8.0},{"damage":28.0,"enemies":"Centurion and Healer","floor":27.0,"turns":7.0},{"damage":28.0,"enemies":"Snake Plant","floor":28.0,"turns":5.0},{"damage":17.0,"enemies":"Chosen and Byrds","floor":29.0,"turns":6.0},{"damage":83.0,"enemies":"Champ","floor":33.0,"turns":10.0},{"damage":16.0,"enemies":"3 Darklings","floor":35.0,"turns":4.0},{"damage":4.0,"enemies":"Orb Walker","floor":37.0,"turns":6.0},{"damage":39.0,"enemies":"Spire Growth","floor":41.0,"turns":5.0},{"damage":30,"enemies":"Jaw Worm Horde","floor":45,"turns":3},{"damage":36,"enemies":"Sphere and 2 Shapes","floor":46,"turns":6},{"damage":10,"enemies":"3 Darklings","floor":47,"turns":1}],"seed_played":"1358840144201757012","potions_obtained":[{"floor":5.0,"key":"Energy Potion"},{"floor":10.0,"key":"Weak Potion"},{"floor":13.0,"key":"Weak Potion"},{"floor":24.0,"key":"LiquidBronze"},{"floor":25.0,"key":"PowerPotion"},{"floor":27.0,"key":"SkillPotion"},{"floor":28.0,"key":"LiquidBronze"},{"floor":33.0,"key":"PowerPotion"}],"is_trial":false,"path_per_floor":["M","?","?","?","M","R","M","M","T","M","?","M","M","M","R","B",null,"M","$","?","?","?","R","M","M","T","M","M","M","$","?","R","B",null,"M","$","M","?","$","R","M","?","T","R","M","M","M"],"character_chosen":"IRONCLAD","items_purchased":[],"campfire_rested":2,"item_purchase_floors":[],"current_hp_per_floor":[80,64,57,57,56,56,56,51,51,47,52,50,50,48,48,3,85,85,85,59,49,49,49,51,58,58,52,33,37,37,37,56,16,64,61,61,64,56,56,56,33,33,33,52,29,3,0],"gold":0,"neow_bonus":"BOSS_RELIC","is_prod":false,"is_daily":false,"chose_seed":false,"campfire_upgraded":4,"win_rate":0,"timestamp":1556070203,"path_taken":["M","?","?","?","M","R","M","M","T","M","?","M","M","M","R","BOSS","M","$","?","?","?","R","M","M","T","M","M","M","$","?","R","BOSS","M","$","M","?","$","R","M","?","T","R","M","M","M"],"build_version":"2019-01-23","purchased_purges":1,"victory":false,"max_hp_per_floor":[80,80,80,80,80,80,80,80,80,80,85,85,85,85,85,85,85,85,85,59,64,64,64,64,64,64,64,64,64,64,64,64,64,64,64,64,64,64,64,64,64,64,64,64,64,64,64],"card_choices":[{"not_picked":["Clash","Wild Strike"],"picked":"Burning Pact","floor":1.0},{"not_picked":["Entrench","Heavy Blade"],"picked":"True Grit","floor":5.0},{"not_picked":["Twin Strike","Body Slam"],"picked":"True Grit","floor":7.0},{"not_picked":["Dual Wield","Rage"],"picked":"Warcry","floor":8.0},{"not_picked":["Headbutt","Sword Boomerang"],"picked":"Cleave","floor":10.0},{"not_picked":["Twin Strike","Shockwave"],"picked":"Seeing Red","floor":12.0},{"not_picked":["Whirlwind","Metallicize"],"picked":"Evolve","floor":13.0},{"not_picked":["Inflame","Anger","Havoc"],"picked":"SKIP","floor":14.0},{"not_picked":["Juggernaut","Exhume"],"picked":"Reaper","floor":16.0},{"not_picked":["Bloodletting+1","Corruption"],"picked":"Shockwave","floor":18.0},{"not_picked":["Iron Wave","Havoc+1","Body Slam+1"],"picked":"SKIP","floor":24.0},{"not_picked":["Disarm","Anger"],"picked":"Immolate","floor":25.0},{"not_picked":["Cleave","Havoc","Clothesline"],"picked":"SKIP","floor":27.0},{"not_picked":["Anger+1","Clothesline+1","Perfected Strike"],"picked":"SKIP","floor":28.0},{"not_picked":["Infernal Blade","Sever Soul"],"picked":"Dropkick+1","floor":29.0},{"not_picked":["Barricade","Exhume"],"picked":"Double Tap","floor":33.0},{"not_picked":["Clash","Warcry","Anger+1"],"picked":"SKIP","floor":35.0},{"not_picked":["Headbutt","Rupture+1"],"picked":"Shrug It Off+1","floor":37.0},{"not_picked":["Disarm","Armaments"],"picked":"Wild Strike+1","floor":41.0},{"not_picked":["Entrench+1","Burning Pact+1","Perfected Strike"],"picked":"SKIP","floor":45},{"not_picked":["Entrench+1","Perfected Strike"],"picked":"Burning Pact+1","floor":45},{"not_picked":["Clothesline+1","Sword Boomerang+1","Clash"],"picked":"SKIP","floor":46},{"not_picked":["Clothesline+1","Sword Boomerang+1","Clash"],"picked":"SKIP","floor":46}],"player_experience":683789,"relics_obtained":[],"event_choices":[{"damage_healed":0.0,"max_hp_gain":0.0,"max_hp_loss":0.0,"gold_gain":0.0,"event_name":"Shining Light","player_choice":"Entered Light","floor":2.0,"gold_loss":0.0,"damage_taken":16.0,"cards_upgraded":["Strike_R","Defend_R"]},{"cards_removed":["Strike_R"],"damage_healed":0.0,"max_hp_gain":0.0,"max_hp_loss":0.0,"gold_gain":0.0,"event_name":"Golden Wing","player_choice":"Card Removal","floor":3.0,"gold_loss":0.0,"damage_taken":7.0},{"damage_healed":0.0,"max_hp_gain":0.0,"max_hp_loss":0.0,"gold_gain":0.0,"event_name":"Scrap Ooze","player_choice":"Fled","floor":4.0,"gold_loss":0.0,"damage_taken":0.0},{"damage_healed":0.0,"max_hp_gain":5.0,"max_hp_loss":0.0,"gold_gain":0.0,"event_name":"Big Fish","player_choice":"Donut","floor":11.0,"gold_loss":0.0,"damage_taken":0.0},{"damage_healed":0.0,"max_hp_gain":0.0,"max_hp_loss":26.0,"gold_gain":0.0,"event_name":"Vampires","player_choice":"Became a vampire","floor":20.0,"gold_loss":0.0,"damage_taken":0.0,"cards_obtained":["Bite","Bite","Bite","Bite","Bite"]},{"damage_healed":0.0,"max_hp_gain":5.0,"max_hp_loss":0.0,"gold_gain":0.0,"event_name":"Forgotten Altar","player_choice":"Shed Blood","floor":21.0,"gold_loss":0.0,"damage_taken":15.0},{"damage_healed":0.0,"max_hp_gain":0.0,"max_hp_loss":0.0,"gold_gain":0.0,"event_name":"Masked Bandits","player_choice":"Paid Fearfully","floor":22.0,"gold_loss":9.0,"damage_taken":0.0},{"damage_healed":0.0,"max_hp_gain":0.0,"max_hp_loss":0.0,"gold_gain":0.0,"event_name":"Back to Basics","player_choice":"Simplicity","floor":31.0,"gold_loss":0.0,"damage_taken":0.0,"cards_upgraded":["Defend_R","Defend_R","Defend_R"]},{"damage_healed":0.0,"max_hp_gain":0.0,"max_hp_loss":0.0,"gold_gain":0.0,"event_name":"Winding Halls","player_choice":"Embrace Madness","floor":38.0,"gold_loss":0.0,"damage_taken":8.0,"cards_obtained":["Madness","Madness"]},{"damage_healed":0.0,"max_hp_gain":0.0,"max_hp_loss":0.0,"gold_gain":0.0,"event_name":"WeMeetAgain","player_choice":"Ignored","floor":42.0,"gold_loss":0.0,"damage_taken":0.0}],"is_beta":false,"boss_relics":[{"not_picked":["Runic Pyramid","Snecko Eye","Velvet Choker"]},{"not_picked":["Philosopher\u0027s Stone","Empty Cage","Eternal Feather"]}],"items_purged_floors":[19],"is_endless":false,"potions_floor_spawned":[5,10,13,24,25,27,28,33,37,45,46],"killed_by":"3 Darklings","ascension_level":1}