{"gold_per_floor":[115,129,141,154,209,209,90,118,157,169,192,231,4,4,4,80,80,100,100,0,0,12,12,25,25,48,148,163,38,38,58,58,58],"floor_reached":33,"playtime":1398,"items_purged":["Strike_R","Strike_R","Strike_R"],"score":510,"play_id":"31c88be1-32a7-475b-953c-ef6c71f8ac3d","local_time":"20190403213549","is_ascension_mode":true,"campfire_choices":[{"data":"Bludgeon","floor":6.0,"key":"SMITH"},{"data":"Armaments","floor":10.0,"key":"SMITH"},{"data":"Disarm","floor":15.0,"key":"SMITH"},{"floor":23,"key":"REST"},{"floor":32,"key":"REST"}],"neow_cost":"PERCENT_DAMAGE","seed_source_timestamp":1038755538290,"circlet_count":0,"master_deck":["AscendersBane","Strike_R","Strike_R+1","Defend_R","Defend_R","Defend_R","Defend_R","Bash","Bludgeon+1","Whirlwind+1","Iron Wave","Clothesline","Flame Barrier","Carnage","Spot Weakness","Armaments+1","Shrug It Off","Disarm+1","Reaper","Burning Pact","True Grit","Power Through"],"special_seed":0,"relics":["Black Blood","MawBank","Whetstone","Pen Nib","Orichalcum","MutagenicStrength","Centennial Puzzle","Ginger","Gremlin Horn"],"potions_floor_usage":[27,27],"damage_taken":[{"damage":11.0,"enemies":"Jaw Worm","floor":1.0,"turns":5.0},{"damage":0.0,"enemies":"Cultist","floor":2.0,"turns":3.0},{"damage":7.0,"enemies":"Small Slimes","floor":3.0,"turns":3.0},{"damage":12.0,"enemies":"Blue Slaver","floor":4.0,"turns":3.0},{"damage":1.0,"enemies":"Gremlin Nob","floor":8.0,"turns":3.0},{"damage":8.0,"enemies":"3 Louse","floor":11.0,"turns":4.0},{"damage":10.0,"enemies":"3 Sentries","floor":12.0,"turns":3.0},{"damage":33.0,"enemies":"The Guardian","floor":16.0,"turns":13.0},{"damage":13.0,"enemies":"3 Byrds","floor":18.0,"turns":6.0},{"damage":22,"enemies":"Shell Parasite","floor":22,"turns":6},{"damage":2,"enemies":"Snecko","floor":24,"turns":3},{"damage":0,"enemies":"Colosseum Slavers","floor":27,"turns":1},{"damage":40,"enemies":"Colosseum Nobs","floor":27,"turns":6},{"damage":30,"enemies":"Snake Plant","floor":28,"turns":6},{"damage":22,"enemies":"Shelled Parasite and Fungi","floor":31,"turns":3},{"damage":48,"enemies":"Collector","floor":33,"turns":3}],"seed_played":"4567282355131599890","potions_obtained":[{"floor":1.0,"key":"GamblersBrew"},{"floor":3.0,"key":"Explosive Potion"},{"floor":4.0,"key":"Strength Potion"},{"floor":16.0,"key":"Explosive Potion"},{"floor":22,"key":"SkillPotion"}],"is_trial":false,"path_per_floor":["M","M","M","M","?","R","$","E","T","R","M","E","$","$","R","B",null,"M","?","$","?","M","R","M","$","T","?","M","$","?","M","R","B"],"character_chosen":"IRONCLAD","items_purchased":["Carnage","Spot Weakness","Orichalcum"],"campfire_rested":2,"item_purchase_floors":[7,7,13],"current_hp_per_floor":[45,51,50,44,44,44,44,49,49,49,47,43,43,43,43,16,60,57,57,57,36,24,48,56,56,56,36,23,23,23,11,35,0],"gold":58,"neow_bonus":"THREE_RARE_CARDS","is_prod":false,"is_daily":false,"chose_seed":false,"campfire_upgraded":3,"win_rate":0,"timestamp":1554341749,"path_taken":["M","M","M","M","?","R","$","E","T","R","M","E","?","$","R","BOSS","M","?","$","?","M","R","M","?","T","?","?","$","?","M","R","BOSS"],"build_version":"2019-01-23","purchased_purges":3,"victory":false,"max_hp_per_floor":[75,75,75,75,75,75,75,75,75,75,75,75,75,75,75,75,75,75,75,75,80,80,80,80,80,80,80,80,80,80,80,80,80],"card_choices":[{"not_picked":["Fiend Fire","Brutality"],"picked":"Bludgeon","floor":0.0},{"not_picked":["Clothesline","Body Slam"],"picked":"Whirlwind","floor":1.0},{"not_picked":["Infernal Blade","Double Tap"],"picked":"Iron Wave","floor":2.0},{"not_picked":["Armaments","Wild Strike"],"picked":"Clothesline","floor":3.0},{"not_picked":["Body Slam","Warcry"],"picked":"Flame Barrier","floor":4.0},{"not_picked":["Cleave","Wild Strike"],"picked":"Armaments","floor":8.0},{"not_picked":["Hemokinesis","Whirlwind"],"picked":"Shrug It Off","floor":11.0},{"not_picked":["Sever Soul","Body Slam"],"picked":"Disarm","floor":12.0},{"not_picked":["Dark Embrace","Bludgeon"],"picked":"Reaper","floor":16.0},{"not_picked":["Havoc","Anger"],"picked":"Burning Pact","floor":18.0},{"not_picked":["Sword Boomerang","Sever Soul"],"picked":"True Grit","floor":22},{"not_picked":["Uppercut","Twin Strike"],"picked":"Power Through","floor":24},{"not_picked":["Pommel Strike","Havoc","Bludgeon"],"picked":"SKIP","floor":28},{"not_picked":["Burning Pact","Anger+1","Fire Breathing"],"picked":"SKIP","floor":31}],"player_experience":851255,"relics_obtained":[{"floor":8.0,"key":"MawBank"},{"floor":9.0,"key":"Whetstone"},{"floor":12.0,"key":"Pen Nib"},{"floor":26,"key":"Centennial Puzzle"},{"floor":27,"key":"Ginger"},{"floor":27,"key":"Gremlin Horn"}],"event_choices":[{"damage_healed":0.0,"max_hp_gain":0.0,"max_hp_loss":0.0,"gold_gain":55.0,"event_name":"Golden Wing","player_choice":"Gained Gold","floor":5.0,"gold_loss":0.0,"damage_taken":0.0},{"damage_healed":0.0,"max_hp_gain":0.0,"max_hp_loss":0.0,"gold_gain":0.0,"event_name":"Drug Dealer","player_choice":"Inject Mutagens","floor":19.0,"gold_loss":0.0,"damage_taken":0.0,"relics_obtained":["MutagenicStrength"]},{"damage_healed":0.0,"max_hp_gain":5.0,"max_hp_loss":0.0,"gold_gain":0.0,"event_name":"Forgotten Altar","player_choice":"Shed Blood","floor":21.0,"gold_loss":0.0,"damage_taken":26.0},{"damage_healed":0,"gold_gain":0,"player_choice":"Fight","damage_taken":0,"max_hp_gain":0,"max_hp_loss":0,"event_name":"Colosseum","floor":27,"gold_loss":0},{"damage_healed":0,"gold_gain":0,"player_choice":"Fought Nobs","damage_taken":0,"max_hp_gain":0,"max_hp_loss":0,"event_name":"Colosseum","floor":27,"gold_loss":0},{"damage_healed":0,"gold_gain":0,"player_choice":"Ignored","damage_taken":0,"max_hp_gain":0,"max_hp_loss":0,"event_name":"Beggar","floor":30,"gold_loss":0}],"is_beta":false,"boss_relics":[{"not_picked":["Fusion Hammer","White Beast Statue"],"picked":"Black Blood"}],"items_purged_floors":[13,20,29],"is_endless":false,"potions_floor_spawned":[1,3,4,16,22,24,27],"killed_by":"Collector","ascension_level":20}