{"gold_per_floor":[116,116,140,158,172,203,218,3,3,21,62,92,113,24,24,152,152,173,197,218,317,317],"floor_reached":22,"playtime":1052,"items_purged":[],"score":220,"play_id":"9c1610e2-5a42-42f8-96cb-b6a0d8c7f721","local_time":"20190225121552","is_ascension_mode":true,"campfire_choices":[{"floor":15,"key":"REST"}],"neow_cost":"NONE","seed_source_timestamp":108837760842490,"circlet_count":0,"master_deck":["Defend_G","Defend_G","Defend_G","Defend_G","Defend_G","Strike_G","Strike_G","Strike_G","Strike_G","Strike_G","Survivor","Neutralize","Catalyst","Underhanded Strike","Catalyst","Backstab","Poisoned Stab","Quick Slash","Dash","Footwork","Caltrops","Poisoned Stab","Bandage Up","Corpse Explosion","Noxious Fumes","Bane","Footwork+1"],"relics":["Ring of the Snake","Regal Pillow","Golden Idol","Happy Flower","Bronze Scales","Ninja Scroll","Dodecahedron","Question Card","Snecko Eye"],"potions_floor_usage":[6,6,16,22,22],"damage_taken":[{"damage":0,"enemies":"Jaw Worm","floor":1,"turns":5},{"damage":7,"enemies":"Small Slimes","floor":3,"turns":5},{"damage":2,"enemies":"2 Louse","floor":4,"turns":4},{"damage":16,"enemies":"2 Fungi Beasts","floor":5,"turns":4},{"damage":14,"enemies":"Gremlin Nob","floor":6,"turns":3},{"damage":1,"enemies":"Red Slaver","floor":7,"turns":3},{"damage":0,"enemies":"Looter","floor":10,"turns":2},{"damage":14,"enemies":"Lagavulin","floor":11,"turns":8},{"damage":0,"enemies":"Blue Slaver","floor":13,"turns":2},{"damage":18,"enemies":"Hexaghost","floor":16,"turns":8},{"damage":11,"enemies":"2 Thieves","floor":18,"turns":2},{"damage":12,"enemies":"Shell Parasite","floor":19,"turns":3},{"damage":12,"enemies":"Chosen and Byrds","floor":20,"turns":6},{"damage":15,"enemies":"Colosseum Slavers","floor":22,"turns":2},{"damage":35,"enemies":"Colosseum Nobs","floor":22,"turns":3}],"seed_played":"-8879840200375104715","potions_obtained":[{"floor":3,"key":"Regen Potion"},{"floor":5,"key":"FearPotion"},{"floor":6,"key":"SpeedPotion"},{"floor":11,"key":"PowerPotion"},{"floor":20,"key":"Swift Potion"}],"is_trial":false,"path_per_floor":["M","?","M","M","M","E","M","$","T","M","E","?","M","$","R","B",null,"M","M","M","?","?"],"character_chosen":"THE_SILENT","items_purchased":["Bronze Scales","Dash","Bandage Up"],"campfire_rested":1,"item_purchase_floors":[8,8,14],"current_hp_per_floor":[70,53,46,44,28,23,22,22,22,22,8,8,8,8,44,30,70,59,47,39,39,0],"gold":317,"neow_bonus":"RANDOM_COMMON_RELIC","is_prod":false,"is_daily":false,"chose_seed":false,"campfire_upgraded":0,"win_rate":0,"timestamp":1551096952,"path_taken":["M","?","M","M","M","E","M","$","T","M","E","?","M","?","R","BOSS","M","M","M","?","?"],"build_version":"2019-01-23","purchased_purges":0,"victory":false,"max_hp_per_floor":[70,70,70,70,70,70,70,70,70,70,70,70,70,70,70,70,70,70,70,70,70,70],"card_choices":[{"not_picked":["Prepared","Blade Dance"],"picked":"Catalyst","floor":1},{"not_picked":["Reflex","Well Laid Plans"],"picked":"Underhanded Strike","floor":3},{"not_picked":["Dagger Throw","Dagger Spray"],"picked":"Catalyst","floor":4},{"not_picked":["Dagger Spray","Cloak And Dagger"],"picked":"Backstab","floor":5},{"not_picked":["Dodge and Roll","Malaise"],"picked":"Poisoned Stab","floor":6},{"not_picked":["Endless Agony","Dagger Spray"],"picked":"Quick Slash","floor":7},{"not_picked":["Underhanded Strike","Finisher"],"picked":"Footwork","floor":10},{"not_picked":["Sucker Punch","Dagger Spray"],"picked":"Caltrops","floor":11},{"not_picked":["Dagger Throw","Quick Slash","Slice"],"picked":"Poisoned Stab","floor":13},{"not_picked":["Doppelganger","Night Terror","A Thousand Cuts"],"picked":"Corpse Explosion","floor":16},{"not_picked":["Flying Knee","Eviscerate","Quick Slash"],"picked":"Noxious Fumes","floor":18},{"not_picked":["Quick Slash","Caltrops","Acrobatics"],"picked":"Bane","floor":19},{"not_picked":["Underhanded Strike+1","Acrobatics+1","Accuracy"],"picked":"Footwork+1","floor":20}],"player_experience":291783,"relics_obtained":[{"floor":6,"key":"Happy Flower"},{"floor":9,"key":"Ninja Scroll"},{"floor":11,"key":"Dodecahedron"}],"event_choices":[{"damage_healed":0,"gold_gain":0,"player_choice":"Take Damage","damage_taken":17,"relics_obtained":["Golden Idol"],"max_hp_gain":0,"max_hp_loss":0,"event_name":"Golden Idol","floor":2,"gold_loss":0},{"damage_healed":0,"gold_gain":30,"player_choice":"Searched \u00273\u0027 times","damage_taken":0,"relics_obtained":["Question Card"],"max_hp_gain":0,"max_hp_loss":0,"event_name":"Dead Adventurer","floor":12,"gold_loss":0},{"damage_healed":0,"gold_gain":99,"player_choice":"Stole From Cult","damage_taken":0,"max_hp_gain":0,"max_hp_loss":0,"event_name":"Nest","floor":21,"gold_loss":0},{"damage_healed":0,"gold_gain":0,"player_choice":"Fight","damage_taken":0,"max_hp_gain":0,"max_hp_loss":0,"event_name":"Colosseum","floor":22,"gold_loss":0},{"damage_healed":0,"gold_gain":0,"player_choice":"Fought Nobs","damage_taken":0,"max_hp_gain":0,"max_hp_loss":0,"event_name":"Colosseum","floor":22,"gold_loss":0}],"is_beta":false,"boss_relics":[{"not_picked":["Lizard Tail","Eternal Feather"],"picked":"Snecko Eye"}],"items_purged_floors":[],"is_endless":false,"potions_floor_spawned":[3,5,6,11,20],"killed_by":"Colosseum Nobs","ascension_level":2}