{"gold_per_floor":[114,129,72,89,102,132,132,166,166,166,179,179,195,225,225,302,302,317,106,106,116,129,160,160,186,263,293,293,306,324,349,349,422,422,432,432,177,197,216,243,259,286,286,320,338,338,438,454,454,454,454,454,454,26,52,52],"floor_reached":57,"playtime":8050,"items_purged":["Strike_B","Strike_B","Strike_B"],"score":2938,"play_id":"751f2b4c-8806-473d-90db-a901bb919070","local_time":"20190225140024","is_ascension_mode":true,"campfire_choices":[{"floor":7.0,"key":"REST"},{"data":"Zap","floor":10.0,"key":"SMITH"},{"data":"Defend_B","floor":15.0,"key":"SMITH"},{"data":"Seek","floor":24.0,"key":"SMITH"},{"data":"Go for the Eyes","floor":28.0,"key":"SMITH"},{"data":"Glacier","floor":32.0,"key":"SMITH"},{"floor":49.0,"key":"RECALL"},{"data":"Apotheosis","floor":53.0,"key":"SMITH"}],"neow_cost":"NONE","seed_source_timestamp":0,"circlet_count":0,"master_deck":["AscendersBane","Defend_B","Defend_B","Defend_B","Defend_B+1","Zap+1","Dualcast","Cold Snap","Go for the Eyes","Ball Lightning","Self Repair+1","Go for the Eyes+1","Blizzard","Capacitor+1","Coolheaded","Sweeping Beam","Thunder Strike","Seek+1","Sunder+1","Glacier+1","Defragment+1","Decay","Steam Power+1","Static Discharge+1","Go for the Eyes","Loop+1","Glacier","BootSequence","Echo Form+1","Buffer+1","Go for the Eyes","Heatsinks+1","Seek+1","Apotheosis+1","Turbo","Electrodynamics+1","Cold Snap","Reinforced Body+1","Seek","Hologram+1","Hologram","Buffer+1","Turbo"],"special_seed":0,"relics":["Cracked Core","Prayer Wheel","Frozen Egg 2","Shuriken","Pear","Coffee Dripper","Bottled Lightning","Bronze Scales","Ornamental Fan","Smiling Mask","Juzu Bracelet","Lizard Tail","Strawberry","Regal Pillow","Bottled Flame","Shovel","Lantern","Pen Nib","Centennial Puzzle"],"potions_floor_usage":[56,56],"damage_taken":[{"damage":4.0,"enemies":"Jaw Worm","floor":1.0,"turns":4.0},{"damage":2.0,"enemies":"2 Louse","floor":2.0,"turns":2.0},{"damage":0.0,"enemies":"Cultist","floor":4.0,"turns":3.0},{"damage":23.0,"enemies":"Gremlin Gang","floor":5.0,"turns":4.0},{"damage":17.0,"enemies":"3 Sentries","floor":6.0,"turns":7.0},{"damage":8.0,"enemies":"Lagavulin","floor":8.0,"turns":7.0},{"damage":7.0,"enemies":"Large Slime","floor":11.0,"turns":5.0},{"damage":2.0,"enemies":"Red Slaver","floor":13.0,"turns":3.0},{"damage":12.0,"enemies":"3 Sentries","floor":14.0,"turns":6.0},{"damage":44.0,"enemies":"The Guardian","floor":16.0,"turns":10.0},{"damage":10.0,"enemies":"3 Byrds","floor":18.0,"turns":6.0},{"damage":1.0,"enemies":"2 Thieves","floor":21.0,"turns":4.0},{"damage":19.0,"enemies":"Centurion and Healer","floor":22.0,"turns":8.0},{"damage":35.0,"enemies":"Book of Stabbing","floor":23.0,"turns":6.0},{"damage":1.0,"enemies":"Slavers","floor":25.0,"turns":4.0},{"damage":17.0,"enemies":"Book of Stabbing","floor":27.0,"turns":5.0},{"damage":5.0,"enemies":"Snake Plant","floor":29.0,"turns":5.0},{"damage":0.0,"enemies":"Snecko","floor":30.0,"turns":5.0},{"damage":17.0,"enemies":"Gremlin Leader","floor":31.0,"turns":7.0},{"damage":14.0,"enemies":"Champ","floor":33.0,"turns":8.0},{"damage":0.0,"enemies":"3 Shapes","floor":35.0,"turns":8.0},{"damage":11.0,"enemies":"3 Darklings","floor":38.0,"turns":5.0},{"damage":0.0,"enemies":"Jaw Worm Horde","floor":39.0,"turns":2.0},{"damage":0.0,"enemies":"Nemesis","floor":40.0,"turns":11.0},{"damage":0.0,"enemies":"4 Shapes","floor":41.0,"turns":3.0},{"damage":4.0,"enemies":"Reptomancer","floor":42.0,"turns":6.0},{"damage":0.0,"enemies":"Giant Head","floor":44.0,"turns":8.0},{"damage":0.0,"enemies":"Sphere and 2 Shapes","floor":45.0,"turns":4.0},{"damage":0.0,"enemies":"Mind Bloom Boss Battle","floor":47.0,"turns":10.0},{"damage":2.0,"enemies":"3 Darklings","floor":48.0,"turns":3.0},{"damage":10.0,"enemies":"Donu and Deca","floor":50.0,"turns":11.0},{"damage":59.0,"enemies":"Awakened One","floor":51.0,"turns":20.0},{"damage":44.0,"enemies":"Shield and Spear","floor":55.0,"turns":5.0},{"damage":52,"enemies":"The Heart","floor":56,"turns":9}],"seed_played":"6654094327762489930","potions_obtained":[{"floor":4.0,"key":"SteroidPotion"},{"floor":11.0,"key":"SpeedPotion"},{"floor":21.0,"key":"Explosive Potion"},{"floor":22.0,"key":"Block Potion"},{"floor":25.0,"key":"Strength Potion"},{"floor":29.0,"key":"Strength Potion"},{"floor":33.0,"key":"FocusPotion"},{"floor":40.0,"key":"Energy Potion"}],"is_trial":false,"path_per_floor":["M","M","$","M","M","E","R","E","T","R","M","?","M","E","R","B",null,"M","$","?","M","M","E","R","E","T","E","R","M","M","E","R","B",null,"M","?","$","M","M","E","M","E","T","E","M","?","?","M","R","B","B",null,"R","$","E","B",null],"character_chosen":"DEFECT","items_purchased":["Fire Potion","Defragment+1","Explosive Potion","Apotheosis","Lantern","Turbo","Pen Nib"],"campfire_rested":1,"item_purchase_floors":[3,19,19,37,54,54,54],"current_hp_per_floor":[60,58,58,58,35,25,46,45,45,45,45,45,53,61,61,27,68,68,68,68,77,68,33,33,42,42,35,35,40,50,43,43,39,71,71,71,71,60,60,87,87,88,88,88,88,88,88,86,86,76,37,75,75,75,31,28],"gold":52,"neow_bonus":"REMOVE_CARD","is_prod":false,"is_daily":false,"chose_seed":false,"campfire_upgraded":6,"win_rate":0,"timestamp":1551124824,"path_taken":["M","M","$","M","M","E","R","E","T","R","M","?","M","E","R","BOSS","M","$","?","?","M","E","R","E","T","E","R","?","M","E","R","BOSS","M","?","$","M","M","E","M","E","T","E","M","?","?","M","R","BOSS","BOSS","R","$","E","BOSS"],"build_version":"2019-01-23","purchased_purges":3,"victory":true,"max_hp_per_floor":[71,71,71,71,71,71,71,71,71,71,71,71,71,81,81,81,81,81,81,81,81,81,81,81,81,81,81,81,81,81,81,81,81,81,81,81,81,81,81,88,88,88,88,88,88,88,88,88,88,88,88,88,88,88,88,88],"card_choices":[{"not_picked":["Coolheaded","Blizzard"],"picked":"Cold Snap","floor":1.0},{"not_picked":["BootSequence","Double Energy"],"picked":"Go for the Eyes","floor":2.0},{"not_picked":["Stack","Hologram"],"picked":"Ball Lightning","floor":4.0},{"not_picked":["Consume","Sweeping Beam"],"picked":"Self Repair","floor":5.0},{"not_picked":["Rebound","Chaos"],"picked":"Go for the Eyes","floor":6.0},{"not_picked":["Turbo","Beam Cell"],"picked":"Blizzard","floor":8.0},{"not_picked":["Leap","Stack"],"picked":"Capacitor+1","floor":11.0},{"not_picked":["Tempest","Hologram"],"picked":"Coolheaded","floor":11.0},{"not_picked":["Rebound","Steam Power"],"picked":"Sweeping Beam","floor":13.0},{"not_picked":["Compile Driver","Recycle","Reprogram"],"picked":"SKIP","floor":13.0},{"not_picked":["Ball Lightning","Hologram"],"picked":"Thunder Strike","floor":14.0},{"not_picked":["Creative AI+1","Fission"],"picked":"Seek","floor":16.0},{"not_picked":["Hologram","Barrage"],"picked":"Sunder+1","floor":18.0},{"not_picked":["Redo+1","Barrage"],"picked":"Glacier","floor":18.0},{"not_picked":["Force Field","Gash","Compile Driver"],"picked":"SKIP","floor":21.0},{"not_picked":["Go for the Eyes","Conserve Battery","Gash"],"picked":"SKIP","floor":21.0},{"not_picked":["Consume","Turbo"],"picked":"Steam Power+1","floor":22.0},{"not_picked":["Stack","Redo","Compile Driver"],"picked":"SKIP","floor":22.0},{"not_picked":["Leap","Steam Power","Auto Shields"],"picked":"SKIP","floor":23.0},{"not_picked":["Gash","Hello World+1","Beam Cell"],"picked":"SKIP","floor":25.0},{"not_picked":["Core Surge","Turbo"],"picked":"Static Discharge+1","floor":27.0},{"not_picked":["Sunder","Barrage"],"picked":"Go for the Eyes","floor":29.0},{"not_picked":["Tempest","Storm+1"],"picked":"Loop+1","floor":29.0},{"not_picked":["Cold Snap","Ball Lightning+1"],"picked":"Glacier","floor":30.0},{"not_picked":["Force Field+1","Fission"],"picked":"BootSequence","floor":30.0},{"not_picked":["Beam Cell","Chill"],"picked":"Echo Form+1","floor":31.0},{"not_picked":["Hyperbeam","Reboot"],"picked":"Buffer+1","floor":33.0},{"not_picked":["Beam Cell","Sweeping Beam+1"],"picked":"Go for the Eyes","floor":35.0},{"not_picked":["Redo","Rebound"],"picked":"Heatsinks+1","floor":35.0},{"not_picked":["Barrage","Reinforced Body"],"picked":"Turbo","floor":38.0},{"not_picked":["Leap","Stack+1"],"picked":"Electrodynamics+1","floor":38.0},{"not_picked":["Barrage+1","Recycle"],"picked":"Cold Snap","floor":39.0},{"not_picked":["Go for the Eyes","Streamline","Sweeping Beam+1"],"picked":"SKIP","floor":39.0},{"not_picked":["Gash","Sweeping Beam","Darkness"],"picked":"SKIP","floor":40.0},{"not_picked":["Darkness","Gash+1"],"picked":"Reinforced Body+1","floor":41.0},{"not_picked":["White Noise","Reinforced Body","Recycle"],"picked":"SKIP","floor":41.0},{"not_picked":["Gash","Ball Lightning+1","Heatsinks+1"],"picked":"SKIP","floor":42.0},{"not_picked":["Beam Cell","Conserve Battery"],"picked":"Seek","floor":44.0},{"not_picked":["Consume","Scrape"],"picked":"Hologram+1","floor":45.0},{"not_picked":["Rip and Tear","Sunder"],"picked":"Hologram","floor":45.0},{"not_picked":["Compile Driver+1","Genetic Algorithm"],"picked":"Buffer+1","floor":48.0},{"not_picked":["Beam Cell","Melter","Tempest+1"],"picked":"SKIP","floor":48.0},{"not_picked":["Tempest","Rip and Tear","Leap"],"picked":"SKIP","floor":55.0}],"player_experience":638080,"relics_obtained":[{"floor":6.0,"key":"Prayer Wheel"},{"floor":8.0,"key":"Frozen Egg 2"},{"floor":9.0,"key":"Shuriken"},{"floor":14.0,"key":"Pear"},{"floor":23.0,"key":"Bottled Lightning"},{"floor":25.0,"key":"Bronze Scales"},{"floor":26.0,"key":"Ornamental Fan"},{"floor":27.0,"key":"Smiling Mask"},{"floor":31.0,"key":"Juzu Bracelet"},{"floor":40.0,"key":"Strawberry"},{"floor":42.0,"key":"Regal Pillow"},{"floor":44.0,"key":"Bottled Flame"},{"floor":47.0,"key":"Shovel"},{"floor":55.0,"key":"Centennial Puzzle"}],"event_choices":[{"damage_healed":0.0,"max_hp_gain":0.0,"max_hp_loss":0.0,"gold_gain":0.0,"event_name":"Living Wall","player_choice":"Grow","floor":12.0,"gold_loss":0.0,"damage_taken":0.0,"cards_upgraded":["Self Repair"]},{"damage_healed":0.0,"max_hp_gain":0.0,"max_hp_loss":0.0,"gold_gain":0.0,"event_name":"Wheel of Change","player_choice":"Cursed","floor":20.0,"gold_loss":0.0,"damage_taken":0.0,"cards_obtained":["Decay"]},{"damage_healed":0.0,"max_hp_gain":0.0,"max_hp_loss":0.0,"gold_gain":0.0,"event_name":"Duplicator","player_choice":"Copied","floor":36.0,"gold_loss":0.0,"damage_taken":0.0,"cards_obtained":["Seek"]},{"damage_healed":0.0,"max_hp_gain":0.0,"max_hp_loss":0.0,"gold_gain":0.0,"event_name":"Tomb of Lord Red Mask","player_choice":"Ignored","floor":46.0,"gold_loss":0.0,"damage_taken":0.0},{"damage_healed":0.0,"max_hp_gain":0.0,"max_hp_loss":0.0,"gold_gain":0.0,"event_name":"MindBloom","player_choice":"Fight","floor":47.0,"gold_loss":0.0,"damage_taken":0.0}],"is_beta":false,"boss_relics":[{"not_picked":["Philosopher\u0027s Stone","Pandora\u0027s Box"],"picked":"Coffee Dripper"},{"not_picked":["Inserter","Orrery"],"picked":"Lizard Tail"}],"items_purged_floors":[19,37,54],"is_endless":false,"potions_floor_spawned":[4,5,11,13,21,22,25,29,33,39,40,44,45],"ascension_level":20}