{"gold_per_floor":[118,66,85,260,274,274,299,299,352,378,478,489,523,534,534,634,634,645,645,6,6,23,51,51,70,70,70,84,95,111,111,111,208,208,226,1225,1241,403,416,416,716,743,768,788,788,25,25,41,41,41],"floor_reached":51,"playtime":3206,"items_purged":["Normality","Normality"],"score":1150,"play_id":"44706ea8-2bbc-4ae3-8d2a-710b361c2f81","local_time":"20180922162607","is_ascension_mode":true,"campfire_choices":[{"data":"Body Slam","floor":6.0,"key":"SMITH"},{"data":"Bash","floor":8.0,"key":"SMITH"},{"data":"Armaments","floor":15.0,"key":"SMITH"},{"floor":32.0,"key":"REST"},{"floor":40,"key":"REST"},{"floor":45,"key":"REST"},{"floor":47,"key":"REST"},{"floor":49,"key":"REST"}],"neow_cost":"CURSE","seed_source_timestamp":256870424672514,"circlet_count":0,"master_deck":["Strike_R","Strike_R","Strike_R","Strike_R","Strike_R","Defend_R","Defend_R","Defend_R","Defend_R","Bash+1","Clumsy","Body Slam+1","Shrug It Off","Shrug It Off","Doubt","Pommel Strike","Thunderclap","Headbutt","Clash","Shrug It Off","Armaments+1","Demon Form","Body Slam","Necronomicurse","Writhe","Spot Weakness","Pummel","Clumsy","Body Slam+1","Twin Strike","Double Tap","Doubt","Anger+1","Demon Form","Twin Strike+1","Iron Wave+1","Dramatic Entrance+1","Cloak And Dagger+1","Dropkick","Doubt","Shockwave","Skewer+1","Seeing Red","Berserk","Madness","Ghostly Armor","Dagger Spray","Infinite Blades+1","Demon Form"],"special_seed":0,"relics":["Burning Blood","Pocketwatch","Anchor","Pen Nib","Dream Catcher","Darkstone Periapt","Cursed Key","Necronomicon","Turnip","Blood Vial","Sling","Self Forming Clay","Kunai","Ornamental Fan","Mercury Hourglass","Fusion Hammer","Bottled Flame","Pantograph","PrismaticShard","Matryoshka","Happy Flower","Centennial Puzzle","Bag of Preparation","Ancient Tea Set"],"potions_floor_usage":[33,33,37,44,50,50],"damage_taken":[{"damage":13.0,"enemies":"Jaw Worm","floor":1.0,"turns":5.0},{"damage":0.0,"enemies":"Small Slimes","floor":3.0,"turns":3.0},{"damage":7.0,"enemies":"2 Louse","floor":5.0,"turns":3.0},{"damage":40.0,"enemies":"Gremlin Nob","floor":7.0,"turns":5.0},{"damage":4.0,"enemies":"3 Sentries","floor":10.0,"turns":9.0},{"damage":1.0,"enemies":"Red Slaver","floor":12.0,"turns":4.0},{"damage":23.0,"enemies":"Lagavulin","floor":13.0,"turns":7.0},{"damage":1.0,"enemies":"Looter","floor":14.0,"turns":4.0},{"damage":28.0,"enemies":"Hexaghost","floor":16.0,"turns":16.0},{"damage":13.0,"enemies":"Spheric Guardian","floor":18.0,"turns":4.0},{"damage":11.0,"enemies":"3 Byrds","floor":22.0,"turns":8.0},{"damage":1.0,"enemies":"Gremlin Leader","floor":23.0,"turns":6.0},{"damage":0.0,"enemies":"Snecko","floor":25.0,"turns":5.0},{"damage":13.0,"enemies":"Centurion and Healer","floor":28.0,"turns":5.0},{"damage":16.0,"enemies":"Snake Plant","floor":29.0,"turns":4.0},{"damage":16.0,"enemies":"Snecko","floor":30.0,"turns":4.0},{"damage":14,"enemies":"Champ","floor":33,"turns":6},{"damage":14,"enemies":"3 Shapes","floor":35,"turns":4},{"damage":22,"enemies":"3 Darklings","floor":37,"turns":6},{"damage":0,"enemies":"Sphere and 2 Shapes","floor":39,"turns":5},{"damage":60,"enemies":"2 Orb Walkers","floor":42,"turns":4},{"damage":0,"enemies":"Reptomancer","floor":44,"turns":3},{"damage":17,"enemies":"3 Darklings","floor":48,"turns":3},{"damage":25,"enemies":"Donu and Deca","floor":50,"turns":6}],"seed_played":"-4511530845126483384","potions_obtained":[{"floor":7.0,"key":"Energy Potion"},{"floor":10.0,"key":"Explosive Potion"},{"floor":14.0,"key":"Swift Potion"},{"floor":22.0,"key":"SkillPotion"},{"floor":25.0,"key":"SteroidPotion"},{"floor":28.0,"key":"AttackPotion"},{"floor":30.0,"key":"Fruit Juice"},{"floor":42,"key":"Fruit Juice"},{"floor":44,"key":"AttackPotion"}],"is_trial":false,"path_per_floor":["M","$","M","?","M","R","E","R","T","E","?","M","E","M","R","B",null,"M","?","$","?","M","E","?","M","T","$","M","M","M","T","R","B",null,"M","?","M","$","M","R","?","E","T","M","R","$","R","M","R","B"],"character_chosen":"IRONCLAD","items_purchased":["Shrug It Off","Turnip","Blood Vial","Sling","Bottled Flame","Pantograph","PrismaticShard","BloodPotion","Bag of Preparation","Ancient Tea Set","Seeing Red","Berserk","Madness","Ghostly Armor","PowerPotion"],"campfire_rested":5,"item_purchase_floors":[2,20,20,20,38,38,38,38,46,46,46,46,46,46,46],"current_hp_per_floor":[65,65,71,71,70,70,36,36,36,38,38,43,26,31,31,9,62,55,45,45,51,48,55,55,63,69,69,64,56,48,54,85,84,103,97,109,95,95,103,121,121,67,73,86,125,125,132,121,132,113],"gold":41,"neow_bonus":"ONE_RARE_RELIC","is_prod":false,"is_daily":false,"chose_seed":false,"campfire_upgraded":3,"win_rate":0,"timestamp":1537647967,"path_taken":["M","$","M","?","M","R","E","R","T","E","?","M","E","M","R","BOSS","M","?","?","?","M","E","?","M","T","$","?","M","M","?","R","BOSS","M","?","M","$","M","R","?","E","T","M","R","$","R","M","R","BOSS"],"build_version":"2018-09-20","purchased_purges":2,"victory":true,"max_hp_per_floor":[80,80,80,80,80,80,80,80,80,80,80,80,80,80,80,80,80,80,86,86,92,92,92,92,92,98,98,98,98,98,104,104,109,109,109,121,121,121,121,121,121,121,127,132,132,132,132,132,132,132],"card_choices":[{"not_picked":["Pommel Strike","Entrench"],"picked":"Body Slam","floor":1.0},{"not_picked":["Armaments","Iron Wave"],"picked":"Shrug It Off","floor":3.0},{"not_picked":["True Grit","Whirlwind"],"picked":"Pommel Strike","floor":5.0},{"not_picked":["True Grit","Warcry"],"picked":"Thunderclap","floor":7.0},{"not_picked":["Wild Strike","Power Through"],"picked":"Headbutt","floor":10.0},{"not_picked":["Sword Boomerang","Battle Trance"],"picked":"Clash","floor":12.0},{"not_picked":["Berserk","Ghostly Armor"],"picked":"Shrug It Off","floor":13.0},{"not_picked":["Headbutt","Evolve"],"picked":"Armaments","floor":14.0},{"not_picked":["Berserk","Offering"],"picked":"Demon Form","floor":16.0},{"not_picked":["Clothesline+1","True Grit"],"picked":"Body Slam","floor":18.0},{"not_picked":["Reckless Charge","Second Wind+1","Havoc"],"picked":"SKIP","floor":22.0},{"not_picked":["Cleave","Clothesline"],"picked":"Spot Weakness","floor":23.0},{"not_picked":["Warcry","Perfected Strike"],"picked":"Pummel","floor":25.0},{"not_picked":["Havoc","Pommel Strike"],"picked":"Body Slam+1","floor":28.0},{"not_picked":["Sentinel","Cleave"],"picked":"Twin Strike","floor":29.0},{"not_picked":["Searing Blow","Havoc"],"picked":"Double Tap","floor":30.0},{"not_picked":["Havoc","Heavy Blade"],"picked":"Anger+1","floor":32.0},{"not_picked":["Brutality","Reaper"],"picked":"Demon Form","floor":33},{"not_picked":["Clothesline","Feel No Pain"],"picked":"Twin Strike+1","floor":35},{"not_picked":["Shrug It Off","Perfected Strike"],"picked":"Iron Wave+1","floor":37},{"not_picked":["Genetic Algorithm+1","Shrug It Off+1"],"picked":"Dramatic Entrance+1","floor":39},{"not_picked":["True Grit","Dropkick"],"picked":"Cloak And Dagger+1","floor":40},{"not_picked":["Recycle","Skewer+1"],"picked":"Dropkick","floor":42},{"not_picked":["Force Field","Dark Shackles"],"picked":"Shockwave","floor":44},{"not_picked":["Ball Lightning+1","Ball Lightning+1"],"picked":"Skewer+1","floor":45},{"not_picked":["Heatsinks+1","Calculated Gamble"],"picked":"Dagger Spray","floor":47},{"not_picked":["Infinite Blades","Headbutt+1"],"picked":"Infinite Blades+1","floor":48},{"not_picked":["Chaos","Perfected Strike+1"],"picked":"Demon Form","floor":49}],"player_experience":277390,"relics_obtained":[{"floor":7.0,"key":"Anchor"},{"floor":9.0,"key":"Pen Nib"},{"floor":10.0,"key":"Dream Catcher"},{"floor":13.0,"key":"Darkstone Periapt"},{"floor":19.0,"key":"Necronomicon"},{"floor":23.0,"key":"Kunai"},{"floor":26.0,"key":"Ornamental Fan"},{"floor":31.0,"key":"Mercury Hourglass"},{"floor":42,"key":"Matryoshka"},{"floor":43,"key":"Happy Flower"},{"floor":43,"key":"Centennial Puzzle"}],"event_choices":[{"event_name":"Liars Game","player_choice":"agreed","floor":4.0,"damage_taken":0.0},{"event_name":"Wheel of Change","player_choice":"Gold","floor":11.0,"damage_taken":0.0},{"event_name":"Cursed Tome","player_choice":"Obtained Book","floor":19.0,"damage_taken":0.0},{"event_name":"The Mausoleum","player_choice":"Yes","floor":21.0,"damage_taken":0.0},{"event_name":"Beggar","player_choice":"Ignored","floor":24.0,"damage_taken":0.0},{"event_name":"MindBloom","player_choice":"Gold","floor":36,"damage_taken":0},{"event_name":"Wheel of Change","player_choice":"Gold","floor":41,"damage_taken":0}],"is_beta":false,"boss_relics":[{"not_picked":["Velvet Choker","Empty Cage"],"picked":"Cursed Key"},{"not_picked":["Eternal Feather","Pandora\u0027s Box"],"picked":"Fusion Hammer"}],"items_purged_floors":[38,46],"is_endless":false,"potions_floor_spawned":[7,10,14,22,25,28,30,42,44,48],"ascension_level":7}