{"gold_per_floor":[109,109,123,135,155,155,171,204,231,26,60,80,113,113,113,215,215,227,142,153,170,170,200,211,242,242,270,286,298,311,311,311,412,412,426,438,451,451,451,484,484,499,570,600,616,616,626,652,652,652],"floor_reached":51,"playtime":2703,"items_purged":[],"score":923,"play_id":"83da7fd6-e4ba-459d-a67b-f00af14ea393","local_time":"20180716014732","is_ascension_mode":false,"campfire_choices":[{"data":"Rampage","floor":6.0,"key":"SMITH"},{"data":"Ghostly Armor","floor":15.0,"key":"SMITH"},{"data":"Fiend Fire","floor":32.0,"key":"SMITH"},{"data":"Pummel","floor":41.0,"key":"SMITH"},{"data":"Pummel","floor":46.0,"key":"SMITH"},{"data":"Fiend Fire","floor":49.0,"key":"SMITH"}],"neow_cost":"NONE","seed_source_timestamp":0,"circlet_count":0,"master_deck":["Defend_R","Defend_R","Defend_R","Bash","Barricade","Flex","Sword Boomerang","Rampage+1","Ghostly Armor+1","Secret Technique","Immolate","Body Slam","Pummel+1","Fiend Fire+1","Uppercut+1","Shrug It Off+1","Heavy Blade+1","Flame Barrier","Sword Boomerang","Bite","Bite","Bite","Bite","Bite","Feed","Sever Soul+1","Perfected Strike+1","Mind Blast","Reaper","Offering","Feel No Pain+1","Sentinel+1","Pummel+1","Fiend Fire+1","Battle Trance+1"],"special_seed":17728,"relics":["Burning Blood","Mercury Hourglass","Potion Belt","Boot","Orichalcum","Champion Belt","FaceOfCleric","Snecko Eye","Question Card","Bag of Preparation","Art of War","Centennial Puzzle","Mummified Hand","Sozu","Oddly Smooth Stone","Dodecahedron","Red Skull","Blood Vial"],"potions_floor_usage":[50,50,50],"damage_taken":[{"damage":15.0,"enemies":"Jaw Worm","floor":1.0,"turns":4.0},{"damage":0.0,"enemies":"2 Louse","floor":3.0,"turns":2.0},{"damage":0.0,"enemies":"Cultist","floor":4.0,"turns":2.0},{"damage":9.0,"enemies":"Blue Slaver","floor":5.0,"turns":3.0},{"damage":0.0,"enemies":"3 Louse","floor":7.0,"turns":1.0},{"damage":26.0,"enemies":"Lagavulin","floor":8.0,"turns":6.0},{"damage":10.0,"enemies":"Gremlin Nob","floor":11.0,"turns":3.0},{"damage":3.0,"enemies":"2 Fungi Beasts","floor":12.0,"turns":2.0},{"damage":0.0,"enemies":"Lagavulin","floor":13.0,"turns":7.0},{"damage":62.0,"enemies":"Hexaghost","floor":16.0,"turns":10.0},{"damage":2.0,"enemies":"Shell Parasite","floor":18.0,"turns":4.0},{"damage":0.0,"enemies":"3 Byrds","floor":20.0,"turns":3.0},{"damage":14.0,"enemies":"Centurion and Healer","floor":21.0,"turns":4.0},{"damage":40.0,"enemies":"Slavers","floor":23.0,"turns":3.0},{"damage":0.0,"enemies":"Snake Plant","floor":24.0,"turns":3.0},{"damage":0.0,"enemies":"Book of Stabbing","floor":25.0,"turns":4.0},{"damage":15.0,"enemies":"Gremlin Leader","floor":27.0,"turns":5.0},{"damage":0.0,"enemies":"Sentry and Sphere","floor":28.0,"turns":3.0},{"damage":5.0,"enemies":"3 Cultists","floor":29.0,"turns":5.0},{"damage":0.0,"enemies":"Snecko","floor":30.0,"turns":2.0},{"damage":49.0,"enemies":"Collector","floor":33.0,"turns":7.0},{"damage":0.0,"enemies":"Orb Walker","floor":35.0,"turns":1.0},{"damage":3.0,"enemies":"Flame Bruiser 1 Orb","floor":36.0,"turns":3.0},{"damage":12.0,"enemies":"Maw","floor":37.0,"turns":7.0},{"damage":0.0,"enemies":"2 Orb Walkers","floor":40.0,"turns":3.0},{"damage":4.0,"enemies":"Transient","floor":42.0,"turns":5.0},{"damage":25.0,"enemies":"Giant Head","floor":44.0,"turns":7.0},{"damage":2.0,"enemies":"3 Darklings","floor":45.0,"turns":3.0},{"damage":3.0,"enemies":"Flame Bruiser 2 Orb","floor":47.0,"turns":2.0},{"damage":21.0,"enemies":"2 Orb Walkers","floor":48.0,"turns":3.0},{"damage":90,"enemies":"Awakened One","floor":50,"turns":13}],"seed_played":"-2205032152784244808","potions_obtained":[{"floor":3.0,"key":"Block Potion"},{"floor":4.0,"key":"Dexterity Potion"},{"floor":5.0,"key":"Poison Potion"},{"floor":11.0,"key":"SteroidPotion"},{"floor":16.0,"key":"BloodPotion"},{"floor":21.0,"key":"BloodPotion"},{"floor":24.0,"key":"EssenceOfSteel"},{"floor":25.0,"key":"LiquidBronze"},{"floor":30.0,"key":"Energy Potion"}],"is_trial":false,"path_per_floor":["M","?","M","M","M","R","M","E","T","$","E","M","E","?","R","B",null,"M","?","M","M","?","E","M","E","T","E","M","M","M","?","R","B",null,"M","M","M","?","?","E","R","M","T","E","M","R","M","E","R","B"],"character_chosen":"IRONCLAD","items_purchased":["Secret Technique"],"campfire_rested":0,"item_purchase_floors":[10],"current_hp_per_floor":[71,68,74,80,77,77,80,60,60,60,56,59,65,65,65,10,81,82,82,83,76,76,43,50,57,57,49,56,58,65,63,63,25,64,65,66,65,65,65,68,68,69,69,66,71,71,72,66,66,21],"gold":652,"neow_bonus":"TRANSFORM_CARD","is_prod":false,"is_daily":false,"chose_seed":false,"campfire_upgraded":6,"win_rate":0,"timestamp":1531720052,"path_taken":["M","?","M","M","M","R","M","E","T","$","E","M","E","?","R","BOSS","M","?","M","M","?","E","M","E","T","E","M","?","M","?","R","BOSS","M","M","M","?","?","E","R","M","T","E","M","R","M","E","R","BOSS"],"build_version":"2018-07-12","purchased_purges":0,"victory":true,"max_hp_per_floor":[80,80,80,80,80,80,80,80,80,80,80,80,80,80,80,81,81,82,82,83,84,84,85,86,87,87,88,89,90,91,63,63,64,64,65,66,67,67,67,68,68,69,69,70,71,71,72,73,73,74],"card_choices":[{"not_picked":["Sentinel","Warcry"],"picked":"Flex","floor":1.0},{"not_picked":["Infernal Blade","Reckless Charge"],"picked":"Sword Boomerang","floor":3.0},{"not_picked":["Sentinel","Sever Soul"],"picked":"Rampage","floor":4.0},{"not_picked":["Flex","Thunderclap","Rage"],"picked":"SKIP","floor":5.0},{"not_picked":["Armaments","Clash","Blood for Blood"],"picked":"SKIP","floor":7.0},{"not_picked":["Corruption","Rupture"],"picked":"Ghostly Armor","floor":8.0},{"not_picked":["Blood for Blood","Thunderclap","Reckless Charge"],"picked":"SKIP","floor":11.0},{"not_picked":["Metallicize","Twin Strike","Armaments"],"picked":"SKIP","floor":12.0},{"not_picked":["Sentinel","Dropkick","Bludgeon"],"picked":"SKIP","floor":13.0},{"not_picked":["Barricade","Dark Embrace"],"picked":"Immolate","floor":16.0},{"not_picked":["Whirlwind","Power Through"],"picked":"Body Slam","floor":18.0},{"not_picked":["Wild Strike","Headbutt","Thunderclap+1"],"picked":"Pummel","floor":20.0},{"not_picked":["Thunderclap","Havoc","Flex","Burning Pact"],"picked":"SKIP","floor":21.0},{"not_picked":["Havoc","Bloodletting","Cleave"],"picked":"Uppercut+1","floor":23.0},{"not_picked":["Dropkick+1","Cleave","Rupture","Sentinel"],"picked":"SKIP","floor":24.0},{"not_picked":["Uppercut","Ghostly Armor","Intimidate"],"picked":"Shrug It Off+1","floor":25.0},{"not_picked":["Power Through","Battle Trance","Fire Breathing"],"picked":"Heavy Blade+1","floor":27.0},{"not_picked":["Flex","Power Through","Burning Pact","Sentinel"],"picked":"SKIP","floor":28.0},{"not_picked":["Shrug It Off","Intimidate+1","Carnage"],"picked":"Flame Barrier","floor":29.0},{"not_picked":["Exhume","Cleave+1","Havoc"],"picked":"Sword Boomerang","floor":30.0},{"not_picked":["Berserk","Offering","Brutality"],"picked":"Feed","floor":33.0},{"not_picked":["Perfected Strike+1","Hemokinesis+1","Dual Wield+1"],"picked":"Sever Soul+1","floor":35.0},{"not_picked":["Fire Breathing","Intimidate+1","Clash+1","Thunderclap"],"picked":"SKIP","floor":36.0},{"not_picked":["Disarm","Evolve+1","Body Slam"],"picked":"Perfected Strike+1","floor":37.0},{"not_picked":["Finesse","Secret Weapon","Swift Strike"],"picked":"Mind Blast","floor":38.0},{"not_picked":["Body Slam+1","Wild Strike+1","Reckless Charge"],"picked":"Offering","floor":40.0},{"not_picked":["Headbutt","Clash","Armaments"],"picked":"Feel No Pain+1","floor":42.0},{"not_picked":["Shrug It Off+1","Ghostly Armor+1","Searing Blow+1"],"picked":"Sentinel+1","floor":44.0},{"not_picked":["Thunderclap+1","Shrug It Off+1","Evolve"],"picked":"Pummel","floor":45.0},{"not_picked":["Metallicize+1","Dual Wield","Anger"],"picked":"Fiend Fire","floor":47.0},{"not_picked":["Havoc","Seeing Red","Rage+1"],"picked":"Battle Trance+1","floor":48.0}],"player_experience":65881,"relics_obtained":[{"floor":8.0,"key":"Potion Belt"},{"floor":9.0,"key":"Boot"},{"floor":11.0,"key":"Orichalcum"},{"floor":13.0,"key":"Champion Belt"},{"floor":23.0,"key":"Bag of Preparation"},{"floor":25.0,"key":"Art of War"},{"floor":26.0,"key":"Centennial Puzzle"},{"floor":27.0,"key":"Mummified Hand"},{"floor":40.0,"key":"Oddly Smooth Stone"},{"floor":43.0,"key":"Dodecahedron"},{"floor":44.0,"key":"Red Skull"},{"floor":48.0,"key":"Blood Vial"}],"event_choices":[{"event_name":"Scrap Ooze","player_choice":"success","floor":2.0,"damage_taken":3.0},{"event_name":"FaceTrader","player_choice":"Trade","floor":14.0,"damage_taken":0.0},{"event_name":"Addict","player_choice":"Obtained Relic","floor":19.0,"damage_taken":0.0},{"event_name":"The Library","player_choice":"Read","floor":22.0,"damage_taken":0.0},{"event_name":"Vampires","player_choice":"Became a vampire","floor":31.0,"damage_taken":0.0},{"event_name":"SensoryStone","player_choice":"Memory 1","floor":38.0,"damage_taken":0.0},{"event_name":"Transmorgrifier","player_choice":"Transform","floor":39.0,"damage_taken":0.0}],"boss_relics":[{"not_picked":["Tiny House","Black Star"],"picked":"Snecko Eye"},{"not_picked":["Lizard Tail","Velvet Choker"],"picked":"Sozu"}],"items_purged_floors":[],"is_endless":false,"potions_floor_spawned":[3,4,5,11,16,21,24,25,28,30,35,36,42,45],"ascension_level":0}