{"gold_per_floor":[114,131,146,201,13,47,47,74,74,109,65,97,107,123,123,200,200,216,141,160,179,191,191,201,217,217,217,267,267],"floor_reached":29,"playtime":1884,"items_purged":[],"score":514,"play_id":"3b1f5753-29fd-48f1-9787-7820de0410b0","local_time":"20190412081724","is_ascension_mode":true,"campfire_choices":[{"data":"Bouncing Flask","floor":7.0,"key":"SMITH"},{"data":"Footwork","floor":15.0,"key":"SMITH"},{"floor":23.0,"key":"REST"},{"floor":27.0,"key":"REST"}],"neow_cost":"NONE","seed_source_timestamp":85292959930516,"circlet_count":0,"master_deck":["AscendersBane","Defend_G","Defend_G+1","Defend_G+1","Defend_G","Defend_G","Strike_G","Strike_G","Strike_G","Strike_G","Survivor","Neutralize+1","Footwork+1","Bane","Bouncing Flask+1","Dagger Spray","Well Laid Plans","Poisoned Stab","Glass Knife","Terror","Cloak And Dagger","Footwork","Night Terror","Acrobatics","Sucker Punch+1","Cloak And Dagger","Backflip"],"special_seed":0,"relics":["Ring of the Snake","Bag of Marbles","Oddly Smooth Stone","Shuriken","War Paint","Strawberry","StoneCalendar","Ancient Tea Set","Black Star","Toxic Egg 2"],"potions_floor_usage":[],"damage_taken":[{"damage":0.0,"enemies":"Cultist","floor":1.0,"turns":5.0},{"damage":0.0,"enemies":"Jaw Worm","floor":2.0,"turns":8.0},{"damage":0.0,"enemies":"Small Slimes","floor":3.0,"turns":4.0},{"damage":16.0,"enemies":"Lagavulin","floor":6.0,"turns":7.0},{"damage":5.0,"enemies":"3 Sentries","floor":8.0,"turns":6.0},{"damage":6.0,"enemies":"Gremlin Nob","floor":10.0,"turns":3.0},{"damage":7.0,"enemies":"Lagavulin","floor":12.0,"turns":6.0},{"damage":0.0,"enemies":"Gremlin Gang","floor":13.0,"turns":2.0},{"damage":0.0,"enemies":"2 Fungi Beasts","floor":14.0,"turns":3.0},{"damage":13.0,"enemies":"Slime Boss","floor":16.0,"turns":7.0},{"damage":21.0,"enemies":"Shell Parasite","floor":18.0,"turns":7.0},{"damage":18.0,"enemies":"Spheric Guardian","floor":20.0,"turns":5.0},{"damage":9.0,"enemies":"Centurion and Healer","floor":21.0,"turns":7.0},{"damage":3.0,"enemies":"Cultist and Chosen","floor":22.0,"turns":6.0},{"damage":4.0,"enemies":"Sentry and Sphere","floor":24.0,"turns":8.0},{"damage":23.0,"enemies":"Shelled Parasite and Fungi","floor":25.0,"turns":7.0},{"damage":20,"enemies":"Gremlin Leader","floor":29,"turns":4}],"seed_played":"7864258052635568144","potions_obtained":[{"floor":1.0,"key":"GhostInAJar"},{"floor":3.0,"key":"Explosive Potion"},{"floor":12.0,"key":"EssenceOfSteel"},{"floor":16.0,"key":"Explosive Potion"},{"floor":25.0,"key":"Weak Potion"}],"is_trial":false,"path_per_floor":["M","M","M","T","$","E","R","E","T","E","$","E","M","M","R","B",null,"M","?","M","M","M","R","M","M","T","R","?","E"],"character_chosen":"THE_SILENT","items_purchased":["Oddly Smooth Stone","Dagger Spray","Terror"],"campfire_rested":2,"item_purchase_floors":[5,5,11],"current_hp_per_floor":[59,59,59,59,59,43,43,38,45,39,39,32,32,32,32,19,60,39,39,21,12,9,30,26,3,3,24,24,4],"gold":267,"neow_bonus":"UPGRADE_CARD","is_prod":false,"is_daily":false,"chose_seed":false,"campfire_upgraded":2,"win_rate":0,"timestamp":1555075044,"path_taken":["M","M","M","?","$","E","R","E","T","E","?","E","M","M","R","BOSS","M","?","M","M","M","R","M","M","T","R","?","E"],"build_version":"2019-01-23","purchased_purges":0,"victory":false,"max_hp_per_floor":[66,66,66,66,66,66,66,66,73,73,73,73,73,73,73,73,73,73,73,73,73,73,73,73,73,73,73,73,73],"card_choices":[{"not_picked":["Deflect","Predator"],"picked":"Footwork","floor":1.0},{"not_picked":["Backflip","Dodge and Roll"],"picked":"Bane","floor":2.0},{"not_picked":["Deadly Poison","Terror"],"picked":"Bouncing Flask","floor":3.0},{"not_picked":["Blade Dance","Poisoned Stab"],"picked":"Well Laid Plans","floor":6.0},{"not_picked":["Finisher","Dagger Throw"],"picked":"Poisoned Stab","floor":8.0},{"not_picked":["Sucker Punch","PiercingWail"],"picked":"Glass Knife","floor":10.0},{"not_picked":["Dagger Spray","Slice","Venomology"],"picked":"SKIP","floor":12.0},{"not_picked":["Dagger Spray","Slice","Venomology"],"picked":"SKIP","floor":12.0},{"not_picked":["Caltrops","Distraction"],"picked":"Cloak And Dagger","floor":13.0},{"not_picked":["Poisoned Stab","Quick Slash"],"picked":"Footwork","floor":14.0},{"not_picked":["Venomology","Envenom"],"picked":"Night Terror","floor":16.0},{"not_picked":["Calculated Gamble","Prepared","Flying Knee"],"picked":"SKIP","floor":18.0},{"not_picked":["Poisoned Stab","Accuracy"],"picked":"Acrobatics","floor":20.0},{"not_picked":["Slice+1","Bouncing Flask"],"picked":"Sucker Punch+1","floor":21.0},{"not_picked":["Escape Plan+1","Slice"],"picked":"Cloak And Dagger","floor":22.0},{"not_picked":["Infinite Blades","Distraction","Outmaneuver"],"picked":"SKIP","floor":24.0},{"not_picked":["Infinite Blades","Distraction","Outmaneuver"],"picked":"SKIP","floor":24.0},{"not_picked":["Prepared+1","Footwork+1"],"picked":"Backflip","floor":25.0}],"player_experience":1036306,"relics_obtained":[{"floor":4.0,"key":"Bag of Marbles"},{"floor":6.0,"key":"Shuriken"},{"floor":8.0,"key":"War Paint"},{"floor":9.0,"key":"Strawberry"},{"floor":10.0,"key":"StoneCalendar"},{"floor":12.0,"key":"Ancient Tea Set"},{"floor":26.0,"key":"Toxic Egg 2"}],"event_choices":[{"cards_removed":["Strike_G"],"damage_healed":0.0,"max_hp_gain":0.0,"max_hp_loss":0.0,"gold_gain":0.0,"event_name":"Beggar","player_choice":"Gave Gold","floor":19.0,"gold_loss":75.0,"damage_taken":0.0},{"damage_healed":0.0,"max_hp_gain":0.0,"max_hp_loss":0.0,"gold_gain":50.0,"event_name":"Golden Shrine","player_choice":"Pray","floor":28.0,"gold_loss":0.0,"damage_taken":0.0}],"is_beta":false,"boss_relics":[{"not_picked":["Ring of the Serpent","Runic Dome"],"picked":"Black Star"}],"items_purged_floors":[],"is_endless":false,"potions_floor_spawned":[1,3,12,14,16,18,25],"killed_by":"Gremlin Leader","ascension_level":20}