{"gold_per_floor":[113,127,127,92,103,135,155,155,155,155,168,168,14,28,28,129,129,148,5,17,17,44,58,58,72,96,96,127,127,157,157,157,262,262,272,272,283,283,53,53,84,184,184,197,212,224,242,256,256,256],"floor_reached":51,"playtime":5996,"items_purged":["Strike_B"],"score":1280,"play_id":"a6d80c37-bc61-40ce-ad32-fcd3623c44b1","local_time":"20181229160208","is_ascension_mode":true,"campfire_choices":[{"data":"Streamline","floor":8.0,"key":"SMITH"},{"data":"Turbo","floor":10.0,"key":"SMITH"},{"data":"Reinforced Body","floor":15.0,"key":"SMITH"},{"data":"Zap","floor":24.0,"key":"SMITH"},{"data":"Dualcast","floor":27.0,"key":"SMITH"},{"data":"Go for the Eyes","floor":29.0,"key":"SMITH"},{"data":"1","floor":32.0,"key":"LIFT"},{"data":"2","floor":40.0,"key":"LIFT"},{"data":"3","floor":49,"key":"LIFT"}],"neow_cost":"NONE","seed_source_timestamp":367207951627867,"circlet_count":0,"master_deck":["AscendersBane","Defend_B+1","Defend_B+1","Defend_B+1","Defend_B+1","Zap+1","Dualcast+1","Reinforced Body+1","Turbo+1","BootSequence+1","Self Repair","Streamline+1","Reboot+1","Go for the Eyes+1","All For One","Steam Power+1","Creative AI+1","Sunder+1","Redo+1","Melter","Recycle+1","Steam+1","Conserve Battery+1","Coolheaded+1","Go for the Eyes","Ghostly+1","Ghostly+1","Ghostly+1","Ghostly+1","Ghostly+1","All For One","Hologram+1","Reinforced Body+1","Reprogram+1","Streamline+1","Glacier+1","Inflame","Dark Shackles+1"],"special_seed":0,"relics":["Runic Pyramid","Toxic Egg 2","Anchor","Cables","Omamori","Astrolabe","Dream Catcher","Strawberry","Nunchaku","Girya","Fusion Hammer","PrismaticShard","Boot","Gremlin Horn"],"potions_floor_usage":[],"damage_taken":[{"damage":2.0,"enemies":"2 Louse","floor":1.0,"turns":4.0},{"damage":0.0,"enemies":"Small Slimes","floor":2.0,"turns":5.0},{"damage":1.0,"enemies":"Cultist","floor":5.0,"turns":4.0},{"damage":26.0,"enemies":"Lagavulin","floor":6.0,"turns":8.0},{"damage":15.0,"enemies":"Gremlin Gang","floor":7.0,"turns":8.0},{"damage":0.0,"enemies":"Large Slime","floor":11.0,"turns":5.0},{"damage":4.0,"enemies":"Exordium Wildlife","floor":14.0,"turns":5.0},{"damage":10.0,"enemies":"The Guardian","floor":16.0,"turns":13.0},{"damage":15.0,"enemies":"Spheric Guardian","floor":18.0,"turns":6.0},{"damage":0.0,"enemies":"2 Thieves","floor":20.0,"turns":3.0},{"damage":0.0,"enemies":"Centurion and Healer","floor":23.0,"turns":6.0},{"damage":0.0,"enemies":"Cultist and Chosen","floor":25.0,"turns":8.0},{"damage":9.0,"enemies":"Gremlin Leader","floor":28.0,"turns":7.0},{"damage":0.0,"enemies":"Slavers","floor":30.0,"turns":6.0},{"damage":0.0,"enemies":"Automaton","floor":33.0,"turns":13.0},{"damage":2.0,"enemies":"3 Shapes","floor":35.0,"turns":4.0},{"damage":0.0,"enemies":"Orb Walker","floor":37.0,"turns":4.0},{"damage":5.0,"enemies":"Giant Head","floor":41.0,"turns":11.0},{"damage":3.0,"enemies":"Transient","floor":44.0,"turns":5.0},{"damage":0.0,"enemies":"Sphere and 2 Shapes","floor":45.0,"turns":4.0},{"damage":0.0,"enemies":"Spire Growth","floor":46.0,"turns":6.0},{"damage":0.0,"enemies":"Writhing Mass","floor":47.0,"turns":9.0},{"damage":1,"enemies":"4 Shapes","floor":48,"turns":6},{"damage":4,"enemies":"Awakened One","floor":50,"turns":16}],"seed_played":"6551373035844170433","potions_obtained":[{"floor":5.0,"key":"AttackPotion"},{"floor":6.0,"key":"FocusPotion"},{"floor":7.0,"key":"FocusPotion"},{"floor":12.0,"key":"Poison Potion"},{"floor":12.0,"key":"Ancient Potion"},{"floor":14.0,"key":"Explosive Potion"}],"is_trial":false,"path_per_floor":["M","M","?","?","M","E","M","R","T","R","M","?","$","M","R","B",null,"M","$","M","?","T","M","R","M","T","R","E","R","E","?","R","B",null,"M","?","M","?","$","R","E","?","T","M","M","M","M","M","M","R","B",null],"character_chosen":"DEFECT","items_purchased":["Omamori","Melter","Reprogram+1","PrismaticShard"],"campfire_rested":0,"item_purchase_floors":[13,19,39,39],"current_hp_per_floor":[66,66,41,59,58,32,24,24,24,24,31,31,31,34,34,31,64,56,56,56,56,56,63,63,70,77,77,75,75,82,41,41,41,41,41,41,41,41,41,41,41,41,41,41,41,41,41,40,40,41],"gold":256,"neow_bonus":"BOSS_RELIC","is_prod":false,"is_daily":false,"chose_seed":false,"campfire_upgraded":6,"win_rate":0,"timestamp":1546117328,"path_taken":["M","M","?","?","M","E","M","R","T","R","M","?","$","M","R","BOSS","M","?","?","?","?","M","R","M","T","R","E","R","E","?","R","BOSS","M","?","?","?","$","R","E","?","T","?","M","M","M","M","R","BOSS"],"build_version":"2018-12-20","purchased_purges":1,"victory":true,"max_hp_per_floor":[75,75,75,75,75,75,75,75,75,75,75,75,75,75,75,75,75,75,75,75,75,75,75,75,75,82,82,82,82,82,41,41,41,41,41,41,41,41,41,41,41,41,41,41,41,41,41,41,41,41],"card_choices":[{"not_picked":["Go for the Eyes","Static Discharge"],"picked":"Reinforced Body","floor":1.0},{"not_picked":["Blizzard","Darkness"],"picked":"Turbo","floor":2.0},{"not_picked":["Ball Lightning","Sweeping Beam"],"picked":"BootSequence+1","floor":5.0},{"not_picked":["Go for the Eyes","Blizzard"],"picked":"Self Repair","floor":6.0},{"not_picked":["Ball Lightning","Barrage"],"picked":"Streamline","floor":7.0},{"not_picked":["Reinforced Body+1","Conserve Battery+1"],"picked":"Reboot+1","floor":11.0},{"not_picked":["Coolheaded+1","Steam Power+1"],"picked":"Go for the Eyes","floor":14.0},{"not_picked":["Echo Form","Fission+1"],"picked":"All For One","floor":16.0},{"not_picked":["Go for the Eyes","Gash"],"picked":"Redo+1","floor":18.0},{"not_picked":["Steam+1","Steam Power+1"],"picked":"Recycle+1","floor":20.0},{"not_picked":["Rebound+1","Go for the Eyes"],"picked":"Steam+1","floor":23.0},{"not_picked":["Aggregate+1","Ball Lightning"],"picked":"Conserve Battery+1","floor":25.0},{"not_picked":["Turbo+1","Gash"],"picked":"Coolheaded+1","floor":28.0},{"not_picked":["Hello World","Amplify+1"],"picked":"Go for the Eyes","floor":30.0},{"not_picked":["Core Surge","Amplify+1"],"picked":"All For One","floor":33.0},{"not_picked":["Cold Snap","Rip and Tear+1"],"picked":"Hologram+1","floor":35.0},{"not_picked":["Lockon","Go for the Eyes+1","Self Repair"],"picked":"SKIP","floor":37.0},{"not_picked":["Master of Strategy+1","Iron Wave","Warcry+1"],"picked":"SKIP","floor":41.0},{"not_picked":["Clash+1","Battle Trance+1"],"picked":"Streamline+1","floor":44.0},{"not_picked":["Underhanded Strike+1","Leap+1","Flame Barrier+1"],"picked":"SKIP","floor":45.0},{"not_picked":["Heel Hook","Intimidate+1"],"picked":"Glacier+1","floor":46.0},{"not_picked":["Feel No Pain","Dodge and Roll+1"],"picked":"Inflame","floor":47},{"not_picked":["Compile Driver+1","Defragment+1"],"picked":"Dark Shackles+1","floor":48}],"player_experience":452287,"relics_obtained":[{"floor":6.0,"key":"Anchor"},{"floor":9.0,"key":"Cables"},{"floor":22.0,"key":"Dream Catcher"},{"floor":26.0,"key":"Strawberry"},{"floor":28.0,"key":"Nunchaku"},{"floor":30.0,"key":"Girya"},{"floor":41.0,"key":"Boot"},{"floor":43.0,"key":"Gremlin Horn"}],"event_choices":[{"damage_healed":0.0,"max_hp_gain":0.0,"max_hp_loss":0.0,"gold_gain":0.0,"event_name":"Scrap Ooze","player_choice":"Success","floor":3.0,"gold_loss":0.0,"damage_taken":25.0,"relics_obtained":["Toxic Egg 2"]},{"damage_healed":18.0,"max_hp_gain":0.0,"max_hp_loss":0.0,"gold_gain":0.0,"event_name":"The Cleric","player_choice":"Healed","floor":4.0,"gold_loss":35.0,"damage_taken":0.0},{"damage_healed":0.0,"max_hp_gain":0.0,"max_hp_loss":0.0,"gold_gain":0.0,"event_name":"Lab","player_choice":"Got Potions","floor":12.0,"gold_loss":0.0,"damage_taken":0.0},{"damage_healed":0.0,"max_hp_gain":0.0,"max_hp_loss":0.0,"gold_gain":0.0,"event_name":"Back to Basics","player_choice":"Simplicity","floor":21.0,"gold_loss":0.0,"damage_taken":0.0,"cards_upgraded":["Defend_B","Defend_B","Defend_B","Defend_B"]},{"damage_healed":0.0,"max_hp_gain":0.0,"max_hp_loss":41.0,"gold_gain":0.0,"event_name":"Ghosts","player_choice":"Became a Ghost","floor":31.0,"gold_loss":0.0,"damage_taken":0.0,"cards_obtained":["Ghostly","Ghostly","Ghostly","Ghostly","Ghostly"]},{"damage_healed":0.0,"max_hp_gain":0.0,"max_hp_loss":0.0,"gold_gain":0.0,"event_name":"Duplicator","player_choice":"Copied","floor":36.0,"gold_loss":0.0,"damage_taken":0.0,"cards_obtained":["Reinforced Body"]},{"damage_healed":0.0,"max_hp_gain":0.0,"max_hp_loss":0.0,"gold_gain":0.0,"event_name":"Tomb of Lord Red Mask","player_choice":"Ignored","floor":38.0,"gold_loss":0.0,"damage_taken":0.0},{"damage_healed":0.0,"max_hp_gain":0.0,"max_hp_loss":0.0,"gold_gain":100.0,"event_name":"Golden Shrine","player_choice":"Pray","floor":42.0,"gold_loss":0.0,"damage_taken":0.0}],"is_beta":false,"boss_relics":[{"not_picked":["Empty Cage","Inserter"],"picked":"Astrolabe"},{"not_picked":["Black Star","Tiny House"],"picked":"Fusion Hammer"}],"items_purged_floors":[19],"is_endless":false,"potions_floor_spawned":[5,6,7,14,16,20,28,33,37,44,47],"ascension_level":12}