{"gold_per_floor":[124,136,148,174,202,245,277,317,380,392,423,435,479,505,517,628,640,662,674,698,710,231,231],"floor_reached":23,"playtime":1272,"items_purged":[],"score":224,"play_id":"f730e4af-57dd-45f7-9cee-366c7152cbd3","local_time":"20190223135949","is_ascension_mode":true,"campfire_choices":[{"floor":10,"key":"REST"},{"data":"Poisoned Stab","floor":12,"key":"SMITH"},{"floor":15,"key":"REST"}],"neow_cost":"NONE","seed_source_timestamp":39219327283788,"circlet_count":0,"master_deck":["Survivor","Neutralize","Dagger Throw","Poisoned Stab+1","Dodge and Roll+1","Bouncing Flask","Outmaneuver","Deadly Poison","Terror","Envenom","Reflex","Terror","Catalyst","Heel Hook","Doppelganger","Prepared","Escape Plan","Unload","Slice","Endless Agony","All Out Attack","Poisoned Stab+1"],"relics":["Ring of the Snake","MawBank","Centennial Puzzle","Mummified Hand","Art of War","Ornamental Fan","Regal Pillow","War Paint","Pandora\u0027s Box","Orichalcum","Vajra","MealTicket"],"potions_floor_usage":[13,16,18,23],"damage_taken":[{"damage":2,"enemies":"2 Louse","floor":1,"turns":3},{"damage":0,"enemies":"Small Slimes","floor":4,"turns":4},{"damage":0,"enemies":"Cultist","floor":5,"turns":3},{"damage":39,"enemies":"Lagavulin","floor":6,"turns":8},{"damage":2,"enemies":"Looter","floor":7,"turns":3},{"damage":12,"enemies":"3 Sentries","floor":8,"turns":12},{"damage":4,"enemies":"Gremlin Gang","floor":11,"turns":6},{"damage":17,"enemies":"Lagavulin","floor":13,"turns":6},{"damage":0,"enemies":"Exordium Wildlife","floor":14,"turns":3},{"damage":5,"enemies":"The Guardian","floor":16,"turns":8},{"damage":10,"enemies":"Shell Parasite","floor":18,"turns":4},{"damage":30,"enemies":"3 Byrds","floor":20,"turns":5},{"damage":18,"enemies":"Snake Plant","floor":21,"turns":4},{"damage":13,"enemies":"Slavers","floor":23,"turns":1}],"seed_played":"4078511457314427022","potions_obtained":[{"floor":1,"key":"Poison Potion"},{"floor":4,"key":"SpeedPotion"},{"floor":7,"key":"Weak Potion"},{"floor":8,"key":"SmokeBomb"},{"floor":16,"key":"AttackPotion"},{"floor":19,"key":"Weak Potion"},{"floor":19,"key":"Explosive Potion"}],"is_trial":false,"path_per_floor":["M","?","?","M","M","E","M","E","T","R","M","R","E","M","R","B",null,"M","?","M","M","$","E"],"character_chosen":"THE_SILENT","items_purchased":["Orichalcum","Vajra","MealTicket"],"campfire_rested":2,"item_purchase_floors":[22,22,22],"current_hp_per_floor":[68,56,56,56,56,17,15,3,3,39,35,35,18,18,54,49,70,60,60,30,12,12,0],"gold":231,"neow_bonus":"RANDOM_COMMON_RELIC","is_prod":false,"is_daily":false,"chose_seed":false,"campfire_upgraded":1,"win_rate":0,"timestamp":1550930389,"path_taken":["M","?","?","M","M","E","M","E","T","R","M","R","E","?","R","BOSS","M","?","M","M","$","E"],"build_version":"2019-01-23","purchased_purges":0,"victory":false,"max_hp_per_floor":[70,70,70,70,70,70,70,70,70,70,70,70,70,70,70,70,70,70,70,70,70,70,70],"card_choices":[{"not_picked":["Expertise","Tactician"],"picked":"Dagger Throw","floor":1},{"not_picked":["Blur","Sucker Punch","Underhanded Strike"],"picked":"SKIP","floor":4},{"not_picked":["Blur","Dagger Spray"],"picked":"Poisoned Stab","floor":5},{"not_picked":["Eviscerate","Masterful Stab","Prepared"],"picked":"SKIP","floor":6},{"not_picked":["Acrobatics","PiercingWail"],"picked":"Dodge and Roll","floor":7},{"not_picked":["Setup","Reflex"],"picked":"Bouncing Flask","floor":8},{"not_picked":["Deflect","Acrobatics"],"picked":"Outmaneuver","floor":11},{"not_picked":["Flying Knee","Quick Slash"],"picked":"Deadly Poison","floor":13},{"not_picked":["Outmaneuver","Prepared"],"picked":"Terror","floor":14},{"not_picked":["A Thousand Cuts","Malaise"],"picked":"Envenom","floor":16},{"not_picked":["Calculated Gamble+1","Slice","Dodge and Roll"],"picked":"SKIP","floor":18},{"not_picked":["Underhanded Strike+1","Dodge and Roll"],"picked":"All Out Attack","floor":20},{"not_picked":["Dagger Spray+1","Blade Dance"],"picked":"Poisoned Stab+1","floor":21}],"player_experience":272927,"relics_obtained":[{"floor":6,"key":"Art of War"},{"floor":8,"key":"Ornamental Fan"},{"floor":9,"key":"Regal Pillow"},{"floor":13,"key":"War Paint"}],"event_choices":[{"damage_healed":0,"gold_gain":0,"player_choice":"Success","damage_taken":12,"relics_obtained":["Centennial Puzzle"],"max_hp_gain":0,"max_hp_loss":0,"event_name":"Scrap Ooze","floor":2,"gold_loss":0},{"damage_healed":0,"gold_gain":0,"player_choice":"Gave Potion","damage_taken":0,"relics_obtained":["Mummified Hand"],"max_hp_gain":0,"max_hp_loss":0,"event_name":"WeMeetAgain","floor":3,"gold_loss":0},{"damage_healed":0,"gold_gain":0,"player_choice":"Got Potions","damage_taken":0,"max_hp_gain":0,"max_hp_loss":0,"event_name":"Lab","floor":19,"gold_loss":0}],"is_beta":false,"boss_relics":[{"not_picked":["Fusion Hammer","Runic Dome"],"picked":"Pandora\u0027s Box"}],"items_purged_floors":[],"is_endless":false,"potions_floor_spawned":[1,4,7,8,16],"killed_by":"Slavers","ascension_level":1}