{"gold_per_floor":[112,112,128,228,184,184,194,223,223,60,60,72,101,117,117,191,191,206,206,120,120,140,140,159,159,159,159,193,193,210,241,241,316,316,329,347,365,383,383,718,718,743,767,767,311,328,354,365,365,365,365],"floor_reached":51,"playtime":2575,"items_purged":["Strike_G"],"score":1635,"play_id":"dbc542a4-ba31-41a4-a73e-b437354daec9","local_time":"20190404225055","is_ascension_mode":true,"campfire_choices":[{"data":"Skewer","floor":6.0,"key":"SMITH"},{"data":"Crippling Poison","floor":11.0,"key":"SMITH"},{"data":"Skewer","floor":15.0,"key":"SMITH"},{"floor":23.0,"key":"REST"},{"floor":29.0,"key":"REST"},{"data":"Outmaneuver","floor":32.0,"key":"SMITH"},{"floor":44.0,"key":"REST"},{"floor":49.0,"key":"RECALL"}],"neow_cost":"NONE","seed_source_timestamp":529884256162856,"circlet_count":0,"master_deck":["AscendersBane","Defend_G","Defend_G","Defend_G","Defend_G","Defend_G","Strike_G","Strike_G","Strike_G","Strike_G","Survivor","Neutralize","Skewer+1","Crippling Poison+1","Deflect","Well Laid Plans","Skewer+1","Endless Agony","Doppelganger","Blur","Necronomicurse","PiercingWail","Skewer+1","Outmaneuver+1","Corpse Explosion","PanicButton","Footwork","Bullet Time","Cloak And Dagger"],"special_seed":0,"relics":["Busted Crown","Bottled Lightning","FossilizedHelix","Ginger","Runic Pyramid","MutagenicStrength","Necronomicon","Letter Opener","Du-Vu Doll","Mummified Hand","Black Star","Old Coin","Unceasing Top","Ancient Tea Set","Bag of Marbles","Incense Burner"],"potions_floor_usage":[50,50],"damage_taken":[{"damage":0.0,"enemies":"Jaw Worm","floor":1.0,"turns":5.0},{"damage":1.0,"enemies":"Cultist","floor":3.0,"turns":4.0},{"damage":0.0,"enemies":"2 Louse","floor":7.0,"turns":2.0},{"damage":21.0,"enemies":"Lagavulin","floor":8.0,"turns":7.0},{"damage":0.0,"enemies":"Exordium Wildlife","floor":12.0,"turns":2.0},{"damage":7.0,"enemies":"3 Sentries","floor":13.0,"turns":7.0},{"damage":0.0,"enemies":"Large Slime","floor":14.0,"turns":6.0},{"damage":15.0,"enemies":"Hexaghost","floor":16.0,"turns":9.0},{"damage":10.0,"enemies":"2 Thieves","floor":18.0,"turns":4.0},{"damage":0.0,"enemies":"Chosen","floor":22.0,"turns":2.0},{"damage":0.0,"enemies":"Snake Plant","floor":24.0,"turns":1.0},{"damage":8.0,"enemies":"Gremlin Leader","floor":28.0,"turns":5.0},{"damage":0.0,"enemies":"Shelled Parasite and Fungi","floor":30.0,"turns":2.0},{"damage":7.0,"enemies":"Book of Stabbing","floor":31.0,"turns":2.0},{"damage":0.0,"enemies":"Champ","floor":33.0,"turns":7.0},{"damage":0.0,"enemies":"3 Darklings","floor":35.0,"turns":3.0},{"damage":0.0,"enemies":"Orb Walker","floor":36.0,"turns":2.0},{"damage":0.0,"enemies":"Transient","floor":37.0,"turns":6.0},{"damage":14.0,"enemies":"Spire Growth","floor":38.0,"turns":3.0},{"damage":45.0,"enemies":"Giant Head","floor":40.0,"turns":6.0},{"damage":0.0,"enemies":"Maw","floor":46.0,"turns":5.0},{"damage":11.0,"enemies":"Nemesis","floor":47.0,"turns":3.0},{"damage":0.0,"enemies":"4 Shapes","floor":48.0,"turns":4.0},{"damage":0,"enemies":"Donu and Deca","floor":50,"turns":8},{"damage":19,"enemies":"Time Eater","floor":51,"turns":3}],"seed_played":"-4224604411665633985","potions_obtained":[{"floor":1.0,"key":"Fruit Juice"},{"floor":8.0,"key":"Dexterity Potion"},{"floor":24.0,"key":"GamblersBrew"},{"floor":28.0,"key":"EssenceOfSteel"},{"floor":37.0,"key":"Dexterity Potion"},{"floor":47.0,"key":"Weak Potion"}],"is_trial":false,"path_per_floor":["M","$","M","?","$","R","M","E","T","$","R","M","E","M","R","B",null,"M","?","$","?","M","R","M","?","T","?","E","R","M","E","R","B",null,"M","M","M","M","?","E","?","T","T","R","$","M","E","M","R","B","B"],"character_chosen":"THE_SILENT","items_purchased":["Skewer","Well Laid Plans","Skewer","Blur","PanicButton","Footwork","Bullet Time","Cloak And Dagger"],"campfire_rested":3,"item_purchase_floors":[5,10,10,20,45,45,45,45],"current_hp_per_floor":[59,59,58,58,58,58,58,37,37,37,37,37,30,30,30,15,53,43,43,43,22,22,41,46,26,26,26,18,40,40,33,33,33,65,65,65,65,51,51,6,6,6,6,27,27,27,16,16,16,16,0],"gold":365,"neow_bonus":"BOSS_RELIC","is_prod":false,"is_daily":false,"chose_seed":false,"campfire_upgraded":4,"win_rate":0,"timestamp":1554436255,"path_taken":["M","$","M","?","$","R","M","E","T","?","R","M","E","M","R","BOSS","M","?","$","?","?","R","M","?","T","?","E","R","M","E","R","BOSS","M","M","M","M","?","E","?","?","T","R","$","M","E","?","R","BOSS","BOSS"],"build_version":"2019-01-23","purchased_purges":1,"victory":false,"max_hp_per_floor":[66,66,66,66,66,66,66,66,66,66,66,66,66,66,66,66,66,66,66,66,66,66,66,71,76,76,76,76,76,76,76,76,76,76,76,76,76,76,72,72,72,72,72,72,72,72,72,72,72,72,72],"card_choices":[{"not_picked":["Accuracy"],"picked":"SKIP","floor":1.0},{"not_picked":["Acrobatics"],"picked":"SKIP","floor":3.0},{"not_picked":["Acrobatics"],"picked":"SKIP","floor":3.0},{"not_picked":["Acrobatics"],"picked":"SKIP","floor":3.0},{"not_picked":[],"picked":"Crippling Poison","floor":7.0},{"not_picked":[],"picked":"Deflect","floor":8.0},{"not_picked":["Endless Agony"],"picked":"SKIP","floor":12.0},{"not_picked":[],"picked":"Endless Agony","floor":12.0},{"not_picked":["Outmaneuver"],"picked":"SKIP","floor":13.0},{"not_picked":["Bane"],"picked":"SKIP","floor":14.0},{"not_picked":[],"picked":"Doppelganger","floor":16.0},{"not_picked":[],"picked":"Bouncing Flask","floor":18.0},{"not_picked":[],"picked":"PiercingWail","floor":22.0},{"not_picked":["Poisoned Stab"],"picked":"SKIP","floor":24.0},{"not_picked":["Quick Slash+1"],"picked":"SKIP","floor":28.0},{"not_picked":["Concentrate"],"picked":"SKIP","floor":30.0},{"not_picked":["Outmaneuver"],"picked":"SKIP","floor":31.0},{"not_picked":[],"picked":"Outmaneuver","floor":31.0},{"not_picked":[],"picked":"Corpse Explosion","floor":33.0},{"not_picked":["Slice"],"picked":"SKIP","floor":35.0},{"not_picked":["Poisoned Stab+1"],"picked":"SKIP","floor":36.0},{"not_picked":["Blade Dance"],"picked":"SKIP","floor":37.0},{"not_picked":["Flying Knee+1"],"picked":"SKIP","floor":38.0},{"not_picked":["Riddle With Holes+1"],"picked":"SKIP","floor":40.0},{"not_picked":["Poisoned Stab"],"picked":"SKIP","floor":46.0},{"not_picked":["Quick Slash"],"picked":"SKIP","floor":47.0},{"not_picked":["Expertise"],"picked":"SKIP","floor":48.0}],"player_experience":995870,"relics_obtained":[{"floor":8.0,"key":"Bottled Lightning"},{"floor":9.0,"key":"FossilizedHelix"},{"floor":13.0,"key":"Ginger"},{"floor":21.0,"key":"Necronomicon"},{"floor":26.0,"key":"Letter Opener"},{"floor":28.0,"key":"Du-Vu Doll"},{"floor":31.0,"key":"Mummified Hand"},{"floor":40.0,"key":"Old Coin"},{"floor":40.0,"key":"Unceasing Top"},{"floor":42.0,"key":"Ancient Tea Set"},{"floor":47.0,"key":"Bag of Marbles"},{"floor":47.0,"key":"Incense Burner"}],"event_choices":[{"damage_healed":0.0,"max_hp_gain":0.0,"max_hp_loss":0.0,"gold_gain":100.0,"event_name":"Wheel of Change","player_choice":"Gold","floor":4.0,"gold_loss":0.0,"damage_taken":0.0},{"damage_healed":0.0,"max_hp_gain":0.0,"max_hp_loss":0.0,"gold_gain":0.0,"event_name":"Drug Dealer","player_choice":"Inject Mutagens","floor":19.0,"gold_loss":0.0,"damage_taken":0.0,"relics_obtained":["MutagenicStrength"]},{"damage_healed":0.0,"max_hp_gain":0.0,"max_hp_loss":0.0,"gold_gain":0.0,"event_name":"Cursed Tome","player_choice":"Obtained Book","floor":21.0,"gold_loss":0.0,"damage_taken":21.0},{"damage_healed":0.0,"max_hp_gain":5.0,"max_hp_loss":0.0,"gold_gain":0.0,"event_name":"Forgotten Altar","player_choice":"Shed Blood","floor":25.0,"gold_loss":0.0,"damage_taken":25.0},{"damage_healed":0.0,"max_hp_gain":0.0,"max_hp_loss":0.0,"gold_gain":0.0,"event_name":"Duplicator","player_choice":"Copied","floor":27.0,"gold_loss":0.0,"damage_taken":0.0,"cards_obtained":["Skewer"]},{"damage_healed":0.0,"max_hp_gain":0.0,"max_hp_loss":4.0,"gold_gain":0.0,"event_name":"Winding Halls","player_choice":"Max HP","floor":39.0,"gold_loss":0.0,"damage_taken":0.0},{"cards_removed":["Bouncing Flask"],"damage_healed":0.0,"max_hp_gain":0.0,"max_hp_loss":0.0,"gold_gain":0.0,"event_name":"Falling","player_choice":"Removed Skill","floor":41.0,"gold_loss":0.0,"damage_taken":0.0}],"is_beta":false,"boss_relics":[{"not_picked":["Empty Cage","Calling Bell"],"picked":"Runic Pyramid"},{"not_picked":["Tiny House","Eternal Feather"],"picked":"Black Star"}],"items_purged_floors":[45],"is_endless":false,"potions_floor_spawned":[1,8,24,28,31,37,47],"killed_by":"Time Eater","ascension_level":20}