{"gold_per_floor":[111,71,71,90,113,113,132,146,146,321,336,352,352,15,15,15],"floor_reached":16,"playtime":419,"items_purged":[],"score":94,"play_id":"4dac6ecc-bc78-4290-b466-69a88d323894","local_time":"20190220204600","is_ascension_mode":false,"campfire_choices":[{"floor":6,"key":"REST"},{"floor":15,"key":"REST"}],"neow_cost":"NONE","seed_source_timestamp":169752998368540,"circlet_count":0,"master_deck":["Defend_G","Defend_G","Defend_G","Defend_G","Defend_G","Strike_G","Strike_G","Strike_G","Strike_G","Strike_G","Survivor","Neutralize","Masterful Stab","Finisher","Dagger Throw+1","Dagger Spray","Noxious Fumes","Quick Slash","Doubt","Cloak And Dagger+1","Bane","Discovery"],"relics":["Runic Pyramid","Golden Idol","Pear","Bottled Lightning"],"potions_floor_usage":[],"damage_taken":[{"damage":10,"enemies":"Small Slimes","floor":1,"turns":3},{"damage":11,"enemies":"2 Louse","floor":4,"turns":3},{"damage":2,"enemies":"Jaw Worm","floor":5,"turns":3},{"damage":0,"enemies":"Lots of Slimes","floor":7,"turns":3},{"damage":8,"enemies":"Gremlin Gang","floor":8,"turns":3},{"damage":4,"enemies":"Exordium Thugs","floor":11,"turns":4},{"damage":0,"enemies":"Large Slime","floor":12,"turns":5},{"damage":60,"enemies":"The Guardian","floor":16,"turns":9}],"seed_played":"-3316086296338705361","potions_obtained":[{"floor":7,"key":"SmokeBomb"},{"floor":8,"key":"Energy Potion"}],"is_trial":false,"path_per_floor":["M","$","?","M","M","R","M","M","T","?","M","M","?","$","R","B"],"character_chosen":"THE_SILENT","items_purchased":["Finisher","Bottled Lightning","Discovery"],"campfire_rested":2,"item_purchase_floors":[2,14,14],"current_hp_per_floor":[60,60,43,32,30,51,51,43,53,53,49,49,33,33,57,0],"gold":15,"neow_bonus":"BOSS_RELIC","is_prod":false,"is_daily":false,"chose_seed":false,"campfire_upgraded":0,"win_rate":0,"timestamp":1550713560,"path_taken":["M","$","?","M","M","R","M","M","T","?","M","M","?","?","R","BOSS"],"build_version":"2019-01-23","purchased_purges":0,"victory":false,"max_hp_per_floor":[70,70,70,70,70,70,70,70,80,80,80,80,80,80,80,80],"card_choices":[{"not_picked":["Slice","Cloak And Dagger"],"picked":"Masterful Stab","floor":1},{"not_picked":["Underhanded Strike","Prepared"],"picked":"Dagger Throw","floor":4},{"not_picked":["Dagger Throw","Accuracy"],"picked":"Dagger Spray","floor":5},{"not_picked":["Quick Slash","Bane"],"picked":"Noxious Fumes","floor":7},{"not_picked":["Dagger Throw","Escape Plan"],"picked":"Quick Slash","floor":8},{"not_picked":["Quick Slash","Dodge and Roll"],"picked":"Cloak And Dagger","floor":11},{"not_picked":["A Thousand Cuts","PiercingWail"],"picked":"Bane","floor":12}],"player_experience":666001,"relics_obtained":[{"floor":9,"key":"Pear"}],"event_choices":[{"damage_healed":0,"gold_gain":0,"player_choice":"Take Damage","damage_taken":17,"relics_obtained":["Golden Idol"],"max_hp_gain":0,"max_hp_loss":0,"event_name":"Golden Idol","floor":3,"gold_loss":0},{"damage_healed":0,"gold_gain":175,"player_choice":"AGREE","damage_taken":0,"max_hp_gain":0,"max_hp_loss":0,"event_name":"Liars Game","floor":10,"gold_loss":0,"cards_obtained":["Doubt"]},{"damage_healed":0,"gold_gain":0,"player_choice":"Entered Light","damage_taken":16,"max_hp_gain":0,"max_hp_loss":0,"event_name":"Shining Light","floor":13,"gold_loss":0,"cards_upgraded":["Dagger Throw","Cloak And Dagger"]}],"is_beta":false,"boss_relics":[],"items_purged_floors":[],"is_endless":false,"potions_floor_spawned":[7,8],"killed_by":"The Guardian","ascension_level":0}