{"gold_per_floor":[112,126,126,143,68,95,95,112,112,147,168,168,168,206,206,337,337,360,395,419,419,419,457,12,43,69,105,105,105,30,45,45,166,166,191,191,413,432,447,487,487,530,554,578,578,612,612,635,635,635],"floor_reached":51,"playtime":2946,"items_purged":["Regret","Bash"],"score":923,"play_id":"29d3ccf0-6b30-4751-b2ee-1b18f65e2dd4","local_time":"20180718203643","is_ascension_mode":true,"campfire_choices":[{"data":"Carnage","floor":7.0,"key":"SMITH"},{"data":"Havoc","floor":12.0,"key":"SMITH"},{"data":"Cleave","floor":15.0,"key":"SMITH"},{"data":"Clothesline","floor":32.0,"key":"SMITH"},{"data":"Sword Boomerang","floor":41.0,"key":"SMITH"},{"floor":49.0,"key":"REST"}],"neow_cost":"NONE","seed_source_timestamp":0,"circlet_count":0,"master_deck":["Strike_R+1","Strike_R+1","Strike_R+1","Strike_R+1","Strike_R+1","Defend_R+1","Defend_R+1","Defend_R+1","Defend_R+1","Carnage+1","Havoc+1","Clothesline+1","Rage+1","Cleave+1","Impervious+1","Flame Barrier+1","Headbutt+1","Carnage+1","Sword Boomerang+1","Shrug It Off+1","Evolve+1","Second Wind+1","Double Tap+1","Headbutt+1","Madness+1","Madness+1","Bloodletting+1","Inflame+1","Iron Wave+1","Power Through+1","Secret Weapon+1","Pommel Strike+1","Disarm+1"],"special_seed":17730,"relics":["Burning Blood","Whetstone","Bronze Scales","Toxic Egg 2","Anchor","Vajra","Odd Mushroom","Golden Idol","Juzu Bracelet","Runic Cube","Red Mask","Boot","Dream Catcher","Strawberry","Centennial Puzzle","Omamori","Pen Nib","Pantograph","Velvet Choker","Potion Belt","Happy Flower","Art of War","Matryoshka","Kunai","Dodecahedron"],"potions_floor_usage":[50,50,50],"damage_taken":[{"damage":6.0,"enemies":"Small Slimes","floor":1.0,"turns":3.0},{"damage":1.0,"enemies":"2 Louse","floor":2.0,"turns":3.0},{"damage":1.0,"enemies":"Jaw Worm","floor":4.0,"turns":2.0},{"damage":24.0,"enemies":"3 Sentries","floor":6.0,"turns":6.0},{"damage":0.0,"enemies":"Blue Slaver","floor":8.0,"turns":3.0},{"damage":24.0,"enemies":"Gremlin Nob","floor":10.0,"turns":4.0},{"damage":4.0,"floor":11.0,"turns":3.0},{"damage":3.0,"enemies":"3 Sentries","floor":14.0,"turns":6.0},{"damage":57.0,"enemies":"The Guardian","floor":16.0,"turns":8.0},{"damage":7.0,"enemies":"Shell Parasite","floor":18.0,"turns":4.0},{"damage":9.0,"floor":19.0,"turns":3.0},{"damage":10.0,"enemies":"2 Thieves","floor":20.0,"turns":3.0},{"damage":26.0,"enemies":"Gremlin Leader","floor":23.0,"turns":5.0},{"damage":13.0,"enemies":"Book of Stabbing","floor":25.0,"turns":6.0},{"damage":0.0,"enemies":"Slavers","floor":27.0,"turns":5.0},{"damage":0.0,"enemies":"Snake Plant","floor":31.0,"turns":3.0},{"damage":78.0,"enemies":"Champ","floor":33.0,"turns":12.0},{"damage":8.0,"enemies":"3 Darklings","floor":35.0,"turns":7.0},{"damage":0.0,"enemies":"Orb Walker","floor":38.0,"turns":2.0},{"damage":29.0,"enemies":"4 Shapes","floor":39.0,"turns":5.0},{"damage":7.0,"enemies":"Nemesis","floor":40.0,"turns":7.0},{"damage":9.0,"enemies":"2 Orb Walkers","floor":42.0,"turns":4.0},{"damage":9.0,"enemies":"Spire Growth","floor":44.0,"turns":4.0},{"damage":49.0,"enemies":"Nemesis","floor":46.0,"turns":6.0},{"damage":0.0,"enemies":"Transient","floor":48.0,"turns":5.0},{"damage":60,"enemies":"Time Eater","floor":50,"turns":13}],"seed_played":"-3893125077617489196","potions_obtained":[{"floor":1.0,"key":"Regen Potion"},{"floor":2.0,"key":"Block Potion"},{"floor":4.0,"key":"GamblersBrew"},{"floor":16.0,"key":"Explosive Potion"},{"floor":18.0,"key":"Dexterity Potion"},{"floor":19.0,"key":"Regen Potion"},{"floor":25.0,"key":"SkillPotion"},{"floor":31.0,"key":"LiquidBronze"},{"floor":42.0,"key":"Dexterity Potion"},{"floor":44.0,"key":"Regen Potion"}],"is_trial":false,"path_per_floor":["M","M","?","M","$","E","R","M","T","E","?","R","?","E","R","B",null,"M","?","M","?","?","E","$","E","T","E","?","$","?","M","R","B",null,"M","?","?","M","M","E","R","E","T","M","?","E","T","M","R","B"],"character_chosen":"IRONCLAD","items_purchased":["Dream Catcher","Shrug It Off+1","Strawberry"],"campfire_rested":1,"item_purchase_floors":[24,24,24],"current_hp_per_floor":[80,80,80,80,80,62,62,68,68,50,52,52,52,55,55,19,74,73,70,66,66,66,46,53,46,46,52,52,52,52,58,58,9,81,79,69,69,75,52,65,65,62,62,59,59,16,16,22,46,32],"gold":635,"neow_bonus":"RANDOM_COMMON_RELIC","is_prod":false,"is_daily":false,"chose_seed":false,"campfire_upgraded":5,"win_rate":0,"timestamp":1531960603,"path_taken":["M","M","?","M","$","E","R","M","T","E","?","R","?","E","R","BOSS","M","?","M","?","?","E","$","E","T","E","?","$","?","M","R","BOSS","M","?","?","M","M","E","R","E","T","M","?","E","?","M","R","BOSS"],"build_version":"2018-07-12","purchased_purges":2,"victory":true,"max_hp_per_floor":[80,80,80,80,80,80,80,80,80,80,80,80,74,74,74,74,74,74,74,74,74,74,74,81,81,81,81,81,81,81,81,81,81,81,81,81,81,81,81,81,81,81,81,81,81,81,81,81,81,81],"card_choices":[{"not_picked":["Entrench","Corruption"],"picked":"Carnage","floor":1.0},{"not_picked":["Sword Boomerang","Intimidate"],"picked":"Havoc","floor":2.0},{"not_picked":["Clash","Burning Pact"],"picked":"Clothesline","floor":4.0},{"not_picked":["Sentinel","Berserk"],"picked":"Rage","floor":6.0},{"not_picked":["Thunderclap","Clothesline","Rupture"],"picked":"SKIP","floor":8.0},{"not_picked":["Pommel Strike","Rupture","Warcry+1"],"picked":"SKIP","floor":10.0},{"not_picked":["Corruption","Body Slam"],"picked":"Cleave","floor":11.0},{"not_picked":["Clash","Bludgeon"],"picked":"Inflame","floor":14.0},{"not_picked":["Brutality","Exhume+1"],"picked":"Impervious+1","floor":16.0},{"not_picked":["Headbutt+1","Dropkick"],"picked":"Flame Barrier+1","floor":18.0},{"not_picked":["Anger","Thunderclap+1"],"picked":"Headbutt+1","floor":19.0},{"not_picked":["Havoc+1","Entrench+1"],"picked":"Carnage+1","floor":20.0},{"not_picked":["Headbutt","Clothesline"],"picked":"Sword Boomerang","floor":23.0},{"not_picked":["Cleave","Body Slam+1","Clash"],"picked":"SKIP","floor":25.0},{"not_picked":["Rampage","Body Slam"],"picked":"Evolve+1","floor":27.0},{"not_picked":["Battle Trance+1","Rupture+1"],"picked":"Second Wind+1","floor":31.0},{"not_picked":["Barricade","Berserk"],"picked":"Double Tap+1","floor":33.0},{"not_picked":["Hemokinesis+1","Combust+1"],"picked":"Headbutt+1","floor":35.0},{"not_picked":["Heavy Blade","Anger+1","Iron Wave"],"picked":"SKIP","floor":38.0},{"not_picked":["Evolve","Clash"],"picked":"Bloodletting+1","floor":39.0},{"not_picked":["Clash+1","Searing Blow"],"picked":"Inflame+1","floor":40.0},{"not_picked":["Perfected Strike","Twin Strike+1"],"picked":"Iron Wave+1","floor":42.0},{"not_picked":["Thunderclap+1","Body Slam"],"picked":"Power Through+1","floor":44.0},{"not_picked":["Finesse+1","Purity+1"],"picked":"Secret Weapon+1","floor":45.0},{"not_picked":["Inflame+1","Armaments+1"],"picked":"Pommel Strike+1","floor":46.0},{"not_picked":["Heavy Blade+1","Twin Strike"],"picked":"Disarm+1","floor":48.0}],"player_experience":81066,"relics_obtained":[{"floor":6.0,"key":"Toxic Egg 2"},{"floor":9.0,"key":"Anchor"},{"floor":10.0,"key":"Vajra"},{"floor":11.0,"key":"Odd Mushroom"},{"floor":14.0,"key":"Juzu Bracelet"},{"floor":19.0,"key":"Red Mask"},{"floor":23.0,"key":"Boot"},{"floor":25.0,"key":"Centennial Puzzle"},{"floor":26.0,"key":"Omamori"},{"floor":27.0,"key":"Pen Nib"},{"floor":40.0,"key":"Potion Belt"},{"floor":42.0,"key":"Happy Flower"},{"floor":43.0,"key":"Art of War"},{"floor":46.0,"key":"Matryoshka"},{"floor":47.0,"key":"Kunai"},{"floor":47.0,"key":"Dodecahedron"}],"event_choices":[{"event_name":"Big Fish","player_choice":"Box","floor":3.0,"damage_taken":0.0},{"event_name":"Mushrooms","player_choice":"Fought Mushrooms","floor":11.0,"damage_taken":0.0},{"event_name":"Golden Idol","player_choice":"Lose Max HP","floor":13.0,"damage_taken":0.0},{"event_name":"Masked Bandits","player_choice":"Fought over 360 gold","floor":19.0,"damage_taken":0.0},{"event_name":"Drug Dealer","player_choice":"Ignored","floor":21.0,"damage_taken":0.0},{"event_name":"Back to Basics","player_choice":"Simplicity","floor":22.0,"damage_taken":0.0},{"event_name":"The Mausoleum","player_choice":"Yes","floor":28.0,"damage_taken":0.0},{"event_name":"Beggar","player_choice":"Gave Gold","floor":30.0,"damage_taken":0.0},{"event_name":"Winding Halls","player_choice":"Embrace Madness","floor":36.0,"damage_taken":0.0},{"event_name":"Tomb of Lord Red Mask","player_choice":"Wore Mask","floor":37.0,"damage_taken":0.0},{"event_name":"SensoryStone","player_choice":"Memory 1","floor":45.0,"damage_taken":0.0}],"boss_relics":[{"not_picked":["Runic Pyramid","Coffee Dripper"],"picked":"Runic Cube"},{"not_picked":["Black Star","Black Blood"],"picked":"Velvet Choker"}],"items_purged_floors":[5,24],"is_endless":false,"potions_floor_spawned":[1,2,4,11,16,18,19,25,31,33,35,38,42,44],"ascension_level":1}