{"gold_per_floor":[121,133,164,251,281,293,335,360,372,384,396,426,438],"floor_reached":13,"playtime":444,"items_purged":[],"score":110,"play_id":"6e5bcc94-a667-4598-9d71-069a2e9a7ae2","local_time":"20190424172658","is_ascension_mode":false,"campfire_choices":[{"data":"Neutralize","floor":6.0,"key":"SMITH"}],"neow_cost":"NONE","seed_source_timestamp":92810635226800,"circlet_count":0,"master_deck":["Defend_G","Defend_G","Defend_G","Defend_G","Defend_G","Strike_G","Strike_G","Strike_G","Strike_G","Strike_G","Survivor","Neutralize+1","Normality","Pain","Regret","Dagger Throw","Distraction","Cloak And Dagger","Calculated Gamble"],"special_seed":0,"relics":["Calling Bell","MawBank","Pear","StoneCalendar","Bottled Flame","Mercury Hourglass","Letter Opener"],"potions_floor_usage":[13],"damage_taken":[{"damage":10.0,"enemies":"Jaw Worm","floor":1.0,"turns":7.0},{"damage":3.0,"enemies":"Small Slimes","floor":3.0,"turns":6.0},{"damage":17.0,"enemies":"Cultist","floor":5.0,"turns":6.0},{"damage":24.0,"enemies":"3 Sentries","floor":7.0,"turns":7.0},{"damage":14.0,"enemies":"Red Slaver","floor":8.0,"turns":4.0},{"damage":2.0,"enemies":"2 Fungi Beasts","floor":12.0,"turns":3.0},{"damage":4,"enemies":"Gremlin Gang","floor":13,"turns":1}],"seed_played":"-7736501457450337100","potions_obtained":[{"floor":1.0,"key":"FearPotion"},{"floor":12.0,"key":"SkillPotion"}],"is_trial":false,"path_per_floor":["M","?","M","?","M","R","E","M","T","?","?","M","M"],"character_chosen":"THE_SILENT","items_purchased":[],"campfire_rested":0,"item_purchase_floors":[],"current_hp_per_floor":[70,75,72,61,44,44,20,6,6,6,3,1,0],"gold":438,"neow_bonus":"BOSS_RELIC","is_prod":false,"is_daily":false,"chose_seed":false,"campfire_upgraded":1,"win_rate":0,"timestamp":1556141218,"path_taken":["M","?","M","?","M","R","E","M","T","?","?","?","M"],"build_version":"2019-01-23","purchased_purges":0,"victory":false,"max_hp_per_floor":[80,85,85,85,85,85,85,85,85,85,85,85,85],"card_choices":[{"not_picked":["Slice","Outmaneuver"],"picked":"Dagger Throw","floor":1.0},{"not_picked":["Outmaneuver","A Thousand Cuts","Quick Slash"],"picked":"SKIP","floor":3.0},{"not_picked":["Underhanded Strike","Choke","Acrobatics"],"picked":"SKIP","floor":5.0},{"not_picked":["Backflip","Finisher"],"picked":"Distraction","floor":7.0},{"not_picked":["Skewer","Acrobatics"],"picked":"Cloak And Dagger","floor":8.0},{"not_picked":["All Out Attack","Infinite Blades"],"picked":"Calculated Gamble","floor":12.0}],"player_experience":689193,"relics_obtained":[{"floor":0.0,"key":"MawBank"},{"floor":0.0,"key":"Pear"},{"floor":0.0,"key":"StoneCalendar"},{"floor":7.0,"key":"Bottled Flame"},{"floor":9.0,"key":"Mercury Hourglass"}],"event_choices":[{"damage_healed":0.0,"max_hp_gain":5.0,"max_hp_loss":0.0,"gold_gain":0.0,"event_name":"Big Fish","player_choice":"Donut","floor":2.0,"gold_loss":0.0,"damage_taken":0.0},{"damage_healed":0.0,"max_hp_gain":0.0,"max_hp_loss":0.0,"gold_gain":75.0,"event_name":"World of Goop","player_choice":"Gather Gold","floor":4.0,"gold_loss":0.0,"damage_taken":11.0},{"damage_healed":0.0,"max_hp_gain":0.0,"max_hp_loss":0.0,"gold_gain":0.0,"event_name":"Dead Adventurer","player_choice":"Searched \u00270\u0027 times","floor":10.0,"gold_loss":0.0,"damage_taken":0.0},{"damage_healed":0.0,"max_hp_gain":0.0,"max_hp_loss":0.0,"gold_gain":0.0,"event_name":"Scrap Ooze","player_choice":"Success","floor":11.0,"gold_loss":0.0,"damage_taken":3.0,"relics_obtained":["Letter Opener"]}],"is_beta":false,"boss_relics":[],"items_purged_floors":[],"is_endless":false,"potions_floor_spawned":[1,12],"killed_by":"Gremlin Gang","ascension_level":0}