{"gold_per_floor":[117,130,149,163,163,163,489,489,563,563,57,74,74,85,85,182,182,182,182,182,182,182,182,30,30,30,30,30,30,30,30,30,30,30,30,30,30,30,30,30,30,30,30,30,30,30,30,30,30,30],"floor_reached":51,"playtime":4567,"items_purged":[],"score":901,"play_id":"3d9f8bf1-f0ae-4b92-b9d4-5deeec6721f9","local_time":"20180811125812","is_ascension_mode":true,"campfire_choices":[{"data":"Neutralize","floor":6.0,"key":"SMITH"},{"floor":8.0,"key":"REST"},{"data":"Backflip","floor":15.0,"key":"SMITH"},{"floor":32.0,"key":"REST"},{"data":"After Image","floor":40.0,"key":"SMITH"},{"data":"Catalyst","floor":42.0,"key":"SMITH"},{"data":"Leg Sweep","floor":47.0,"key":"SMITH"},{"data":"Adrenaline","floor":49.0,"key":"SMITH"}],"neow_cost":"","seed_source_timestamp":64178238443682,"circlet_count":0,"master_deck":["Defend_G","Defend_G","Defend_G","Defend_G","Strike_G","Strike_G","Strike_G","Strike_G","Strike_G","Survivor","Neutralize+1","Footwork","Backflip+1","Backstab","Quick Slash","Crippling Poison","Leg Sweep+1","PiercingWail","Bullet Time","Dash+1","Deadly Poison","Heel Hook+1","Adrenaline+1","Flying Knee","Predator","Dagger Spray+1","Envenom","Bane+1","Flying Knee","After Image+1","Catalyst+1","Envenom","Poisoned Stab+1","Dodge and Roll+1","Backflip+1","Envenom","Bouncing Flask+1"],"special_seed":0,"relics":["Ring of the Snake","Old Coin","Pantograph","Oddly Smooth Stone","ClockworkSouvenir","Potion Belt","Dream Catcher","Ectoplasm","Omamori","Blood Vial","Happy Flower","Bag of Preparation","Pen Nib","Ancient Tea Set","Snecko Eye","Ice Cream","Bag of Marbles","Singing Bowl","Blue Candle","Art of War"],"potions_floor_usage":[50,50],"damage_taken":[{"damage":1.0,"enemies":"2 Louse","floor":1.0,"turns":3.0},{"damage":0.0,"enemies":"Small Slimes","floor":2.0,"turns":3.0},{"damage":0.0,"enemies":"Jaw Worm","floor":3.0,"turns":8.0},{"damage":22.0,"enemies":"Exordium Wildlife","floor":4.0,"turns":7.0},{"damage":35.0,"enemies":"Gremlin Nob","floor":7.0,"turns":5.0},{"damage":0.0,"enemies":"Gremlin Gang","floor":12.0,"turns":6.0},{"damage":0.0,"enemies":"Red Slaver","floor":14.0,"turns":4.0},{"damage":40.0,"enemies":"The Guardian","floor":16.0,"turns":22.0},{"damage":0.0,"enemies":"Shell Parasite","floor":18.0,"turns":13.0},{"damage":0.0,"enemies":"3 Byrds","floor":19.0,"turns":7.0},{"damage":0.0,"enemies":"Snecko","floor":20.0,"turns":5.0},{"damage":8.0,"enemies":"Centurion and Healer","floor":21.0,"turns":10.0},{"damage":7.0,"enemies":"Snake Plant","floor":22.0,"turns":5.0},{"damage":14.0,"enemies":"Gremlin Leader","floor":23.0,"turns":8.0},{"damage":7.0,"enemies":"Slavers","floor":25.0,"turns":5.0},{"damage":8.0,"enemies":"Gremlin Leader","floor":28.0,"turns":5.0},{"damage":5.0,"enemies":"Snecko","floor":29.0,"turns":5.0},{"damage":8.0,"enemies":"Sentry and Sphere","floor":30.0,"turns":5.0},{"damage":10.0,"enemies":"Slavers","floor":31.0,"turns":4.0},{"damage":10.0,"enemies":"Automaton","floor":33.0,"turns":10.0},{"damage":0.0,"enemies":"3 Darklings","floor":35.0,"turns":3.0},{"damage":0.0,"floor":37.0,"turns":3.0},{"damage":0.0,"enemies":"3 Shapes","floor":39.0,"turns":4.0},{"damage":1.0,"enemies":"Giant Head","floor":41.0,"turns":6.0},{"damage":17.0,"enemies":"Nemesis","floor":44.0,"turns":5.0},{"damage":0.0,"enemies":"Sphere and 2 Shapes","floor":45.0,"turns":4.0},{"damage":55,"enemies":"Awakened One","floor":50,"turns":11}],"seed_played":"5239145150117984630","potions_obtained":[{"floor":1.0,"key":"FearPotion"},{"floor":3.0,"key":"GamblersBrew"},{"floor":4.0,"key":"Dexterity Potion"},{"floor":12.0,"key":"GamblersBrew"},{"floor":14.0,"key":"SpeedPotion"},{"floor":20.0,"key":"Weak Potion"},{"floor":23.0,"key":"AttackPotion"},{"floor":25.0,"key":"Ancient Potion"},{"floor":28.0,"key":"AttackPotion"},{"floor":30.0,"key":"LiquidBronze"},{"floor":37.0,"key":"Ancient Potion"},{"floor":39.0,"key":"Ancient Potion"},{"floor":41.0,"key":"AttackPotion"}],"is_trial":false,"path_per_floor":["M","M","M","M","?","R","E","R","T","?","$","M","?","M","R","B",null,"M","M","M","M","M","E","$","E","T","?","E","M","M","E","R","B",null,"M","?","?","?","M","R","E","R","T","E","M","?","R","$","R","B"],"character_chosen":"THE_SILENT","items_purchased":["ClockworkSouvenir","Potion Belt","Dream Catcher","Blood Vial"],"campfire_rested":2,"item_purchase_floors":[11,11,11,24],"current_hp_per_floor":[69,69,69,47,47,47,12,33,33,26,26,26,49,49,49,30,70,70,70,70,62,55,41,41,36,36,36,30,27,21,13,34,51,70,70,70,70,70,70,70,69,69,69,55,57,53,53,53,53,23],"gold":30,"neow_bonus":"","is_prod":false,"is_daily":false,"chose_seed":false,"campfire_upgraded":6,"win_rate":0,"timestamp":1534006692,"path_taken":["M","M","M","M","?","R","E","R","T","?","$","?","?","M","R","BOSS","M","M","M","M","M","E","$","E","T","?","E","M","?","E","R","BOSS","M","?","?","?","M","R","E","R","T","E","M","?","R","?","R","BOSS"],"build_version":"2018-08-09","purchased_purges":0,"victory":true,"max_hp_per_floor":[70,70,70,70,70,70,70,70,70,70,70,70,70,70,70,70,70,70,70,70,70,70,70,70,70,70,70,70,70,70,70,70,70,70,70,70,70,70,70,70,70,70,70,72,72,78,78,78,78,78],"card_choices":[{"not_picked":["Finisher","Acrobatics"],"picked":"Footwork","floor":1.0},{"not_picked":["Endless Agony","Predator"],"picked":"Backflip","floor":2.0},{"not_picked":["Tactician","Dagger Throw"],"picked":"Backstab","floor":3.0},{"not_picked":["Slice","Bane"],"picked":"Quick Slash","floor":4.0},{"not_picked":["Escape Plan","Predator"],"picked":"Crippling Poison","floor":7.0},{"not_picked":["Deflect","Prepared"],"picked":"Leg Sweep","floor":12.0},{"not_picked":["Acrobatics","Deflect"],"picked":"PiercingWail","floor":14.0},{"not_picked":["Grand Finale","Burst"],"picked":"Bullet Time","floor":16.0},{"not_picked":["Quick Slash","Dodge and Roll"],"picked":"Dash+1","floor":18.0},{"not_picked":["Blur","Poisoned Stab"],"picked":"Deadly Poison","floor":19.0},{"not_picked":["Dodge and Roll","Deflect"],"picked":"Heel Hook+1","floor":20.0},{"not_picked":["Acrobatics+1","Dodge and Roll"],"picked":"Adrenaline","floor":21.0},{"not_picked":["Quick Slash","Blur+1"],"picked":"Flying Knee","floor":22.0},{"not_picked":["Dash","Setup"],"picked":"Predator","floor":23.0},{"not_picked":["Dash","Poisoned Stab"],"picked":"Dagger Spray+1","floor":25.0},{"not_picked":["Deflect","Eviscerate"],"picked":"Envenom","floor":28.0},{"not_picked":["Flechettes","Underhanded Strike"],"picked":"Bane+1","floor":29.0},{"not_picked":["Poisoned Stab","Predator"],"picked":"Flying Knee","floor":30.0},{"not_picked":["Terror","Concentrate+1"],"picked":"After Image","floor":31.0},{"not_picked":["Quick Slash","Cloak And Dagger+1"],"picked":"Catalyst","floor":32.0},{"not_picked":["Storm of Steel","Grand Finale"],"picked":"Envenom","floor":33.0},{"not_picked":["Accuracy+1","PiercingWail"],"picked":"Poisoned Stab+1","floor":35.0},{"not_picked":["Acrobatics+1","Escape Plan"],"picked":"Dodge and Roll+1","floor":37.0},{"not_picked":["All Out Attack","Quick Slash"],"picked":"Backflip+1","floor":39.0},{"not_picked":["Dodge and Roll+1","Quick Slash"],"picked":"Envenom","floor":41.0},{"not_picked":["Footwork+1","Predator","Tactician+1"],"picked":"Singing Bowl","floor":44.0},{"not_picked":["Sucker Punch+1","Underhanded Strike"],"picked":"Bouncing Flask+1","floor":45.0},{"not_picked":["Enlightenment","Good Instincts","Madness"],"picked":"Singing Bowl","floor":46.0},{"not_picked":["Enlightenment","Blind","Purity"],"picked":"Singing Bowl","floor":46.0},{"not_picked":["Good Instincts","Master of Strategy","Dark Shackles"],"picked":"Singing Bowl","floor":46.0}],"player_experience":181328,"relics_obtained":[{"floor":7.0,"key":"Old Coin"},{"floor":9.0,"key":"Pantograph"},{"floor":23.0,"key":"Omamori"},{"floor":25.0,"key":"Happy Flower"},{"floor":26.0,"key":"Bag of Preparation"},{"floor":28.0,"key":"Pen Nib"},{"floor":31.0,"key":"Ancient Tea Set"},{"floor":37.0,"key":"Ice Cream"},{"floor":41.0,"key":"Singing Bowl"},{"floor":43.0,"key":"Blue Candle"},{"floor":44.0,"key":"Art of War"}],"event_choices":[{"event_name":"Liars Game","player_choice":"disagreed","floor":5.0,"damage_taken":0.0},{"event_name":"Scrap Ooze","player_choice":"success","floor":10.0,"damage_taken":7.0},{"event_name":"Big Fish","player_choice":"Banana","floor":13.0,"damage_taken":0.0},{"event_name":"Beggar","player_choice":"Ignored","floor":27.0,"damage_taken":0.0},{"event_name":"Falling","player_choice":"Removed Skill","floor":36.0,"damage_taken":0.0},{"event_name":"MindBloom","player_choice":"Fight","floor":37.0,"damage_taken":0.0},{"event_name":"Accursed Blacksmith","player_choice":"Rummage","floor":38.0,"damage_taken":0.0},{"event_name":"SensoryStone","player_choice":"Memory 3","floor":46.0,"damage_taken":0.0}],"is_beta":false,"boss_relics":[{"not_picked":["Velvet Choker","Tiny House"],"picked":"Ectoplasm"},{"not_picked":["Cursed Key","WristBlade"],"picked":"Snecko Eye"}],"items_purged_floors":[],"is_endless":false,"potions_floor_spawned":[1,3,4,12,14,20,23,25,28,30,37,39,41],"ascension_level":3}