{"gold_per_floor":[363,379,554,564,76,101,101,28,28,28,45,45,45,71,71,168,168,184,199,7,7],"floor_reached":21,"playtime":1329,"items_purged":["Doubt","Strike_R"],"score":299,"play_id":"1e83a12b-83c2-406d-8ff2-d7f20bb287c5","local_time":"20181226153459","is_ascension_mode":true,"campfire_choices":[{"data":"Power Through","floor":7.0,"key":"SMITH"},{"data":"Hemokinesis","floor":13.0,"key":"SMITH"},{"data":"Demon Form","floor":15.0,"key":"SMITH"}],"neow_cost":"PERCENT_DAMAGE","seed_source_timestamp":177893325746499,"circlet_count":0,"master_deck":["AscendersBane","Strike_R","Strike_R","Strike_R","Strike_R","Defend_R","Defend_R","Defend_R","Defend_R","Bash","Carnage","Rupture","Power Through+1","Hemokinesis","Demon Form+1","Hemokinesis+1","Feel No Pain","Dark Shackles","Juggernaut","Battle Trance","Offering","Sword Boomerang+1","Armaments","Shrug It Off","Metallicize"],"special_seed":0,"relics":["Black Blood","Sling","Bottled Lightning","Art of War","Potion Belt"],"potions_floor_usage":[21,21],"damage_taken":[{"damage":7.0,"enemies":"Jaw Worm","floor":1.0,"turns":5.0},{"damage":0.0,"enemies":"Small Slimes","floor":2.0,"turns":3.0},{"damage":1.0,"enemies":"Cultist","floor":4.0,"turns":4.0},{"damage":23.0,"enemies":"Lagavulin","floor":6.0,"turns":7.0},{"damage":0.0,"enemies":"2 Fungi Beasts","floor":11.0,"turns":4.0},{"damage":17.0,"enemies":"3 Sentries","floor":14.0,"turns":7.0},{"damage":54.0,"enemies":"The Guardian","floor":16.0,"turns":8.0},{"damage":31.0,"enemies":"Shell Parasite","floor":18.0,"turns":6.0},{"damage":30.0,"enemies":"Spheric Guardian","floor":19.0,"turns":5.0},{"damage":23,"enemies":"Snake Plant","floor":21,"turns":3}],"seed_played":"-4533311398905600044","potions_obtained":[{"floor":1.0,"key":"SkillPotion"},{"floor":4.0,"key":"Weak Potion"},{"floor":6.0,"key":"Dexterity Potion"},{"floor":18.0,"key":"Swift Potion"}],"is_trial":false,"path_per_floor":["M","M","?","M","$","E","R","$","T","?","M","?","R","E","R","B",null,"M","M","$","M"],"character_chosen":"IRONCLAD","items_purchased":["Sling","Hemokinesis","Demon Form","Feel No Pain","Shrug It Off","Metallicize"],"campfire_rested":0,"item_purchase_floors":[5,5,5,8,20,20],"current_hp_per_floor":[50,56,56,61,61,44,44,44,44,44,50,76,76,65,65,17,64,43,23,23,0],"gold":7,"neow_bonus":"TWO_FIFTY_GOLD","is_prod":false,"is_daily":false,"chose_seed":false,"campfire_upgraded":3,"win_rate":0,"timestamp":1545856499,"path_taken":["M","M","?","M","$","E","R","$","T","?","?","?","R","E","R","BOSS","M","M","$","M"],"build_version":"2018-12-20","purchased_purges":2,"victory":false,"max_hp_per_floor":[80,80,80,80,80,80,80,80,80,80,80,80,80,80,80,80,80,80,80,80,80],"card_choices":[{"not_picked":["Disarm","Havoc"],"picked":"Carnage","floor":1.0},{"not_picked":["Reckless Charge","Clash"],"picked":"Rupture","floor":2.0},{"not_picked":["Rampage","Warcry"],"picked":"Power Through","floor":4.0},{"not_picked":["Sever Soul","Shockwave"],"picked":"Hemokinesis","floor":6.0},{"not_picked":["Anger","Armaments"],"picked":"Battle Trance","floor":11.0},{"not_picked":["Wild Strike","Juggernaut","Carnage"],"picked":"SKIP","floor":14.0},{"not_picked":["Double Tap","Bludgeon"],"picked":"Offering","floor":16.0},{"not_picked":["Pommel Strike","Iron Wave"],"picked":"Sword Boomerang+1","floor":18.0},{"not_picked":["Headbutt","Clothesline"],"picked":"Armaments","floor":19.0}],"player_experience":439639,"relics_obtained":[{"floor":6.0,"key":"Bottled Lightning"},{"floor":9.0,"key":"Art of War"},{"floor":14.0,"key":"Potion Belt"}],"event_choices":[{"damage_healed":0.0,"max_hp_gain":0.0,"max_hp_loss":0.0,"gold_gain":175.0,"event_name":"Liars Game","player_choice":"AGREE","floor":3.0,"gold_loss":0.0,"damage_taken":0.0,"cards_obtained":["Doubt"]},{"damage_healed":0.0,"max_hp_gain":0.0,"max_hp_loss":0.0,"gold_gain":0.0,"event_name":"Match and Keep!","player_choice":"2 cards matched","floor":10.0,"gold_loss":0.0,"damage_taken":0.0,"cards_obtained":["Dark Shackles","Juggernaut"]},{"damage_healed":26.0,"max_hp_gain":0.0,"max_hp_loss":0.0,"gold_gain":0.0,"event_name":"Big Fish","player_choice":"Banana","floor":12.0,"gold_loss":0.0,"damage_taken":0.0}],"is_beta":false,"boss_relics":[{"not_picked":["Pandora\u0027s Box","Eternal Feather"],"picked":"Black Blood"}],"items_purged_floors":[5,20],"is_endless":false,"potions_floor_spawned":[1,4,6,18],"killed_by":"Snake Plant","ascension_level":12}