{"gold_per_floor":[147,147,204,204,204,27,27,102,126,162,216,216,264,321,321,606,606,657,696,735,116,176,176,176,236,287,392,392,443,52,112,112,112],"floor_reached":33,"playtime":9251,"items_purged":["Doubt","Injury"],"score":421,"play_id":"482e5cbe-b67c-4e81-9de7-8259d53eadfa","local_time":"20180725232005","daily_mods":["Diverse","Heirloom","Allstar","Midas"],"is_ascension_mode":false,"campfire_choices":[{"floor":7,"key":"REST"},{"floor":12,"key":"REST"},{"floor":15,"key":"REST"},{"floor":23,"key":"REST"},{"floor":32,"key":"REST"}],"neow_cost":"","seed_source_timestamp":0,"circlet_count":0,"master_deck":["Strike_R","Strike_R","Strike_R","Strike_R","Strike_R","Defend_R","Defend_R","Defend_R","Defend_R","Bash","Demon Form","Wraith Form v2","Echo Form+1","Panacea","Dramatic Entrance","Enlightenment","Secret Technique","Sweeping Beam","Bash","Underhanded Strike","Dark Shackles","Storm","Mind Blast","Caltrops","Footwork","Ball Lightning","After Image","Warcry","Tempest","A Thousand Cuts","Dodge and Roll","White Noise+1","Turbo","Rampage","Stack","White Noise","Uppercut+1","Barrage+1","Conserve Battery+1","Ghostly Armor+1","Leap","Reinforced Body","Uppercut+1","Pommel Strike+1"],"relics":["Burning Blood","Unceasing Top","Blood Vial","Red Skull","Orichalcum","Calling Bell","Dream Catcher","Matryoshka","Ice Cream","Lee\u0027s Waffle","Ancient Tea Set","Ornamental Fan","Strawberry","Champion Belt"],"potions_floor_usage":[8,16,20,20,20,22,25,29,33,33,33],"damage_taken":[{"damage":8,"enemies":"Jaw Worm","floor":1,"turns":3},{"damage":0,"enemies":"Cultist","floor":3,"turns":3},{"damage":33,"enemies":"Lagavulin","floor":8,"turns":6},{"damage":0,"enemies":"Small Slimes","floor":10,"turns":2},{"damage":23,"enemies":"Gremlin Gang","floor":11,"turns":5},{"damage":20,"enemies":"Exordium Thugs","floor":13,"turns":5},{"damage":1,"enemies":"3 Louse","floor":14,"turns":2},{"damage":34,"enemies":"Slime Boss","floor":16,"turns":11},{"damage":18,"enemies":"3 Byrds","floor":18,"turns":6},{"damage":29,"enemies":"2 Thieves","floor":19,"turns":5},{"damage":16,"enemies":"3 Cultists","floor":20,"turns":4},{"damage":18,"enemies":"Centurion and Healer","floor":22,"turns":5},{"damage":9,"enemies":"Snake Plant","floor":25,"turns":3},{"damage":67,"enemies":"Gremlin Leader","floor":27,"turns":7},{"damage":28,"enemies":"Cultist and Chosen","floor":29,"turns":7},{"damage":21,"enemies":"Slaver and Parasite","floor":31,"turns":6},{"damage":44,"enemies":"Collector","floor":33,"turns":5}],"seed_played":"7146720428421762648","potions_obtained":[{"floor":1,"key":"LiquidBronze"},{"floor":3,"key":"GamblersBrew"},{"floor":13,"key":"FearPotion"},{"floor":14,"key":"Ancient Potion"},{"floor":19,"key":"Fire Potion"},{"floor":27,"key":"Poison Potion"},{"floor":31,"key":"FearPotion"}],"is_trial":true,"path_per_floor":["M","?","M","?","?","$","R","E","T","M","M","R","M","M","R","B",null,"M","M","M","$","M","R","?","M","T","E","?","M","$","M","R"],"character_chosen":"IRONCLAD","items_purchased":["Blood Vial","Caltrops","Lee\u0027s Waffle","Rampage","Stack","SkillPotion","SteroidPotion","Ancient Tea Set","Leap","Reinforced Body","Strength Potion","FairyPotion","Strength Potion"],"campfire_rested":5,"item_purchase_floors":[6,6,21,21,21,21,21,21,30,30,30,30,30],"current_hp_per_floor":[78,78,80,80,80,80,80,53,53,61,46,70,58,65,80,52,80,68,47,39,87,75,87,84,81,88,29,29,9,9,15,42,0],"gold":112,"neow_bonus":"","is_prod":false,"is_daily":false,"chose_seed":false,"campfire_upgraded":0,"win_rate":0,"timestamp":1532553605,"path_taken":["M","?","M","?","?","$","R","E","T","M","M","R","M","M","R","BOSS","M","M","M","$","M","R","?","M","T","E","?","M","$","M","R","BOSS"],"build_version":"2018-07-19v2","purchased_purges":2,"victory":false,"max_hp_per_floor":[80,80,80,80,80,80,80,80,80,80,80,80,80,80,80,80,80,80,80,80,87,87,87,84,84,91,91,91,91,91,91,91,91],"card_choices":[{"not_picked":["Reinforced Body","True Grit"],"picked":"Sweeping Beam","floor":1},{"not_picked":["Bloodletting","Bane"],"picked":"Storm","floor":3},{"not_picked":["Quick Slash","Rupture"],"picked":"Footwork","floor":8},{"not_picked":["Underhanded Strike","Hologram"],"picked":"Ball Lightning","floor":10},{"not_picked":["Cold Snap","Ball Lightning"],"picked":"After Image","floor":11},{"not_picked":["Wild Strike","Bloodletting"],"picked":"Warcry","floor":13},{"not_picked":["Darkness","Warcry"],"picked":"Tempest","floor":14},{"not_picked":["Rainbow","Amplify"],"picked":"A Thousand Cuts","floor":16},{"not_picked":["Searing Blow","Twin Strike"],"picked":"Dodge and Roll","floor":18},{"not_picked":["Shrug It Off+1","Warcry"],"picked":"White Noise+1","floor":19},{"not_picked":["Rip and Tear","After Image"],"picked":"Turbo","floor":20},{"not_picked":["Go for the Eyes","Melter"],"picked":"White Noise","floor":22},{"not_picked":["Accuracy","Intimidate"],"picked":"Uppercut+1","floor":23},{"not_picked":["Body Slam","Calculated Gamble"],"picked":"Barrage+1","floor":25},{"not_picked":["Undo","Cold Snap+1"],"picked":"Conserve Battery+1","floor":27},{"not_picked":["Bloodletting","Gash+1"],"picked":"Ghostly Armor+1","floor":29},{"not_picked":["Compile Driver+1","Underhanded Strike"],"picked":"Uppercut+1","floor":31},{"not_picked":["Dual Wield","Reprogram+1"],"picked":"Pommel Strike+1","floor":32}],"player_experience":102615,"relics_obtained":[{"floor":8,"key":"Red Skull"},{"floor":9,"key":"Orichalcum"},{"floor":17,"key":"Dream Catcher"},{"floor":17,"key":"Matryoshka"},{"floor":17,"key":"Ice Cream"},{"floor":26,"key":"Ornamental Fan"},{"floor":26,"key":"Strawberry"},{"floor":27,"key":"Champion Belt"}],"event_choices":[{"event_name":"Match and Keep!","player_choice":"3 cards matched","floor":2,"damage_taken":0},{"event_name":"Transmorgrifier","player_choice":"Transform","floor":4,"damage_taken":0},{"event_name":"Living Wall","player_choice":"Grow","floor":5,"damage_taken":0},{"event_name":"Back to Basics","player_choice":"Elegance","floor":24,"damage_taken":0},{"event_name":"Vampires","player_choice":"Ignored","floor":28,"damage_taken":0}],"is_beta":false,"boss_relics":[{"not_picked":["Velvet Choker","White Beast Statue"],"picked":"Calling Bell"}],"items_purged_floors":[21,30],"is_endless":true,"potions_floor_spawned":[1,3,13,14,19,27,31],"killed_by":"Collector","ascension_level":0}