{"gold_per_floor":[117,135,135,135,135,170,170,185,209,229,249,282,300,318,318,417,417,427,154,154,154,168,168,181,181,181,181,81,81,91,102,102,197,197,208,218,218,229,19,19,19,19],"floor_reached":43,"playtime":988,"items_purged":["Strike_R","Strike_R+1"],"score":670,"play_id":"5d0756f0-b69d-49c5-a1e3-cca88baec8fc","local_time":"20190415225123","is_ascension_mode":true,"campfire_choices":[{"data":"Spot Weakness","floor":7.0,"key":"SMITH"},{"data":"Searing Blow","floor":15.0,"key":"SMITH"},{"data":"Searing Blow+1","floor":23.0,"key":"SMITH"},{"data":"Searing Blow+2","floor":25.0,"key":"SMITH"},{"data":"Searing Blow+3","floor":27.0,"key":"SMITH"},{"data":"Searing Blow+4","floor":29.0,"key":"SMITH"},{"data":"Searing Blow+5","floor":32.0,"key":"SMITH"},{"data":"Searing Blow+6","floor":40.0,"key":"SMITH"}],"neow_cost":"NONE","seed_source_timestamp":51918819338100,"circlet_count":0,"master_deck":["Strike_R+1","Strike_R+1","Strike_R+1","Defend_R+1","Defend_R+1","Defend_R+1","Defend_R+1","Bash","Spot Weakness+1","Twin Strike","Pain","Pummel","Power Through","Reaper","Searing Blow+7","Twin Strike","Bludgeon","Spot Weakness+1"],"special_seed":0,"relics":["Sozu","Anchor","WarpedTongs","Lantern","Blood Vial","WingedGreaves","Philosopher\u0027s Stone","Medical Kit","Art of War","Snecko Eye","ClockworkSouvenir"],"potions_floor_usage":[],"damage_taken":[{"damage":1.0,"enemies":"2 Louse","floor":1.0,"turns":2.0},{"damage":3.0,"enemies":"Small Slimes","floor":2.0,"turns":3.0},{"damage":17.0,"enemies":"Gremlin Nob","floor":6.0,"turns":3.0},{"damage":2.0,"enemies":"Cultist","floor":8.0,"turns":2.0},{"damage":10.0,"enemies":"2 Fungi Beasts","floor":10.0,"turns":4.0},{"damage":12.0,"enemies":"Exordium Thugs","floor":11.0,"turns":4.0},{"damage":19.0,"enemies":"Lagavulin","floor":12.0,"turns":6.0},{"damage":3.0,"enemies":"Blue Slaver","floor":13.0,"turns":3.0},{"damage":4.0,"enemies":"2 Fungi Beasts","floor":14.0,"turns":2.0},{"damage":35.0,"enemies":"Hexaghost","floor":16.0,"turns":7.0},{"damage":11.0,"enemies":"Spheric Guardian","floor":18.0,"turns":4.0},{"damage":4.0,"enemies":"Chosen","floor":22.0,"turns":3.0},{"damage":17.0,"enemies":"Snake Plant","floor":24.0,"turns":2.0},{"damage":13.0,"enemies":"3 Cultists","floor":30.0,"turns":5.0},{"damage":9.0,"enemies":"Cultist and Chosen","floor":31.0,"turns":3.0},{"damage":67.0,"enemies":"Automaton","floor":33.0,"turns":10.0},{"damage":23.0,"enemies":"3 Darklings","floor":35.0,"turns":3.0},{"damage":3.0,"enemies":"Orb Walker","floor":36.0,"turns":2.0},{"damage":7.0,"enemies":"Transient","floor":38.0,"turns":5.0},{"damage":60,"enemies":"Awakened One","floor":42,"turns":8}],"seed_played":"-8954390523807287627","potions_obtained":[],"is_trial":false,"path_per_floor":["M","M","?","?","?","E","R","M","T","M","M","E","M","M","R","B",null,"M","$","?","?","M","R","M","R","T","R","$","R","M","M","R","B",null,"M","M","?","M","$","R","?","B",null],"character_chosen":"IRONCLAD","items_purchased":["Medical Kit","ClockworkSouvenir"],"campfire_rested":0,"item_purchase_floors":[19,39],"current_hp_per_floor":[79,76,76,69,69,52,52,50,50,42,45,28,27,34,34,7,80,69,69,69,61,71,71,56,56,56,56,56,56,50,61,61,5,80,57,56,56,59,59,59,59,32],"gold":19,"neow_bonus":"BOSS_RELIC","is_prod":false,"is_daily":false,"chose_seed":false,"campfire_upgraded":8,"win_rate":0,"timestamp":1555383083,"path_taken":["M","M","?","?","?","E","R","M","T","M","?","E","M","M","R","BOSS","M","$","?","?","M","R","M","R","T","R","$","R","?","M","R","BOSS","M","M","?","M","$","R","?","BOSS"],"build_version":"2019-01-23","purchased_purges":2,"victory":true,"max_hp_per_floor":[80,80,80,80,80,80,80,80,80,80,80,80,80,80,80,80,80,80,80,80,80,80,80,80,80,80,80,80,80,80,80,80,80,80,80,80,80,80,80,80,80,80],"card_choices":[{"not_picked":["Pummel","Flame Barrier"],"picked":"Spot Weakness","floor":1.0},{"not_picked":["True Grit","Flex"],"picked":"Twin Strike","floor":2.0},{"not_picked":["Flex","Iron Wave"],"picked":"Pummel","floor":6.0},{"not_picked":["Havoc","Clothesline"],"picked":"Power Through","floor":8.0},{"not_picked":["Shrug It Off","Thunderclap"],"picked":"Reaper","floor":10.0},{"not_picked":["Shrug It Off","Wild Strike"],"picked":"Searing Blow","floor":11.0},{"not_picked":["Armaments","Rampage"],"picked":"Twin Strike","floor":12.0},{"not_picked":["Heavy Blade","Brutality","Twin Strike"],"picked":"SKIP","floor":13.0},{"not_picked":["True Grit","Clash","Iron Wave"],"picked":"SKIP","floor":14.0},{"not_picked":["Brutality","Reaper"],"picked":"Bludgeon","floor":16.0},{"not_picked":["Anger","Armaments","Power Through"],"picked":"SKIP","floor":18.0},{"not_picked":["Havoc","Shrug It Off","Flex"],"picked":"SKIP","floor":22.0},{"not_picked":["Metallicize","Iron Wave","Clothesline+1"],"picked":"SKIP","floor":24.0},{"not_picked":["Corruption","Perfected Strike"],"picked":"Spot Weakness+1","floor":30.0},{"not_picked":["Perfected Strike","Heavy Blade","Reckless Charge"],"picked":"SKIP","floor":31.0},{"not_picked":["Fire Breathing","Entrench+1","Twin Strike"],"picked":"SKIP","floor":35.0},{"not_picked":["Second Wind","Thunderclap+1","Armaments+1"],"picked":"SKIP","floor":36.0},{"not_picked":["Warcry+1","Clash","Twin Strike+1"],"picked":"SKIP","floor":38.0}],"player_experience":676152,"relics_obtained":[{"floor":6.0,"key":"Lantern"},{"floor":9.0,"key":"Blood Vial"},{"floor":12.0,"key":"WingedGreaves"},{"floor":26.0,"key":"Art of War"}],"event_choices":[{"damage_healed":0.0,"max_hp_gain":0.0,"max_hp_loss":0.0,"gold_gain":0.0,"event_name":"Big Fish","player_choice":"Box","floor":3.0,"gold_loss":0.0,"damage_taken":0.0,"relics_obtained":["Anchor"],"cards_obtained":["Regret"]},{"cards_removed":["Regret"],"damage_healed":0.0,"max_hp_gain":0.0,"max_hp_loss":0.0,"gold_gain":0.0,"event_name":"Golden Wing","player_choice":"Card Removal","floor":4.0,"gold_loss":0.0,"damage_taken":7.0},{"damage_healed":0.0,"max_hp_gain":0.0,"max_hp_loss":0.0,"gold_gain":0.0,"event_name":"Accursed Blacksmith","player_choice":"Rummage","floor":5.0,"gold_loss":0.0,"damage_taken":0.0,"relics_obtained":["WarpedTongs"],"cards_obtained":["Pain"]},{"damage_healed":0.0,"max_hp_gain":0.0,"max_hp_loss":0.0,"gold_gain":0.0,"event_name":"Back to Basics","player_choice":"Simplicity","floor":20.0,"gold_loss":0.0,"damage_taken":0.0,"cards_upgraded":["Strike_R","Strike_R","Strike_R","Strike_R","Defend_R","Defend_R","Defend_R","Defend_R"]},{"damage_healed":0.0,"max_hp_gain":0.0,"max_hp_loss":0.0,"gold_gain":0.0,"event_name":"Wheel of Change","player_choice":"Damaged","floor":21.0,"gold_loss":0.0,"damage_taken":8.0},{"damage_healed":0.0,"max_hp_gain":0.0,"max_hp_loss":0.0,"gold_gain":0.0,"event_name":"Mysterious Sphere","player_choice":"Ignored","floor":37.0,"gold_loss":0.0,"damage_taken":0.0},{"damage_healed":0.0,"max_hp_gain":0.0,"max_hp_loss":0.0,"gold_gain":0.0,"event_name":"SecretPortal","player_choice":"Took Portal","floor":41.0,"gold_loss":0.0,"damage_taken":0.0}],"is_beta":false,"boss_relics":[{"not_picked":["Tiny House","Velvet Choker"],"picked":"Philosopher\u0027s Stone"},{"not_picked":["Empty Cage","Runic Dome"],"picked":"Snecko Eye"}],"items_purged_floors":[19,28],"is_endless":false,"potions_floor_spawned":[1,10,12,16,18,33,36],"ascension_level":1}