{"gold_per_floor":[20,32,32,43,58,58,20,35,83,94,13,26,38,50,50,154,154,173,173,173,183,193,193,193],"floor_reached":24,"playtime":729,"items_purged":[],"score":194,"play_id":"639f663e-932c-41ba-87aa-bcfbc3d834e2","local_time":"20180907210211","is_ascension_mode":false,"campfire_choices":[{"floor":6,"key":"REST"},{"floor":15,"key":"REST"},{"floor":23,"key":"REST"}],"neow_cost":"NO_GOLD","seed_source_timestamp":1692235769317856,"circlet_count":0,"master_deck":["Strike_B","Strike_B","Strike_B","Strike_B","Defend_B","Defend_B","Defend_B","Defend_B","Zap","Dualcast","Seek","Ball Lightning","Conserve Battery","Rip and Tear","Compile Driver","Defragment","Conserve Battery","Turbo","Tempest","Steam","Streamline","BootSequence","Multi-Cast","Coolheaded","Steam","Beam Cell+1"],"relics":["Cracked Core","Bag of Marbles","Inserter","MutagenicStrength"],"potions_floor_usage":[14,18,21,21],"damage_taken":[{"damage":8,"enemies":"Jaw Worm","floor":1,"turns":3},{"damage":8,"enemies":"2 Louse","floor":2,"turns":2},{"damage":7,"enemies":"Small Slimes","floor":4,"turns":2},{"damage":12,"enemies":"Exordium Wildlife","floor":5,"turns":3},{"damage":14,"enemies":"2 Fungi Beasts","floor":8,"turns":3},{"damage":18,"enemies":"Exordium Thugs","floor":10,"turns":3},{"damage":13,"enemies":"Lots of Slimes","floor":12,"turns":2},{"damage":0,"enemies":"3 Louse","floor":13,"turns":3},{"damage":0,"enemies":"2 Fungi Beasts","floor":14,"turns":2},{"damage":23,"enemies":"Slime Boss","floor":16,"turns":9},{"damage":40,"enemies":"Shell Parasite","floor":18,"turns":7},{"damage":20,"enemies":"Spheric Guardian","floor":21,"turns":4},{"damage":10,"enemies":"Snecko","floor":22,"turns":4},{"damage":38,"enemies":"Gremlin Leader","floor":24,"turns":3}],"seed_played":"2683202635086875733","potions_obtained":[{"floor":8,"key":"Weak Potion"},{"floor":10,"key":"AttackPotion"},{"floor":14,"key":"PowerPotion"},{"floor":16,"key":"Regen Potion"}],"is_trial":false,"path_per_floor":["M","M","?","M","M","R","$","M","T","M","$","M","M","M","R","B",null,"M","?","?","M","M","R"],"character_chosen":"DEFECT","items_purchased":["Defragment","Tempest"],"campfire_rested":3,"item_purchase_floors":[7,11],"current_hp_per_floor":[67,59,59,52,40,62,62,48,48,30,30,17,17,17,39,16,75,35,35,35,20,10,32,0],"gold":193,"neow_bonus":"THREE_RARE_CARDS","is_prod":false,"is_daily":false,"chose_seed":false,"campfire_upgraded":0,"win_rate":0,"timestamp":1536346931,"path_taken":["M","M","?","M","M","R","$","M","T","M","$","M","M","M","R","BOSS","M","?","?","?","M","R","E"],"build_version":"2018-09-06","purchased_purges":0,"victory":false,"max_hp_per_floor":[75,75,75,75,75,75,75,75,75,75,75,75,75,75,75,75,75,75,75,75,75,75,75,75],"card_choices":[{"not_picked":["Reboot","All For One"],"picked":"Seek","floor":0},{"not_picked":["Beam Cell","Rebound"],"picked":"Ball Lightning","floor":1},{"not_picked":["Streamline","Scrape"],"picked":"Conserve Battery","floor":2},{"not_picked":["Sunder","Ball Lightning"],"picked":"Rip and Tear","floor":4},{"not_picked":["Chaos","Barrage"],"picked":"Compile Driver","floor":5},{"not_picked":["Steam","Lockon"],"picked":"Conserve Battery","floor":8},{"not_picked":["Gash","Sweeping Beam"],"picked":"Turbo","floor":10},{"not_picked":["Streamline","Scrape"],"picked":"Steam","floor":12},{"not_picked":["Steam","Turbo"],"picked":"Streamline","floor":13},{"not_picked":["Hello World","Auto Shields"],"picked":"BootSequence","floor":14},{"not_picked":["Reboot","Biased Cognition"],"picked":"Multi-Cast","floor":16},{"not_picked":["Cold Snap","Fusion"],"picked":"Coolheaded","floor":18},{"not_picked":["Turbo","Gash"],"picked":"Steam","floor":21},{"not_picked":["Defragment","Gash"],"picked":"Beam Cell+1","floor":22}],"player_experience":235408,"relics_obtained":[{"floor":9,"key":"Bag of Marbles"}],"event_choices":[{"event_name":"The Cleric","player_choice":"Leave","floor":3,"damage_taken":0},{"event_name":"Drug Dealer","player_choice":"Inject Mutagens","floor":19,"damage_taken":0},{"event_name":"Ghosts","player_choice":"Ignored","floor":20,"damage_taken":0}],"is_beta":false,"boss_relics":[{"not_picked":["Coffee Dripper","Snecko Eye"],"picked":"Inserter"}],"items_purged_floors":[],"is_endless":false,"potions_floor_spawned":[8,10,14,16],"killed_by":"Gremlin Leader","ascension_level":0}