{"gold_per_floor":[117,33,33,49,65,95,95,113,113,113,113,113,113,142,142,142],"floor_reached":16,"playtime":1112,"items_purged":[],"score":151,"play_id":"25dd763e-38af-4022-9262-f333c45559c2","local_time":"20180925162202","is_ascension_mode":true,"campfire_choices":[{"data":"Choke","floor":7,"key":"SMITH"},{"floor":12,"key":"REST"},{"floor":15,"key":"REST"}],"neow_cost":"CURSE","seed_source_timestamp":144959359280092,"circlet_count":0,"master_deck":["Defend_G","Defend_G","Defend_G","Defend_G","Defend_G","Strike_G","Strike_G+1","Strike_G","Strike_G","Strike_G","Survivor","Neutralize","Injury","Choke+1","Dash+1","Cloak And Dagger+1","Backflip","Dagger Spray","Finisher"],"special_seed":0,"relics":["Ring of the Snake","Juzu Bracelet","Anchor","Toxic Egg 2","Lantern","Whetstone"],"potions_floor_usage":[6],"damage_taken":[{"damage":3,"enemies":"2 Louse","floor":1,"turns":4},{"damage":0,"enemies":"Jaw Worm","floor":4,"turns":3},{"damage":0,"enemies":"Cultist","floor":5,"turns":4},{"damage":31,"enemies":"Lagavulin","floor":6,"turns":7},{"damage":1,"enemies":"Looter","floor":8,"turns":3},{"damage":33,"enemies":"Gremlin Nob","floor":14,"turns":5},{"damage":48,"enemies":"Hexaghost","floor":16,"turns":13}],"seed_played":"8490815385371738549","potions_obtained":[{"floor":4,"key":"FearPotion"},{"floor":6,"key":"LiquidBronze"},{"floor":14,"key":"Poison Potion"}],"is_trial":false,"path_per_floor":["M","$","?","M","M","E","R","M","T","?","?","R","?","E","R"],"character_chosen":"THE_SILENT","items_purchased":["Dash","Cloak And Dagger"],"campfire_rested":2,"item_purchase_floors":[2,2],"current_hp_per_floor":[74,74,74,74,74,43,43,42,42,30,30,55,55,22,47,0],"gold":142,"neow_bonus":"TWENTY_PERCENT_HP_BONUS","is_prod":false,"is_daily":false,"chose_seed":false,"campfire_upgraded":1,"win_rate":0,"timestamp":1537906922,"path_taken":["M","$","?","M","M","E","R","M","T","?","?","R","?","E","R","BOSS"],"build_version":"2018-09-20","purchased_purges":0,"victory":false,"max_hp_per_floor":[84,84,84,84,84,84,84,84,84,84,84,84,84,84,84,84],"card_choices":[{"not_picked":["Tactician","Sucker Punch"],"picked":"Choke","floor":1},{"not_picked":["Outmaneuver","Sucker Punch","Calculated Gamble"],"picked":"SKIP","floor":4},{"not_picked":["Bane","Acrobatics"],"picked":"Backflip","floor":5},{"not_picked":["Outmaneuver","Dodge and Roll"],"picked":"Dagger Spray","floor":6},{"not_picked":["Skewer","Bane","Outmaneuver"],"picked":"SKIP","floor":8},{"not_picked":["Acrobatics+1","Underhanded Strike"],"picked":"Finisher","floor":14}],"player_experience":294219,"relics_obtained":[{"floor":6,"key":"Juzu Bracelet"},{"floor":9,"key":"Anchor"},{"floor":14,"key":"Whetstone"}],"event_choices":[{"event_name":"Living Wall","player_choice":"Grow","floor":3,"damage_taken":0},{"event_name":"Scrap Ooze","player_choice":"success","floor":10,"damage_taken":12},{"event_name":"Dead Adventurer","player_choice":"Searched \u00271\u0027 times","floor":11,"damage_taken":0},{"event_name":"Liars Game","player_choice":"disagreed","floor":13,"damage_taken":0}],"is_beta":false,"boss_relics":[],"items_purged_floors":[],"is_endless":false,"potions_floor_spawned":[4,6,14],"killed_by":"Hexaghost","ascension_level":8}