{"gold_per_floor":[118,135,149,164,174,174,201,218,218,143,143,157,173,173,173,274,274,293,306,333,333,348,348,366,366],"floor_reached":25,"playtime":1942,"items_purged":["Strike_B"],"score":209,"play_id":"c9364e8e-e0ff-4596-bf52-d315fdeaef53","local_time":"20190123213114","is_ascension_mode":false,"campfire_choices":[{"data":"Consume","floor":6,"key":"SMITH"},{"data":"Conserve Battery","floor":11,"key":"SMITH"},{"floor":15,"key":"REST"},{"floor":23,"key":"REST"}],"neow_cost":"NONE","seed_source_timestamp":1216572797356900,"circlet_count":0,"master_deck":["Strike_B","Strike_B","Strike_B","Defend_B","Defend_B","Defend_B","Defend_B","Zap","Dualcast","Consume+1","Electrodynamics","Conserve Battery+1","Redo+1","All For One","Leap+1","Lockon+1","Conserve Battery"],"relics":["Cracked Core","Pantograph","Ornamental Fan","Inserter","Oddly Smooth Stone"],"potions_floor_usage":[16],"damage_taken":[{"damage":11,"enemies":"Jaw Worm","floor":1,"turns":2},{"damage":6,"enemies":"Cultist","floor":2,"turns":4},{"damage":4,"enemies":"Small Slimes","floor":3,"turns":4},{"damage":3,"enemies":"2 Fungi Beasts","floor":4,"turns":4},{"damage":10,"enemies":"Looter","floor":5,"turns":4},{"damage":16,"enemies":"Lagavulin","floor":7,"turns":5},{"damage":9,"enemies":"3 Louse","floor":8,"turns":3},{"damage":15,"enemies":"Exordium Thugs","floor":12,"turns":3},{"damage":0,"enemies":"Large Slime","floor":13,"turns":4},{"damage":32,"enemies":"Hexaghost","floor":16,"turns":9},{"damage":22,"enemies":"2 Thieves","floor":18,"turns":4},{"damage":17,"enemies":"Spheric Guardian","floor":19,"turns":5},{"damage":26,"enemies":"Snecko","floor":22,"turns":5},{"damage":19,"enemies":"Cultist and Chosen","floor":24,"turns":5},{"damage":14,"enemies":"Centurion and Healer","floor":25,"turns":1}],"seed_played":"5956045994147774901","potions_obtained":[{"floor":1,"key":"LiquidBronze"},{"floor":4,"key":"GamblersBrew"},{"floor":7,"key":"Strength Potion"},{"floor":13,"key":"FocusPotion"},{"floor":24,"key":"Fire Potion"}],"is_trial":false,"path_per_floor":["M","M","M","M","M","R","E","M","T","$","R","M","M","?","R","B",null,"M","M","T","?","M","R","M","M"],"character_chosen":"DEFECT","items_purchased":[],"campfire_rested":2,"item_purchase_floors":[],"current_hp_per_floor":[64,58,54,51,41,41,25,16,16,16,16,1,1,1,23,16,75,53,36,36,36,10,32,13,0],"gold":366,"neow_bonus":"THREE_CARDS","is_prod":false,"is_daily":false,"chose_seed":false,"campfire_upgraded":2,"win_rate":0.0,"timestamp":1548275474,"path_taken":["M","M","M","M","M","R","E","M","T","$","R","M","M","?","R","BOSS","M","?","?","?","M","R","M","M"],"build_version":"2019-01-23","purchased_purges":1,"victory":false,"max_hp_per_floor":[75,75,75,75,75,75,75,75,75,75,75,75,75,75,75,75,75,75,75,75,75,75,75,75,75],"card_choices":[{"not_picked":["Beam Cell","Storm"],"picked":"Consume","floor":0},{"not_picked":["Stack","Compile Driver","Self Repair"],"picked":"SKIP","floor":1},{"not_picked":["Stack","Gash","Coolheaded"],"picked":"SKIP","floor":2},{"not_picked":["Stack","Turbo","Compile Driver"],"picked":"SKIP","floor":3},{"not_picked":["Chaos","Redo"],"picked":"Electrodynamics","floor":4},{"not_picked":["Stack","Hologram","Cold Snap"],"picked":"SKIP","floor":5},{"not_picked":["Hologram","Lockon"],"picked":"Conserve Battery","floor":7},{"not_picked":["Stack","Reinforced Body"],"picked":"Redo","floor":8},{"not_picked":["Heatsinks","Steam","Rebound"],"picked":"SKIP","floor":12},{"not_picked":["Cold Snap","FTL","Steam"],"picked":"SKIP","floor":13},{"not_picked":["Creative AI","Reboot"],"picked":"All For One","floor":16},{"not_picked":["Reprogram","Steam Power","Steam"],"picked":"SKIP","floor":18},{"not_picked":["Gash","BootSequence"],"picked":"Leap+1","floor":19},{"not_picked":["Barrage+1","Beam Cell"],"picked":"Lockon+1","floor":22},{"not_picked":["Beam Cell","Streamline"],"picked":"Conserve Battery","floor":24}],"player_experience":64856,"relics_obtained":[{"floor":7,"key":"Pantograph"},{"floor":9,"key":"Ornamental Fan"},{"floor":20,"key":"Oddly Smooth Stone"}],"event_choices":[{"damage_healed":0,"gold_gain":0,"player_choice":"Forge","damage_taken":0,"max_hp_gain":0,"max_hp_loss":0,"event_name":"Accursed Blacksmith","floor":14,"gold_loss":0,"cards_upgraded":["Redo"]},{"damage_healed":0,"gold_gain":0,"player_choice":"Ignored","damage_taken":0,"max_hp_gain":0,"max_hp_loss":0,"event_name":"Cursed Tome","floor":21,"gold_loss":0}],"is_beta":false,"boss_relics":[{"not_picked":["Lizard Tail","Coffee Dripper"],"picked":"Inserter"}],"items_purged_floors":[10],"is_endless":false,"potions_floor_spawned":[1,4,7,13,24],"killed_by":"Centurion and Healer","ascension_level":0}