{"gold_per_floor":[111,127,141,141,158,158,188,188,188,213,232,7,18,49,49,145,145,156,174,31,31,47,82,82,96,164,164,194,38,38,55,55,153,153,164,215,229,243,243,243,277,291,291,325,336,362,90,90,90,90],"floor_reached":51,"playtime":4079,"items_purged":[],"score":1015,"play_id":"0f2ebbf1-c1c0-401b-a1a5-45082fd717a6","local_time":"20180904125134","is_ascension_mode":true,"campfire_choices":[{"data":"Zap","floor":6.0,"key":"SMITH"},{"floor":8.0,"key":"REST"},{"floor":15.0,"key":"REST"},{"floor":24.0,"key":"REST"},{"floor":32.0,"key":"DIG"},{"floor":40.0,"key":"DIG"},{"floor":49.0,"key":"REST"}],"neow_cost":"PERCENT_DAMAGE","seed_source_timestamp":677643794819843,"circlet_count":0,"master_deck":["Strike_B+1","Strike_B+1","Strike_B+1","Strike_B+1","Defend_B+1","Defend_B+1","Defend_B+1","Defend_B+1","Zap+1","Dualcast+1","Loop","Gash","Melter","FTL","Hologram","Echo Form+1","Gash","Self Repair+1","Defragment+1","Turbo","Buffer+1","Gash","Gash","Ball Lightning","Fusion+1","Self Repair+1","Scrape+1","All For One","Biased Cognition+1","Redo+1","Undo+1","Defragment+1","Secret Technique","Panache+1","Madness","Leap+1","Coolheaded","Chill+1","Amplify","Conserve Battery","Hello World+1"],"special_seed":0,"relics":["Cracked Core","Happy Flower","Omamori","Frozen Egg 2","Anchor","Orichalcum","Fusion Hammer","War Paint","Bag of Marbles","Mercury Hourglass","Darkstone Periapt","Shovel","Letter Opener","Nuclear Battery","Gambling Chip","Meat on the Bone","Turnip","Kunai","Blood Vial","Oddly Smooth Stone","TheAbacus"],"potions_floor_usage":[50,50],"damage_taken":[{"damage":0.0,"enemies":"Cultist","floor":1.0,"turns":3.0},{"damage":0.0,"enemies":"2 Louse","floor":2.0,"turns":2.0},{"damage":2.0,"enemies":"Small Slimes","floor":3.0,"turns":3.0},{"damage":3.0,"enemies":"Red Slaver","floor":5.0,"turns":3.0},{"damage":20.0,"enemies":"Lagavulin","floor":7.0,"turns":6.0},{"damage":17.0,"enemies":"3 Sentries","floor":10.0,"turns":7.0},{"damage":5.0,"enemies":"3 Louse","floor":11.0,"turns":2.0},{"damage":6.0,"enemies":"Blue Slaver","floor":13.0,"turns":3.0},{"damage":20.0,"enemies":"Lagavulin","floor":14.0,"turns":6.0},{"damage":6.0,"enemies":"The Guardian","floor":16.0,"turns":7.0},{"damage":11.0,"enemies":"Shell Parasite","floor":18.0,"turns":5.0},{"damage":0.0,"enemies":"Chosen","floor":19.0,"turns":4.0},{"damage":0.0,"enemies":"Centurion and Healer","floor":22.0,"turns":7.0},{"damage":46.0,"enemies":"Slavers","floor":23.0,"turns":6.0},{"damage":4.0,"enemies":"Snecko","floor":25.0,"turns":5.0},{"damage":20.0,"enemies":"Gremlin Leader","floor":28.0,"turns":6.0},{"damage":2.0,"enemies":"Chosen and Byrds","floor":31.0,"turns":3.0},{"damage":23.0,"enemies":"Champ","floor":33.0,"turns":7.0},{"damage":2.0,"enemies":"3 Shapes","floor":35.0,"turns":3.0},{"damage":43.0,"enemies":"Mysterious Sphere","floor":36.0,"turns":5.0},{"damage":28.0,"enemies":"3 Darklings","floor":37.0,"turns":4.0},{"damage":0.0,"enemies":"4 Shapes","floor":38.0,"turns":4.0},{"damage":44.0,"enemies":"Giant Head","floor":41.0,"turns":8.0},{"damage":41.0,"enemies":"Spire Growth","floor":42.0,"turns":5.0},{"damage":0.0,"enemies":"Nemesis","floor":44.0,"turns":1.0},{"damage":12.0,"enemies":"3 Darklings","floor":45.0,"turns":2.0},{"damage":45.0,"enemies":"2 Orb Walkers","floor":46.0,"turns":6.0},{"damage":22,"enemies":"Awakened One","floor":50,"turns":9}],"seed_played":"4507128244239584975","potions_obtained":[{"floor":1.0,"key":"SteroidPotion"},{"floor":2.0,"key":"SkillPotion"},{"floor":10.0,"key":"EssenceOfSteel"},{"floor":11.0,"key":"Ancient Potion"},{"floor":19.0,"key":"Ancient Potion"},{"floor":22.0,"key":"SpeedPotion"},{"floor":25.0,"key":"EssenceOfSteel"},{"floor":28.0,"key":"Fire Potion"},{"floor":36.0,"key":"SteroidPotion"},{"floor":37.0,"key":"SteroidPotion"},{"floor":45.0,"key":"SteroidPotion"},{"floor":46.0,"key":"SteroidPotion"}],"is_trial":false,"path_per_floor":["M","M","M","?","M","R","E","R","T","E","M","$","M","E","R","B",null,"M","M","$","?","M","E","R","M","T","?","E","$","?","M","R","B",null,"M","?","M","M","?","R","E","M","T","E","M","E","$","?","R","B"],"character_chosen":"DEFECT","items_purchased":["Anchor","Self Repair+1","War Paint","All For One","Conserve Battery","TheAbacus","Hello World+1"],"campfire_rested":4,"item_purchase_floors":[12,12,20,29,47,47,47],"current_hp_per_floor":[65,65,63,63,60,60,40,66,66,49,44,44,38,28,54,58,81,80,89,89,89,89,53,79,85,85,85,85,85,85,89,89,86,88,86,63,55,75,65,65,43,44,44,56,66,55,55,55,81,61],"gold":90,"neow_bonus":"TWENTY_PERCENT_HP_BONUS","is_prod":false,"is_daily":false,"chose_seed":false,"campfire_upgraded":1,"win_rate":0,"timestamp":1536079894,"path_taken":["M","M","?","?","?","R","E","R","T","E","M","$","M","E","R","BOSS","M","M","$","?","M","E","R","M","T","?","E","$","?","?","R","BOSS","M","?","?","M","?","R","E","M","T","E","M","E","$","?","R","BOSS"],"build_version":"2018-08-30","purchased_purges":0,"victory":true,"max_hp_per_floor":[89,89,89,89,89,89,89,89,89,89,89,89,89,89,89,89,89,89,89,89,89,89,89,89,89,89,89,89,89,89,89,89,89,89,89,89,89,89,89,89,89,89,89,89,89,89,89,89,89,89],"card_choices":[{"not_picked":["Barrage","Scrape"],"picked":"Loop","floor":1.0},{"not_picked":["Redo","Go for the Eyes"],"picked":"Gash","floor":2.0},{"not_picked":["Stack","Coolheaded"],"picked":"Melter","floor":3.0},{"not_picked":["Beam Cell","Conserve Battery"],"picked":"FTL","floor":5.0},{"not_picked":["Streamline","Static Discharge"],"picked":"Hologram","floor":7.0},{"not_picked":["Self Repair","Rip and Tear"],"picked":"Echo Form","floor":10.0},{"not_picked":["Skim","Compile Driver"],"picked":"Gash","floor":11.0},{"not_picked":["Rebound","Storm+1"],"picked":"Defragment+1","floor":13.0},{"not_picked":["Rip and Tear","Compile Driver"],"picked":"Turbo","floor":14.0},{"not_picked":["Rainbow","Core Surge"],"picked":"Buffer+1","floor":16.0},{"not_picked":["Static Discharge+1","Hologram"],"picked":"Gash","floor":18.0},{"not_picked":["Redo","Beam Cell","Barrage"],"picked":"SKIP","floor":19.0},{"not_picked":["Self Repair+1","Reprogram"],"picked":"Gash","floor":22.0},{"not_picked":["Go for the Eyes","Melter"],"picked":"Ball Lightning","floor":23.0},{"not_picked":["Conserve Battery","BootSequence"],"picked":"Fusion+1","floor":25.0},{"not_picked":["Lockon","Beam Cell"],"picked":"Scrape+1","floor":28.0},{"not_picked":["Steam Power+1","Auto Shields","White Noise"],"picked":"SKIP","floor":31.0},{"not_picked":["Multi-Cast","Electrodynamics+1"],"picked":"Biased Cognition+1","floor":33.0},{"not_picked":["Conserve Battery+1","Chaos+1"],"picked":"Redo+1","floor":35.0},{"not_picked":["Steam","Reprogram"],"picked":"Undo+1","floor":36.0},{"not_picked":["Sweeping Beam","Cold Snap","Blizzard"],"picked":"SKIP","floor":37.0},{"not_picked":["Sweeping Beam","Turbo+1"],"picked":"Defragment+1","floor":38.0},{"not_picked":["Trip","Dramatic Entrance"],"picked":"Secret Technique","floor":39.0},{"not_picked":["Discovery","Mayhem+1"],"picked":"Panache+1","floor":39.0},{"not_picked":["PanicButton","Mind Blast"],"picked":"Madness","floor":39.0},{"not_picked":["Force Field","Auto Shields+1"],"picked":"Self Repair+1","floor":41.0},{"not_picked":["Ball Lightning","Cold Snap+1"],"picked":"Leap+1","floor":42.0},{"not_picked":["Turbo","Fusion"],"picked":"Coolheaded","floor":44.0},{"not_picked":["Ball Lightning+1","Coolheaded+1"],"picked":"Chill+1","floor":45.0},{"not_picked":["Sweeping Beam","Coolheaded+1"],"picked":"Amplify","floor":46.0}],"player_experience":226211,"relics_obtained":[{"floor":7.0,"key":"Happy Flower"},{"floor":9.0,"key":"Omamori"},{"floor":10.0,"key":"Frozen Egg 2"},{"floor":14.0,"key":"Orichalcum"},{"floor":23.0,"key":"Bag of Marbles"},{"floor":26.0,"key":"Mercury Hourglass"},{"floor":28.0,"key":"Darkstone Periapt"},{"floor":32.0,"key":"Letter Opener"},{"floor":36.0,"key":"Gambling Chip"},{"floor":40.0,"key":"Meat on the Bone"},{"floor":41.0,"key":"Turnip"},{"floor":43.0,"key":"Kunai"},{"floor":44.0,"key":"Blood Vial"},{"floor":46.0,"key":"Oddly Smooth Stone"}],"event_choices":[{"event_name":"Liars Game","player_choice":"disagreed","floor":4.0,"damage_taken":0.0},{"event_name":"Back to Basics","player_choice":"Simplicity","floor":21.0,"damage_taken":0.0},{"event_name":"The Library","player_choice":"Read","floor":27.0,"damage_taken":0.0},{"event_name":"WeMeetAgain","player_choice":"Potion","floor":30.0,"damage_taken":0.0},{"event_name":"Mysterious Sphere","player_choice":"Fight","floor":36.0,"damage_taken":0.0},{"event_name":"SensoryStone","player_choice":"Memory 3","floor":39.0,"damage_taken":0.0},{"event_name":"Falling","player_choice":"Removed Power","floor":48.0,"damage_taken":0.0}],"is_beta":false,"boss_relics":[{"not_picked":["FrozenCore","Black Star"],"picked":"Fusion Hammer"},{"not_picked":["Sozu","Snecko Eye"],"picked":"Nuclear Battery"}],"items_purged_floors":[],"is_endless":false,"potions_floor_spawned":[1,2,10,11,19,22,25,28,36,37,45,46],"ascension_level":5}