{"gold_per_floor":[113,136,146,160,172,201,213,107,107,135,147,172,184,220,232,317,329,356,35,45,45,57,57,75,95,95,105,105,119,154,79,79,156,206,216,232,232,8,8,8,24,24,72,83,83,83,100,118,118,118],"floor_reached":51,"playtime":3086,"items_purged":["Strike_B"],"score":1309,"play_id":"ec258270-0571-402b-901d-bb6756b3a212","local_time":"20190209165212","is_ascension_mode":true,"campfire_choices":[{"data":"Streamline","floor":15.0,"key":"SMITH"},{"floor":23.0,"key":"REST"},{"floor":28.0,"key":"REST"},{"floor":32.0,"key":"REST"},{"data":"Dualcast","floor":40.0,"key":"SMITH"},{"floor":42.0,"key":"REST"},{"floor":45.0,"key":"REST"},{"floor":49.0,"key":"REST"}],"neow_cost":"TEN_PERCENT_HP_LOSS","seed_source_timestamp":0,"circlet_count":0,"master_deck":["AscendersBane","Strike_B","Defend_B","Defend_B","Defend_B","Defend_B","Zap+1","Dualcast+1","Ball Lightning","Auto Shields","Streamline+1","Conserve Battery","Gash","Go for the Eyes","Gash","Ball Lightning+1","Echo Form","Beam Cell+1","Scrape+1","Gash+1","Rebound+1","Multi-Cast","Core Surge+1","Gash+1","Genetic Algorithm","Go for the Eyes+1","Glacier","Steam+1","Steam Power","Stack","Gash+1","Scrape+1","Beam Cell+1","All For One+1","Biased Cognition","Gash+1","Glacier","Turbo","Good Instincts","Stack","Conserve Battery","Blind","Madness","Dark Shackles","Stack+1","Coolheaded"],"special_seed":0,"relics":["Cracked Core","Incense Burner","Juzu Bracelet","Dodecahedron","Molten Egg 2","MawBank","Odd Mushroom","Orrery","Bronze Scales","Regal Pillow","Kunai","DataDisk","Tiny House","Omamori"],"potions_floor_usage":[50,50],"damage_taken":[{"damage":1.0,"enemies":"Cultist","floor":1.0,"turns":4.0},{"damage":1.0,"enemies":"2 Louse","floor":3.0,"turns":2.0},{"damage":10.0,"enemies":"Small Slimes","floor":4.0,"turns":3.0},{"damage":3.0,"enemies":"Blue Slaver","floor":5.0,"turns":3.0},{"damage":10.0,"enemies":"3 Sentries","floor":6.0,"turns":6.0},{"damage":1.0,"enemies":"3 Louse","floor":7.0,"turns":4.0},{"damage":7.0,"enemies":"Gremlin Nob","floor":10.0,"turns":4.0},{"damage":0.0,"enemies":"2 Fungi Beasts","floor":12.0,"turns":2.0},{"damage":2.0,"enemies":"The Mushroom Lair","floor":14.0,"turns":3.0},{"damage":12.0,"enemies":"Hexaghost","floor":16.0,"turns":6.0},{"damage":21.0,"enemies":"Shell Parasite","floor":18.0,"turns":4.0},{"damage":27.0,"enemies":"Chosen","floor":20.0,"turns":4.0},{"damage":0.0,"enemies":"Centurion and Healer","floor":22.0,"turns":8.0},{"damage":0.0,"enemies":"Cultist and Chosen","floor":24.0,"turns":6.0},{"damage":16.0,"enemies":"Snake Plant","floor":25.0,"turns":4.0},{"damage":0.0,"enemies":"Chosen and Byrds","floor":27.0,"turns":5.0},{"damage":1.0,"enemies":"Centurion and Healer","floor":29.0,"turns":5.0},{"damage":43.0,"enemies":"Book of Stabbing","floor":30.0,"turns":4.0},{"damage":34.0,"enemies":"Automaton","floor":33.0,"turns":7.0},{"damage":11.0,"enemies":"Orb Walker","floor":35.0,"turns":3.0},{"damage":5.0,"enemies":"3 Shapes","floor":36.0,"turns":4.0},{"damage":9.0,"enemies":"Spire Growth","floor":41.0,"turns":6.0},{"damage":33.0,"enemies":"3 Darklings","floor":44.0,"turns":5.0},{"damage":10.0,"enemies":"Transient","floor":47.0,"turns":6.0},{"damage":27.0,"enemies":"Spire Growth","floor":48.0,"turns":5.0},{"damage":53,"enemies":"Time Eater","floor":50,"turns":15}],"seed_played":"-9171669026984426173","potions_obtained":[{"floor":3.0,"key":"AttackPotion"},{"floor":5.0,"key":"Strength Potion"},{"floor":6.0,"key":"LiquidBronze"},{"floor":10.0,"key":"Energy Potion"},{"floor":20.0,"key":"Dexterity Potion"},{"floor":22.0,"key":"Poison Potion"},{"floor":30.0,"key":"GamblersBrew"},{"floor":33.0,"key":"Ancient Potion"},{"floor":34.0,"key":"Block Potion"},{"floor":47.0,"key":"Poison Potion"},{"floor":48.0,"key":"Fire Potion"}],"is_trial":false,"path_per_floor":["M","T","M","M","M","E","M","$","T","E","?","M","?","?","R","B",null,"M","$","M","?","M","R","M","M","T","M","R","M","E","?","R","B",null,"M","M","?","$","?","R","M","R","T","M","R","?","M","M","R","B",null],"character_chosen":"DEFECT","items_purchased":["Gash","Block Potion","Bronze Scales","Regal Pillow","Turbo","Good Instincts"],"campfire_rested":6,"item_purchase_floors":[8,8,19,19,38,38],"current_hp_per_floor":[63,63,62,52,49,39,38,38,38,31,31,31,24,22,22,10,51,30,30,3,16,16,50,50,34,34,34,64,63,20,20,54,20,58,47,42,42,42,42,42,33,68,68,35,69,59,49,22,57,4],"gold":118,"neow_bonus":"ONE_RARE_RELIC","is_prod":false,"is_daily":false,"chose_seed":false,"campfire_upgraded":2,"win_rate":0,"timestamp":1549749132,"path_taken":["M","?","M","M","M","E","M","?","T","E","?","M","?","?","R","BOSS","M","$","M","?","M","R","M","M","T","M","R","M","E","?","R","BOSS","M","M","?","$","?","R","M","R","T","M","R","?","M","M","R","BOSS"],"build_version":"2019-01-23","purchased_purges":1,"victory":true,"max_hp_per_floor":[64,64,64,64,64,64,64,64,64,64,64,64,64,64,64,64,64,64,64,64,64,64,64,64,64,64,64,64,64,64,64,64,64,69,69,69,69,69,69,69,69,69,69,69,69,69,69,69,69,69],"card_choices":[{"not_picked":["Steam","Cold Snap"],"picked":"Ball Lightning","floor":1.0},{"not_picked":["Steam","Ball Lightning"],"picked":"Auto Shields","floor":3.0},{"not_picked":["Lockon","Compile Driver"],"picked":"Streamline","floor":4.0},{"not_picked":["Heatsinks","Hologram"],"picked":"Conserve Battery","floor":5.0},{"not_picked":["Leap","Loop"],"picked":"Gash","floor":6.0},{"not_picked":["Redo","Meteor Strike"],"picked":"Go for the Eyes","floor":7.0},{"not_picked":["Redo","Heatsinks"],"picked":"Ball Lightning+1","floor":10.0},{"not_picked":["Consume","Turbo"],"picked":"Gash+1","floor":12.0},{"not_picked":["Lockon+1","Redo"],"picked":"Rebound+1","floor":14.0},{"not_picked":["Echo Form","Creative AI"],"picked":"Multi-Cast","floor":16.0},{"not_picked":["Coolheaded","Streamline+1"],"picked":"Core Surge+1","floor":17.0},{"not_picked":["Auto Shields","Rebound+1"],"picked":"Gash+1","floor":17.0},{"not_picked":["Steam","Barrage+1"],"picked":"Genetic Algorithm","floor":17.0},{"not_picked":["Defragment","Barrage+1"],"picked":"Go for the Eyes+1","floor":17.0},{"not_picked":["Force Field","Streamline+1"],"picked":"Glacier","floor":17.0},{"not_picked":["Consume","Stack","Barrage+1"],"picked":"SKIP","floor":18.0},{"not_picked":["Conserve Battery","Scrape+1"],"picked":"Steam+1","floor":20.0},{"not_picked":["Streamline+1","Static Discharge"],"picked":"Steam Power","floor":22.0},{"not_picked":["Sweeping Beam+1","Barrage+1"],"picked":"Stack","floor":24.0},{"not_picked":["Capacitor","Coolheaded"],"picked":"Gash+1","floor":25.0},{"not_picked":["Sweeping Beam+1","Beam Cell+1"],"picked":"Scrape+1","floor":27.0},{"not_picked":["FTL+1","Thunder Strike+1"],"picked":"Beam Cell+1","floor":29.0},{"not_picked":["Reprogram+1","Redo"],"picked":"All For One+1","floor":30.0},{"not_picked":["Amplify","Fission"],"picked":"Biased Cognition","floor":33.0},{"not_picked":["Lockon+1","Redo"],"picked":"Gash+1","floor":35.0},{"not_picked":["Genetic Algorithm","Go for the Eyes+1"],"picked":"Glacier","floor":36.0},{"not_picked":["Sweeping Beam+1","Lockon+1"],"picked":"Stack","floor":41.0},{"not_picked":["Aggregate+1","Auto Shields"],"picked":"Conserve Battery","floor":44.0},{"not_picked":["Transmutation","Magnetism"],"picked":"Blind","floor":46.0},{"not_picked":["Discovery","Blind"],"picked":"Madness","floor":46.0},{"not_picked":["Purity","Bandage Up"],"picked":"Dark Shackles","floor":46.0},{"not_picked":["Go for the Eyes+1","Leap"],"picked":"Stack+1","floor":47.0},{"not_picked":["Chaos","Hello World"],"picked":"Coolheaded","floor":48.0}],"player_experience":643501,"relics_obtained":[{"floor":2.0,"key":"Juzu Bracelet"},{"floor":6.0,"key":"Dodecahedron"},{"floor":9.0,"key":"Molten Egg 2"},{"floor":10.0,"key":"MawBank"},{"floor":14.0,"key":"Odd Mushroom"},{"floor":26.0,"key":"Kunai"},{"floor":30.0,"key":"DataDisk"},{"floor":43.0,"key":"Omamori"}],"event_choices":[{"damage_healed":0.0,"max_hp_gain":0.0,"max_hp_loss":0.0,"gold_gain":0.0,"event_name":"Match and Keep!","player_choice":"3 cards matched","floor":11.0,"gold_loss":0.0,"damage_taken":0.0,"cards_obtained":["Echo Form","Beam Cell","Scrape"]},{"cards_removed":["Strike_B"],"damage_healed":0.0,"max_hp_gain":0.0,"max_hp_loss":0.0,"gold_gain":0.0,"event_name":"Golden Wing","player_choice":"Card Removal","floor":13.0,"gold_loss":0.0,"damage_taken":7.0},{"damage_healed":0.0,"max_hp_gain":0.0,"max_hp_loss":0.0,"gold_gain":0.0,"event_name":"Mushrooms","player_choice":"Fought Mushrooms","floor":14.0,"gold_loss":0.0,"damage_taken":0.0},{"damage_healed":13.0,"max_hp_gain":0.0,"max_hp_loss":0.0,"gold_gain":0.0,"event_name":"The Library","player_choice":"Heal","floor":21.0,"gold_loss":0.0,"damage_taken":0.0},{"cards_removed":["Strike_B"],"damage_healed":0.0,"max_hp_gain":0.0,"max_hp_loss":0.0,"gold_gain":0.0,"event_name":"Beggar","player_choice":"Gave Gold","floor":31.0,"gold_loss":75.0,"damage_taken":0.0},{"damage_healed":0.0,"max_hp_gain":0.0,"max_hp_loss":0.0,"gold_gain":0.0,"event_name":"WeMeetAgain","player_choice":"Ignored","floor":37.0,"gold_loss":0.0,"damage_taken":0.0},{"damage_healed":0.0,"max_hp_gain":0.0,"max_hp_loss":0.0,"gold_gain":0.0,"event_name":"Mysterious Sphere","player_choice":"Ignored","floor":39.0,"gold_loss":0.0,"damage_taken":0.0},{"damage_healed":0.0,"max_hp_gain":0.0,"max_hp_loss":0.0,"gold_gain":0.0,"event_name":"SensoryStone","player_choice":"Memory 3","floor":46.0,"gold_loss":0.0,"damage_taken":10.0}],"is_beta":false,"boss_relics":[{"not_picked":["FrozenCore","Inserter"],"picked":"Orrery"},{"not_picked":["Snecko Eye","White Beast Statue"],"picked":"Tiny House"}],"items_purged_floors":[38],"is_endless":false,"potions_floor_spawned":[3,5,6,10,12,20,22,30,33,35,47,48],"ascension_level":19}