{"gold_per_floor":[112,125,140,159,174,174,137,148,148,4,4,4,20,36,36,139,139,157,175,175,175,189,189,189,27,27,27,37,37,37,37,37,138,138,150,0,14,14,14,39,39],"floor_reached":41,"playtime":2725,"items_purged":[],"score":413,"play_id":"c41cf212-9a27-46b1-98a7-95f9b74485cf","local_time":"20180703200554","is_ascension_mode":false,"campfire_choices":[{"floor":6,"key":"REST"},{"data":"Hello World","floor":12,"key":"SMITH"},{"data":"Chill","floor":15,"key":"SMITH"},{"floor":23,"key":"REST"},{"floor":27,"key":"REST"},{"floor":29,"key":"REST"},{"floor":32,"key":"REST"}],"neow_cost":"","seed_source_timestamp":1122581947300775,"circlet_count":0,"master_deck":["Strike_B","Strike_B","Strike_B","Strike_B","Defend_B","Defend_B","Defend_B","Zap","Dualcast","Chill+1","Go for the Eyes","Sweeping Beam","Rebound","Aggregate","Hello World+1","Barrage","FTL","Hologram","Regret","Static Discharge","Echo Form","Redo+1","Melter+1","RitualDagger","Fusion","Doom and Gloom","Conserve Battery","Loop","Scrape+1","Recycle","Buffer","Coolheaded","BootSequence+1","Barrage"],"relics":["Cracked Core","Pantograph","Fusion Hammer","Nloth\u0027s Gift","Toolbox","Nuclear Battery","Red Mask","Bag of Preparation"],"potions_floor_usage":[16,22,33,40,41],"damage_taken":[{"damage":1,"enemies":"Cultist","floor":1,"turns":4},{"damage":4,"enemies":"2 Louse","floor":2,"turns":4},{"damage":5,"enemies":"Small Slimes","floor":3,"turns":3},{"damage":10,"enemies":"Gremlin Gang","floor":4,"turns":4},{"damage":7,"enemies":"Looter","floor":5,"turns":3},{"damage":3,"enemies":"3 Louse","floor":8,"turns":3},{"damage":3,"enemies":"Large Slime","floor":13,"turns":5},{"damage":5,"enemies":"Exordium Thugs","floor":14,"turns":4},{"damage":33,"enemies":"Slime Boss","floor":16,"turns":11},{"damage":22,"enemies":"Spheric Guardian","floor":18,"turns":4},{"damage":2,"enemies":"3 Byrds","floor":19,"turns":4},{"damage":18,"enemies":"Snake Plant","floor":22,"turns":4},{"damage":30,"enemies":"Cultist and Chosen","floor":28,"turns":6},{"damage":57,"enemies":"Collector","floor":33,"turns":11},{"damage":12,"enemies":"3 Shapes","floor":35,"turns":2},{"damage":4,"enemies":"Orb Walker","floor":37,"turns":4},{"damage":46,"enemies":"2 Orb Walkers","floor":40,"turns":6},{"damage":44,"enemies":"Maw","floor":41,"turns":7}],"seed_played":"-8313156676862423627","potions_obtained":[{"floor":2,"key":"SteroidPotion"},{"floor":3,"key":"EssenceOfSteel"},{"floor":8,"key":"Dexterity Potion"},{"floor":18,"key":"FocusPotion"},{"floor":35,"key":"Swift Potion"}],"is_trial":false,"path_per_floor":["M","M","M","M","M","R","?","M","T","$","?","R","M","M","R","B",null,"M","M","?","?","M","R","?","$","T","R","M","R","?","?","R","B",null,"M","?","M","$","?","E"],"character_chosen":"DEFECT","items_purchased":["Barrage","FTL","Hologram","Doom and Gloom","Conserve Battery","Loop"],"campfire_rested":5,"item_purchase_floors":[10,10,10,25,25,25],"current_hp_per_floor":[74,70,65,55,48,70,70,67,67,67,67,67,64,59,59,42,75,53,51,51,45,27,49,49,49,49,71,41,63,63,63,75,18,75,63,63,59,59,85,39,0],"gold":39,"neow_bonus":"","is_prod":false,"is_daily":false,"chose_seed":false,"campfire_upgraded":2,"win_rate":0,"timestamp":1530641154,"path_taken":["M","M","?","?","M","R","?","M","T","$","?","R","M","M","R","BOSS","M","M","?","?","M","R","?","?","T","R","M","R","?","?","R","BOSS","M","?","M","$","?","E","M"],"build_version":"2018-06-28","purchased_purges":0,"victory":false,"max_hp_per_floor":[75,75,75,75,75,75,75,75,75,75,75,75,75,75,75,75,75,75,75,75,75,75,75,75,75,75,75,75,75,75,75,75,75,75,75,75,75,75,85,85,85],"card_choices":[{"not_picked":["Sweeping Beam","Streamline"],"picked":"Chill","floor":1},{"not_picked":["Storm","Defragment"],"picked":"Go for the Eyes","floor":2},{"not_picked":["Chill","Coolheaded"],"picked":"Sweeping Beam","floor":3},{"not_picked":["Self Repair","Recycle"],"picked":"Rebound","floor":4},{"not_picked":["Redo","Sweeping Beam"],"picked":"Aggregate","floor":5},{"not_picked":["Streamline","Reinforced Body"],"picked":"Hello World","floor":8},{"not_picked":["Barrage","Steam"],"picked":"Static Discharge","floor":13},{"not_picked":["Coolheaded","Self Repair"],"picked":"Echo Form","floor":14},{"not_picked":["Biased Cognition","Reboot"],"picked":"Seek","floor":16},{"not_picked":["Cold Snap","Gash"],"picked":"Redo+1","floor":18},{"not_picked":["Steam Power","Stack+1"],"picked":"Melter+1","floor":19},{"not_picked":["Skim","Echo Form"],"picked":"Fusion","floor":22},{"not_picked":["Coolheaded","Blizzard"],"picked":"Scrape+1","floor":28},{"not_picked":["Seek","Amplify"],"picked":"Buffer","floor":33},{"not_picked":["Fission","Reinforced Body"],"picked":"Coolheaded","floor":35},{"not_picked":["Leap","Doom and Gloom+1"],"picked":"BootSequence+1","floor":37},{"not_picked":["Cold Snap","Fusion"],"picked":"Barrage","floor":40}],"player_experience":41856,"relics_obtained":[{"floor":9,"key":"Pantograph"},{"floor":26,"key":"Toolbox"},{"floor":40,"key":"Bag of Preparation"}],"event_choices":[{"event_name":"World of Goop","player_choice":"Left","floor":7,"damage_taken":0},{"event_name":"Big Fish","player_choice":"Box","floor":11,"damage_taken":0},{"event_name":"N\u0027loth","player_choice":"Traded a Boot","floor":20,"damage_taken":0},{"event_name":"Nest","player_choice":"Joined the Cult","floor":21,"damage_taken":0},{"event_name":"Beggar","player_choice":"Ignored","floor":24,"damage_taken":0},{"event_name":"Addict","player_choice":"Ignored","floor":30,"damage_taken":0},{"event_name":"Transmorgrifier","player_choice":"Transform","floor":31,"damage_taken":0},{"event_name":"Tomb of Lord Red Mask","player_choice":"Paid","floor":36,"damage_taken":0},{"event_name":"Bonfire Elementals","player_choice":"RARE","floor":39,"damage_taken":0}],"boss_relics":[{"not_picked":["Sozu","Velvet Choker"],"picked":"Fusion Hammer"},{"not_picked":["Inserter","Lizard Tail"],"picked":"Nuclear Battery"}],"items_purged_floors":[],"is_endless":false,"potions_floor_spawned":[2,3,8,18,19,35],"killed_by":"Maw","ascension_level":0}