{"gold_per_floor":[117,131,150,163,182,215,230,249,249,263,292,292,292,292,292,417,417,435,454,467,488,506,537,17,17,40,81,101,101,115,115,115,115],"floor_reached":33,"playtime":1563,"items_purged":["Injury"],"score":403,"play_id":"c14f23cc-f400-4c86-9e25-05211ea0555c","local_time":"20180814232243","is_ascension_mode":true,"campfire_choices":[{"floor":12.0,"key":"REST"},{"floor":15.0,"key":"REST"},{"floor":25.0,"key":"REST"},{"data":"Perfected Strike","floor":29.0,"key":"SMITH"},{"floor":32.0,"key":"REST"}],"neow_cost":"TEN_PERCENT_HP_LOSS","seed_source_timestamp":363693984954146,"circlet_count":0,"master_deck":["Strike_R","Strike_R","Strike_R","Strike_R","Strike_R","Defend_R+1","Bash","Fire Breathing","Twin Strike","Metallicize","Wild Strike","Anger","Shockwave","Shrug It Off+1","Twin Strike+1","Wild Strike","Iron Wave","Uppercut+1","Feel No Pain","Dropkick","Iron Wave","Demon Form","Infernal Blade","Reaper","Seeing Red+1","Sentinel+1","Double Tap+1","Thunderclap","Heavy Blade+1","Pommel Strike+1","Pommel Strike+1","Wild Strike","Clash","Feed","Clash","Armaments+1","Uppercut","Inflame","Metallicize","Blood for Blood+1","Perfected Strike+1","Second Wind+1","Rage"],"special_seed":0,"relics":["Burning Blood","Prayer Wheel","Happy Flower","Whetstone","Strawberry","Golden Idol","Astrolabe","Orichalcum","War Paint","Potion Belt","Omamori","Bottled Tornado"],"potions_floor_usage":[],"damage_taken":[{"damage":11.0,"enemies":"Cultist","floor":1.0,"turns":4.0},{"damage":7.0,"enemies":"Small Slimes","floor":2.0,"turns":3.0},{"damage":22.0,"enemies":"Jaw Worm","floor":3.0,"turns":4.0},{"damage":0.0,"enemies":"Large Slime","floor":4.0,"turns":5.0},{"damage":6.0,"enemies":"Looter","floor":5.0,"turns":4.0},{"damage":26.0,"enemies":"Lagavulin","floor":6.0,"turns":8.0},{"damage":5.0,"enemies":"Exordium Thugs","floor":7.0,"turns":4.0},{"damage":6.0,"enemies":"3 Louse","floor":8.0,"turns":3.0},{"damage":16.0,"enemies":"Blue Slaver","floor":10.0,"turns":3.0},{"damage":31.0,"enemies":"Gremlin Nob","floor":11.0,"turns":5.0},{"damage":0.0,"enemies":"3 Sentries","floor":13.0,"turns":1.0},{"damage":30.0,"enemies":"Hexaghost","floor":16.0,"turns":6.0},{"damage":23.0,"enemies":"2 Thieves","floor":18.0,"turns":3.0},{"damage":4.0,"enemies":"3 Byrds","floor":19.0,"turns":5.0},{"damage":20.0,"enemies":"3 Cultists","floor":20.0,"turns":4.0},{"damage":21.0,"enemies":"Snake Plant","floor":21.0,"turns":4.0},{"damage":33.0,"enemies":"Sentry and Sphere","floor":22.0,"turns":4.0},{"damage":27.0,"enemies":"Gremlin Leader","floor":23.0,"turns":4.0},{"damage":17.0,"enemies":"Slavers","floor":27.0,"turns":6.0},{"damage":18.0,"enemies":"Snecko","floor":28.0,"turns":5.0},{"damage":25.0,"enemies":"Centurion and Healer","floor":30.0,"turns":4.0},{"damage":62,"enemies":"Automaton","floor":33,"turns":8}],"seed_played":"-2189301832218206427","potions_obtained":[{"floor":1.0,"key":"SmokeBomb"},{"floor":2.0,"key":"Weak Potion"},{"floor":3.0,"key":"Fruit Juice"},{"floor":4.0,"key":"Ancient Potion"},{"floor":8.0,"key":"Block Potion"},{"floor":18.0,"key":"PowerPotion"},{"floor":19.0,"key":"FearPotion"},{"floor":20.0,"key":"SkillPotion"}],"is_trial":false,"path_per_floor":["M","M","M","M","M","E","M","M","T","M","E","R","E","?","R","B",null,"M","M","M","M","M","E","$","R","T","E","M","R","M","?","R"],"character_chosen":"IRONCLAD","items_purchased":["War Paint","Block Potion","Energy Potion","Inflame","Potion Belt"],"campfire_rested":4,"item_purchase_floors":[24,24,24,24,24],"current_hp_per_floor":[67,66,50,61,61,41,42,42,42,32,14,39,45,45,70,46,84,67,84,70,55,28,19,19,44,44,36,42,42,23,23,50,0],"gold":115,"neow_bonus":"ONE_RARE_RELIC","is_prod":false,"is_daily":false,"chose_seed":false,"campfire_upgraded":1,"win_rate":0,"timestamp":1534303363,"path_taken":["M","M","M","M","M","E","?","M","T","M","E","R","E","?","R","BOSS","M","M","?","M","M","E","$","R","T","E","M","R","M","?","R","BOSS"],"build_version":"2018-08-09","purchased_purges":1,"victory":false,"max_hp_per_floor":[72,72,72,77,77,77,77,77,77,77,84,84,84,84,84,84,84,84,84,84,84,84,84,84,84,84,87,90,90,90,90,90,90],"card_choices":[{"not_picked":["Carnage","Evolve"],"picked":"Fire Breathing","floor":1.0},{"not_picked":["Flex","True Grit"],"picked":"Twin Strike","floor":1.0},{"not_picked":["Clash","Reckless Charge"],"picked":"Metallicize","floor":2.0},{"not_picked":["Dropkick","Uppercut"],"picked":"Wild Strike","floor":2.0},{"not_picked":["Battle Trance","Metallicize"],"picked":"Anger","floor":3.0},{"not_picked":["Second Wind","Battle Trance","Havoc"],"picked":"SKIP","floor":3.0},{"not_picked":["Flex","Iron Wave"],"picked":"Shockwave","floor":4.0},{"not_picked":["Sword Boomerang","Havoc"],"picked":"Shrug It Off","floor":4.0},{"not_picked":["Armaments","Bloodletting"],"picked":"Twin Strike","floor":5.0},{"not_picked":["Anger","Offering"],"picked":"Wild Strike","floor":5.0},{"not_picked":["Searing Blow","Flex"],"picked":"Iron Wave","floor":6.0},{"not_picked":["Havoc","Cleave"],"picked":"Uppercut","floor":7.0},{"not_picked":["Havoc","Feel No Pain","Fire Breathing"],"picked":"SKIP","floor":7.0},{"not_picked":["Havoc","Fire Breathing"],"picked":"Feel No Pain","floor":7.0},{"not_picked":["Body Slam","Pommel Strike"],"picked":"Dropkick","floor":8.0},{"not_picked":["Rage","Entrench"],"picked":"Iron Wave","floor":8.0},{"not_picked":["Cleave","Heavy Blade"],"picked":"Demon Form","floor":10.0},{"not_picked":["Sentinel","Evolve","Heavy Blade"],"picked":"SKIP","floor":10.0},{"not_picked":["Sentinel","Evolve","Heavy Blade"],"picked":"SKIP","floor":10.0},{"not_picked":["True Grit","Whirlwind"],"picked":"Infernal Blade","floor":11.0},{"not_picked":["Demon Form","Fiend Fire"],"picked":"Reaper","floor":16.0},{"not_picked":["Twin Strike","Heavy Blade"],"picked":"Thunderclap","floor":18.0},{"not_picked":["Body Slam","Rampage"],"picked":"Heavy Blade+1","floor":18.0},{"not_picked":["Burning Pact","Sword Boomerang"],"picked":"Pommel Strike+1","floor":19.0},{"not_picked":["True Grit","Heavy Blade+1"],"picked":"Pommel Strike+1","floor":19.0},{"not_picked":["Headbutt","Body Slam"],"picked":"Wild Strike","floor":20.0},{"not_picked":["Iron Wave","Sword Boomerang","Entrench"],"picked":"SKIP","floor":20.0},{"not_picked":["Ghostly Armor","Evolve"],"picked":"Clash","floor":21.0},{"not_picked":["Warcry","True Grit"],"picked":"Feed","floor":21.0},{"not_picked":["Body Slam","Armaments"],"picked":"Clash","floor":22.0},{"not_picked":["Sword Boomerang","Searing Blow"],"picked":"Armaments+1","floor":22.0},{"not_picked":["Rupture","Reckless Charge+1"],"picked":"Uppercut","floor":23.0},{"not_picked":["Disarm","Warcry"],"picked":"Metallicize","floor":27.0},{"not_picked":["Flex","Heavy Blade"],"picked":"Blood for Blood+1","floor":28.0},{"not_picked":["Clash","Iron Wave"],"picked":"Perfected Strike","floor":28.0},{"not_picked":["Disarm+1","Sever Soul"],"picked":"Second Wind+1","floor":30.0},{"not_picked":["Iron Wave","Havoc"],"picked":"Rage","floor":30.0}],"player_experience":192200,"relics_obtained":[{"floor":6.0,"key":"Happy Flower"},{"floor":9.0,"key":"Whetstone"},{"floor":11.0,"key":"Strawberry"},{"floor":23.0,"key":"Orichalcum"},{"floor":26.0,"key":"Omamori"},{"floor":27.0,"key":"Bottled Tornado"}],"event_choices":[{"event_name":"Golden Idol","player_choice":"Take Wound","floor":14.0,"damage_taken":0.0},{"event_name":"FaceTrader","player_choice":"Leave","floor":31.0,"damage_taken":0.0}],"is_beta":false,"boss_relics":[{"not_picked":["Empty Cage","Runic Pyramid"],"picked":"Astrolabe"}],"items_purged_floors":[24],"is_endless":false,"potions_floor_spawned":[1,2,3,4,8,13,18,19,20],"killed_by":"Automaton","ascension_level":4}