{"gold_per_floor":[112,126,142,161,17,17,36,52,52,68,68,24,41,54,54,155,155,169,92,102,120,132,132,166,182,228,37,37,56,68,68,68,167,167,178,195,214,225,238,238,16,16,62,73,83,101,101,113,113,113],"floor_reached":51,"playtime":3591,"items_purged":[],"score":675,"play_id":"fc4544cd-5077-435c-98bc-fa5e2420b29d","local_time":"20180706184613","is_ascension_mode":false,"campfire_choices":[{"floor":6,"key":"REST"},{"floor":15,"key":"REST"},{"floor":23,"key":"REST"},{"floor":32,"key":"REST"},{"floor":40,"key":"REST"},{"data":"J.A.X.","floor":42,"key":"SMITH"},{"floor":47,"key":"REST"},{"floor":49,"key":"REST"}],"neow_cost":"NONE","seed_source_timestamp":202359094075743,"circlet_count":0,"master_deck":["Strike_B","Strike_B","Strike_B","Strike_B","Defend_B","Defend_B","Defend_B","Defend_B","Zap","Dualcast","Genetic Algorithm","Sweeping Beam","Echo Form","Coolheaded","Rainbow","Sweeping Beam","Tempest","Fusion","Glacier","Streamline","Creative AI","Steam","J.A.X.+1","Coolheaded+1","Cold Snap","Defragment","Leap","Rebound","Streamline","Coolheaded+1","Fission","Skim","Double Energy","Redo+1","Reinforced Body","Conserve Battery","Loop","Turbo","Bandage Up","Auto Shields","Steam","Melter","Barrage+1"],"relics":["Runic Dome","Letter Opener","Meat on the Bone","Busted Crown","Bottled Lightning","Bronze Scales","Lee\u0027s Waffle","Enchiridion","Nuclear Battery","Lantern"],"potions_floor_usage":[4,16,20,22,24,24,24,33,36,44,44,45,50],"damage_taken":[{"damage":1,"enemies":"Cultist","floor":1,"turns":4},{"damage":4,"enemies":"2 Louse","floor":2,"turns":3},{"damage":1,"enemies":"Jaw Worm","floor":3,"turns":3},{"damage":8,"enemies":"Lots of Slimes","floor":4,"turns":3},{"damage":0,"enemies":"Large Slime","floor":7,"turns":4},{"damage":10,"enemies":"3 Louse","floor":8,"turns":3},{"damage":1,"enemies":"Red Slaver","floor":10,"turns":3},{"damage":12,"enemies":"Blue Slaver","floor":13,"turns":3},{"damage":1,"enemies":"3 Louse","floor":14,"turns":3},{"damage":23,"enemies":"Slime Boss","floor":16,"turns":7},{"damage":22,"enemies":"2 Thieves","floor":18,"turns":4},{"damage":8,"enemies":"Chosen","floor":20,"turns":4},{"damage":3,"enemies":"Snecko","floor":21,"turns":4},{"damage":19,"enemies":"Sentry and Sphere","floor":22,"turns":5},{"damage":17,"enemies":"Slavers","floor":24,"turns":3},{"damage":16,"enemies":"Centurion and Healer","floor":25,"turns":5},{"damage":35,"enemies":"Snake Plant","floor":29,"turns":4},{"damage":6,"enemies":"Snecko","floor":30,"turns":5},{"damage":17,"enemies":"Automaton","floor":33,"turns":10},{"damage":8,"enemies":"3 Shapes","floor":35,"turns":4},{"damage":15,"enemies":"3 Darklings","floor":36,"turns":4},{"damage":12,"enemies":"Maw","floor":37,"turns":8},{"damage":9,"enemies":"4 Shapes","floor":38,"turns":2},{"damage":9,"enemies":"3 Darklings","floor":39,"turns":4},{"damage":15,"enemies":"Maw","floor":44,"turns":7},{"damage":24,"enemies":"Sphere and 2 Shapes","floor":45,"turns":6},{"damage":13,"enemies":"3 Darklings","floor":46,"turns":7},{"damage":14,"enemies":"4 Shapes","floor":48,"turns":5},{"damage":51,"enemies":"Donu and Deca","floor":50,"turns":8}],"seed_played":"4958757909151571230","potions_obtained":[{"floor":2,"key":"PowerPotion"},{"floor":10,"key":"Ancient Potion"},{"floor":13,"key":"Energy Potion"},{"floor":14,"key":"FearPotion"},{"floor":20,"key":"FocusPotion"},{"floor":21,"key":"PowerPotion"},{"floor":22,"key":"FocusPotion"},{"floor":29,"key":"EssenceOfSteel"},{"floor":33,"key":"FearPotion"},{"floor":35,"key":"Fruit Juice"},{"floor":36,"key":"SkillPotion"},{"floor":39,"key":"Regen Potion"},{"floor":44,"key":"PowerPotion"},{"floor":46,"key":"AttackPotion"}],"is_trial":false,"path_per_floor":["M","M","M","M","$","R","M","M","T","M","?","?","M","M","R","B",null,"M","?","M","M","M","R","E","M","T","$","?","M","M","?","R","B",null,"M","M","M","M","M","R","$","R","T","M","M","M","R","M","R","B"],"character_chosen":"DEFECT","items_purchased":["Rainbow","Lee\u0027s Waffle","Loop","Turbo","Bandage Up"],"campfire_rested":7,"item_purchase_floors":[5,27,41,41,41],"current_hp_per_floor":[74,70,69,61,61,75,75,65,65,64,57,57,45,44,66,43,75,53,53,45,42,35,57,40,36,36,82,82,47,53,37,61,44,82,74,64,52,55,46,72,72,72,72,76,60,51,77,63,87,52],"gold":113,"neow_bonus":"BOSS_RELIC","is_prod":false,"is_daily":false,"chose_seed":false,"campfire_upgraded":1,"win_rate":0,"timestamp":1530895573,"path_taken":["M","?","M","M","$","R","M","M","T","M","?","?","M","M","R","BOSS","M","?","?","M","M","R","E","M","T","?","?","?","M","?","R","BOSS","M","M","M","M","M","R","$","R","T","M","?","M","R","M","R","BOSS"],"build_version":"2018-07-05","purchased_purges":0,"victory":true,"max_hp_per_floor":[75,75,75,75,75,75,75,75,75,75,75,75,75,75,75,75,75,75,75,75,75,75,75,75,75,75,82,82,82,82,82,82,82,82,82,87,87,87,87,87,87,87,87,87,87,87,87,87,87,87],"card_choices":[{"not_picked":["Beam Cell","Redo"],"picked":"Genetic Algorithm","floor":1},{"not_picked":["Turbo","Coolheaded"],"picked":"Sweeping Beam","floor":2},{"not_picked":["Rebound","Go for the Eyes"],"picked":"Echo Form","floor":3},{"not_picked":["Reprogram","Barrage"],"picked":"Coolheaded","floor":4},{"not_picked":["Conserve Battery","Lockon"],"picked":"Sweeping Beam","floor":7},{"not_picked":["Coolheaded","Leap"],"picked":"Tempest","floor":8},{"not_picked":["Double Energy","Force Field"],"picked":"Fusion","floor":10},{"not_picked":["Chaos","Beam Cell"],"picked":"Glacier","floor":13},{"not_picked":["Barrage","Chill"],"picked":"Streamline","floor":14},{"not_picked":["Fission","Core Surge"],"picked":"Creative AI","floor":16},{"not_picked":[],"picked":"Steam","floor":18},{"not_picked":[],"picked":"Coolheaded+1","floor":20},{"not_picked":[],"picked":"Cold Snap","floor":21},{"not_picked":[],"picked":"Defragment","floor":22},{"not_picked":[],"picked":"Leap","floor":24},{"not_picked":[],"picked":"Rebound","floor":25},{"not_picked":[],"picked":"Streamline","floor":29},{"not_picked":[],"picked":"Coolheaded+1","floor":30},{"not_picked":[],"picked":"Fission","floor":33},{"not_picked":[],"picked":"Skim","floor":35},{"not_picked":[],"picked":"Double Energy","floor":36},{"not_picked":[],"picked":"Redo+1","floor":37},{"not_picked":[],"picked":"Reinforced Body","floor":38},{"not_picked":[],"picked":"Conserve Battery","floor":39},{"not_picked":[],"picked":"Auto Shields","floor":44},{"not_picked":[],"picked":"Steam","floor":45},{"not_picked":[],"picked":"Melter","floor":46},{"not_picked":[],"picked":"Barrage+1","floor":48}],"player_experience":63760,"relics_obtained":[{"floor":9,"key":"Letter Opener"},{"floor":24,"key":"Bottled Lightning"},{"floor":26,"key":"Bronze Scales"},{"floor":31,"key":"Enchiridion"},{"floor":43,"key":"Lantern"}],"event_choices":[{"event_name":"Scrap Ooze","player_choice":"success","floor":11,"damage_taken":7},{"event_name":"World of Goop","player_choice":"Left","floor":12,"damage_taken":0},{"event_name":"Drug Dealer","player_choice":"Got JAXXED","floor":19,"damage_taken":0},{"event_name":"Beggar","player_choice":"Ignored","floor":28,"damage_taken":0},{"event_name":"Cursed Tome","player_choice":"Obtained Book","floor":31,"damage_taken":0}],"boss_relics":[{"not_picked":["Empty Cage","Coffee Dripper"],"picked":"Busted Crown"},{"not_picked":["Cursed Key","Philosopher\u0027s Stone"],"picked":"Nuclear Battery"}],"items_purged_floors":[],"is_endless":false,"potions_floor_spawned":[2,10,13,14,20,21,22,29,33,35,36,39,44,46],"ascension_level":0}