{"gold_per_floor":[114,130,11,11,23,23,34,61,61,71,82,82,139,139,139,260,260,275,275,290,307,307,307,339,350,350,364,289,289,309,321,321,321],"floor_reached":33,"playtime":1632,"items_purged":[],"score":285,"play_id":"c713913e-0026-48c4-88aa-86de76d0a531","local_time":"20180819073910","is_ascension_mode":true,"campfire_choices":[{"data":"Static Discharge","floor":6,"key":"SMITH"},{"floor":12,"key":"REST"},{"data":"Meteor Strike","floor":15,"key":"SMITH"},{"data":"Hyperbeam","floor":23,"key":"SMITH"},{"floor":29,"key":"REST"},{"floor":32,"key":"REST"}],"neow_cost":"NONE","seed_source_timestamp":1531423831334,"circlet_count":0,"master_deck":["Strike_B+1","Strike_B+1","Strike_B","Defend_B","Defend_B","Defend_B","Defend_B","Zap","Dualcast","Coolheaded","Streamline","BootSequence","Static Discharge+1","Force Field","Recycle","Consume","Conserve Battery","Sweeping Beam","Conserve Battery","Meteor Strike+1","Hyperbeam+1","Fusion","Loop+1","Coolheaded","Ball Lightning","Seek","Compile Driver+1","Barrage+1","Ball Lightning"],"relics":["Snecko Eye","Symbiotic Virus","Blue Candle","Question Card","Bloody Idol","Cursed Key","Whetstone","Pantograph"],"potions_floor_usage":[8,16,20,21,21,24,24],"damage_taken":[{"damage":1,"enemies":"Cultist","floor":1,"turns":4},{"damage":0,"enemies":"2 Louse","floor":2,"turns":2},{"damage":0,"enemies":"Small Slimes","floor":5,"turns":4},{"damage":9,"enemies":"Exordium Wildlife","floor":7,"turns":4},{"damage":16,"enemies":"3 Sentries","floor":8,"turns":6},{"damage":0,"enemies":"Gremlin Gang","floor":10,"turns":4},{"damage":0,"enemies":"Large Slime","floor":11,"turns":4},{"damage":1,"enemies":"3 Sentries","floor":13,"turns":5},{"damage":24,"enemies":"Hexaghost","floor":16,"turns":8},{"damage":5,"enemies":"Chosen","floor":18,"turns":3},{"damage":5,"enemies":"2 Thieves","floor":20,"turns":3},{"damage":6,"enemies":"Cultist and Chosen","floor":21,"turns":4},{"damage":22,"enemies":"Slavers","floor":24,"turns":4},{"damage":10,"enemies":"Snecko","floor":25,"turns":3},{"damage":22,"enemies":"Sentry and Sphere","floor":27,"turns":3},{"damage":0,"enemies":"3 Cultists","floor":30,"turns":3},{"damage":7,"enemies":"Centurion and Healer","floor":31,"turns":3},{"damage":72,"enemies":"Champ","floor":33,"turns":8}],"seed_played":"-7533183436112180015","potions_obtained":[{"floor":1,"key":"FocusPotion"},{"floor":8,"key":"SkillPotion"},{"floor":10,"key":"Fire Potion"},{"floor":13,"key":"Swift Potion"},{"floor":16,"key":"SkillPotion"},{"floor":20,"key":"Explosive Potion"},{"floor":21,"key":"SkillPotion"}],"is_trial":false,"path_per_floor":["M","M","$","?","M","R","M","E","T","M","M","R","?","?","R","B",null,"M","?","M","M","?","R","E","M","T","M","?","R","M","M","R"],"character_chosen":"DEFECT","items_purchased":["BootSequence","Static Discharge"],"campfire_rested":3,"item_purchase_floors":[3,3],"current_hp_per_floor":[74,74,74,74,74,74,65,49,49,49,49,71,70,69,69,45,69,64,64,69,68,68,68,51,46,46,29,29,49,54,52,69,0],"gold":321,"neow_bonus":"BOSS_RELIC","is_prod":false,"is_daily":false,"chose_seed":false,"campfire_upgraded":3,"win_rate":0,"timestamp":1534657150,"path_taken":["M","M","$","?","M","R","M","E","T","?","M","R","?","?","R","BOSS","M","?","M","?","?","R","E","M","T","M","?","R","?","M","R","BOSS"],"build_version":"2018-08-16","purchased_purges":0,"victory":false,"max_hp_per_floor":[75,75,75,75,75,75,75,75,75,75,75,75,75,69,69,69,69,69,69,69,69,69,69,69,69,69,69,69,69,69,69,69,69],"card_choices":[{"not_picked":["Darkness","Reprogram"],"picked":"Coolheaded","floor":1},{"not_picked":["Stack","Go for the Eyes"],"picked":"Streamline","floor":2},{"not_picked":["Rebound","Reinforced Body"],"picked":"Recycle","floor":5},{"not_picked":["Go for the Eyes","Turbo"],"picked":"Consume","floor":7},{"not_picked":["Ball Lightning","Chill"],"picked":"Conserve Battery","floor":8},{"not_picked":["Steam","Gash"],"picked":"Sweeping Beam","floor":10},{"not_picked":["Darkness","Sweeping Beam"],"picked":"Conserve Battery","floor":11},{"not_picked":["Tempest","Defragment"],"picked":"Meteor Strike","floor":13},{"not_picked":["Seek","Thunder Strike","Fission"],"picked":"Hyperbeam","floor":16},{"not_picked":["Coolheaded","Auto Shields+1","Beam Cell"],"picked":"Fusion","floor":18},{"not_picked":["Stack","Hologram+1","Genetic Algorithm"],"picked":"Loop+1","floor":20},{"not_picked":["Recycle","Blizzard","Go for the Eyes"],"picked":"Coolheaded","floor":21},{"not_picked":["Glacier","Leap","Static Discharge"],"picked":"Ball Lightning","floor":24},{"not_picked":["Static Discharge","Coolheaded","Barrage"],"picked":"Seek","floor":25},{"not_picked":["Cold Snap","Fusion+1","Leap"],"picked":"Compile Driver+1","floor":27},{"not_picked":["Skim","Gash","Sweeping Beam+1"],"picked":"Barrage+1","floor":30},{"not_picked":["Go for the Eyes","Sweeping Beam","Gash+1"],"picked":"Ball Lightning","floor":31}],"player_experience":193552,"relics_obtained":[{"floor":8,"key":"Symbiotic Virus"},{"floor":9,"key":"Blue Candle"},{"floor":13,"key":"Question Card"},{"floor":24,"key":"Whetstone"},{"floor":26,"key":"Pantograph"}],"event_choices":[{"event_name":"Transmorgrifier","player_choice":"Transform","floor":4,"damage_taken":0},{"event_name":"Dead Adventurer","player_choice":"Searched \u00271\u0027 times","floor":13,"damage_taken":0},{"event_name":"Golden Idol","player_choice":"Lose Max HP","floor":14,"damage_taken":0},{"event_name":"Forgotten Altar","player_choice":"Gave Idol","floor":19,"damage_taken":0},{"event_name":"Ghosts","player_choice":"Ignored","floor":22,"damage_taken":0},{"event_name":"Beggar","player_choice":"Gave Gold","floor":28,"damage_taken":0}],"is_beta":false,"boss_relics":[{"not_picked":["Orrery","Black Star"],"picked":"Cursed Key"}],"items_purged_floors":[],"is_endless":false,"potions_floor_spawned":[1,8,10,13,16,18,20,21],"killed_by":"Champ","ascension_level":1}