{"gold_per_floor":[114,125,125,0,0,0,13,32,32,59,59,77,27,62,62,153,153,172,172,97,147,171,171,196,196,196,214,214,214,227,240,240,333,333,346,369,34,34,52,52,76,76,103,103,123,139,154,154,154,154],"floor_reached":51,"playtime":3729,"items_purged":["Strike_R"],"score":1368,"play_id":"4fb25608-92d0-4280-9241-8d00492941b1","local_time":"20190127161324","is_ascension_mode":true,"campfire_choices":[{"floor":6.0,"key":"REST"},{"floor":15.0,"key":"REST"},{"data":"Body Slam","floor":23.0,"key":"SMITH"},{"data":"Shockwave","floor":25.0,"key":"SMITH"},{"data":"Sword Boomerang","floor":29.0,"key":"SMITH"},{"data":"True Grit","floor":32.0,"key":"SMITH"},{"data":"Corruption","floor":40.0,"key":"SMITH"},{"data":"Pommel Strike","floor":42.0,"key":"SMITH"},{"floor":44.0,"key":"REST"},{"data":"Impervious","floor":49.0,"key":"SMITH"}],"neow_cost":"NONE","seed_source_timestamp":394617230638997,"circlet_count":0,"master_deck":["AscendersBane","Strike_R","Strike_R+1","Defend_R","Defend_R","Defend_R","Defend_R","Bash+1","Corruption+1","Havoc","Spot Weakness","Shockwave+1","Pommel Strike+1","True Grit+1","Body Slam+1","Impervious+1","Sword Boomerang+1","Impervious","Writhe","Cleave","Power Through","Sentinel","Dark Embrace","Infernal Blade","Sentinel+1","Body Slam","Spot Weakness","Shockwave+1"],"special_seed":0,"relics":["Burning Blood","Red Skull","Golden Idol","FossilizedHelix","Art of War","StoneCalendar","Mark of Pain","Bag of Preparation","Bottled Tornado","Snecko Eye","Chemical X","Juzu Bracelet"],"potions_floor_usage":[50],"damage_taken":[{"damage":0.0,"enemies":"2 Louse","floor":1.0,"turns":4.0},{"damage":9.0,"enemies":"Jaw Worm","floor":2.0,"turns":5.0},{"damage":13.0,"enemies":"Small Slimes","floor":7.0,"turns":3.0},{"damage":15.0,"enemies":"Red Slaver","floor":8.0,"turns":4.0},{"damage":0.0,"enemies":"3 Louse","floor":12.0,"turns":4.0},{"damage":0.0,"enemies":"Lagavulin","floor":14.0,"turns":5.0},{"damage":0.0,"enemies":"Slime Boss","floor":16.0,"turns":7.0},{"damage":0.0,"enemies":"Spheric Guardian","floor":18.0,"turns":5.0},{"damage":0.0,"enemies":"Shell Parasite","floor":22.0,"turns":4.0},{"damage":0.0,"enemies":"Snecko","floor":24.0,"turns":5.0},{"damage":12.0,"enemies":"Snake Plant","floor":27.0,"turns":4.0},{"damage":4.0,"enemies":"Shelled Parasite and Fungi","floor":30.0,"turns":3.0},{"damage":6.0,"enemies":"Centurion and Healer","floor":31.0,"turns":6.0},{"damage":70.0,"enemies":"Automaton","floor":33.0,"turns":12.0},{"damage":31.0,"enemies":"Orb Walker","floor":35.0,"turns":6.0},{"damage":0.0,"enemies":"3 Darklings","floor":36.0,"turns":3.0},{"damage":0.0,"enemies":"Sphere and 2 Shapes","floor":39.0,"turns":3.0},{"damage":0.0,"enemies":"Maw","floor":41.0,"turns":7.0},{"damage":0.0,"enemies":"Jaw Worm Horde","floor":45.0,"turns":3.0},{"damage":0.0,"enemies":"4 Shapes","floor":46.0,"turns":3.0},{"damage":0.0,"enemies":"Writhing Mass","floor":47.0,"turns":4.0},{"damage":0,"enemies":"Awakened One","floor":50,"turns":7}],"seed_played":"-6821378133038993570","potions_obtained":[{"floor":1.0,"key":"LiquidBronze"},{"floor":2.0,"key":"SkillPotion"},{"floor":12.0,"key":"SteroidPotion"},{"floor":24.0,"key":"Energy Potion"},{"floor":36.0,"key":"Dexterity Potion"},{"floor":41.0,"key":"Ancient Potion"},{"floor":45.0,"key":"Regen Potion"},{"floor":47.0,"key":"PowerPotion"}],"is_trial":false,"path_per_floor":["M","M","?","$","?","R","M","M","T","T","?","M","?","E","R","B",null,"M","?","?","?","M","R","M","R","T","M","?","R","M","M","R","B",null,"M","M","$","?","M","R","M","R","T","R","M","M","M","?","R","B",null],"character_chosen":"IRONCLAD","items_purchased":["Spot Weakness","Shockwave","Chemical X","Body Slam"],"campfire_rested":3,"item_purchase_floors":[4,4,37,37],"current_hp_per_floor":[74,71,45,45,22,44,37,28,28,28,28,34,34,40,62,68,73,75,75,75,75,75,75,75,75,75,69,69,69,71,71,71,7,58,33,39,39,39,45,45,51,51,51,73,75,75,75,75,75,75],"gold":154,"neow_bonus":"RANDOM_COMMON_RELIC","is_prod":false,"is_daily":false,"chose_seed":false,"campfire_upgraded":7,"win_rate":0,"timestamp":1548623604,"path_taken":["M","M","?","$","?","R","M","M","T","?","?","?","?","E","R","BOSS","M","?","?","?","M","R","?","R","T","M","?","R","M","M","R","BOSS","M","M","$","?","?","R","?","R","T","R","M","M","M","?","R","BOSS"],"build_version":"2019-01-23","purchased_purges":1,"victory":true,"max_hp_per_floor":[75,75,75,75,75,75,75,75,75,75,75,75,75,75,75,75,75,75,75,75,75,75,75,75,75,75,75,75,75,75,75,75,75,75,75,75,75,75,75,75,75,75,75,75,75,75,75,75,75,75],"card_choices":[{"not_picked":["Dual Wield","Headbutt"],"picked":"Corruption","floor":1.0},{"not_picked":["Flex","Entrench"],"picked":"Havoc","floor":2.0},{"not_picked":["Shrug It Off","Dual Wield"],"picked":"Pommel Strike","floor":7.0},{"not_picked":["Perfected Strike","Havoc"],"picked":"True Grit","floor":8.0},{"not_picked":["Clothesline","Intimidate"],"picked":"Impervious","floor":12.0},{"not_picked":["Perfected Strike","Combust"],"picked":"Sword Boomerang","floor":14.0},{"not_picked":["Double Tap","Bludgeon"],"picked":"Impervious","floor":16.0},{"not_picked":["Armaments","Headbutt","Flex"],"picked":"SKIP","floor":18.0},{"not_picked":["Iron Wave","Flex"],"picked":"Cleave","floor":22.0},{"not_picked":["Warcry","Intimidate","Flex"],"picked":"SKIP","floor":24.0},{"not_picked":["Pommel Strike","Headbutt"],"picked":"Power Through","floor":27.0},{"not_picked":["Clothesline","Rupture+1","Wild Strike"],"picked":"SKIP","floor":30.0},{"not_picked":["Perfected Strike","Clothesline","Wild Strike"],"picked":"SKIP","floor":31.0},{"not_picked":["Offering","Juggernaut"],"picked":"Dark Embrace","floor":33.0},{"not_picked":["Wild Strike","Burning Pact"],"picked":"Infernal Blade","floor":35.0},{"not_picked":["Pommel Strike","Clash"],"picked":"Sentinel+1","floor":36.0},{"not_picked":["Evolve","Body Slam","Cleave+1"],"picked":"SKIP","floor":39.0},{"not_picked":["Cleave","Flex","Hemokinesis+1"],"picked":"SKIP","floor":41.0},{"not_picked":["Searing Blow+1","Perfected Strike+1","Cleave"],"picked":"SKIP","floor":45.0},{"not_picked":["Battle Trance+1","Headbutt"],"picked":"Spot Weakness","floor":46.0},{"not_picked":["Havoc+1","Pommel Strike"],"picked":"Shockwave+1","floor":47.0}],"player_experience":583345,"relics_obtained":[{"floor":9.0,"key":"FossilizedHelix"},{"floor":10.0,"key":"Art of War"},{"floor":14.0,"key":"StoneCalendar"},{"floor":26.0,"key":"Bottled Tornado"},{"floor":43.0,"key":"Juzu Bracelet"}],"event_choices":[{"damage_healed":0.0,"max_hp_gain":0.0,"max_hp_loss":0.0,"gold_gain":0.0,"event_name":"Golden Idol","player_choice":"Take Damage","floor":3.0,"gold_loss":0.0,"damage_taken":26.0,"relics_obtained":["Golden Idol"]},{"damage_healed":0.0,"max_hp_gain":0.0,"max_hp_loss":0.0,"gold_gain":0.0,"event_name":"Shining Light","player_choice":"Entered Light","floor":5.0,"gold_loss":0.0,"damage_taken":23.0,"cards_upgraded":["Bash","Strike_R"]},{"damage_healed":0.0,"max_hp_gain":0.0,"max_hp_loss":0.0,"gold_gain":0.0,"cards_transformed":["Strike_R"],"event_name":"Transmorgrifier","player_choice":"Transformed","floor":11.0,"gold_loss":0.0,"damage_taken":0.0,"cards_obtained":["Body Slam"]},{"damage_healed":0.0,"max_hp_gain":0.0,"max_hp_loss":0.0,"gold_gain":0.0,"event_name":"World of Goop","player_choice":"Left Gold","floor":13.0,"gold_loss":50.0,"damage_taken":0.0},{"damage_healed":0.0,"max_hp_gain":0.0,"max_hp_loss":0.0,"gold_gain":0.0,"event_name":"The Mausoleum","player_choice":"Opened","floor":19.0,"gold_loss":0.0,"damage_taken":0.0,"relics_obtained":["Bag of Preparation"],"cards_obtained":["Writhe"]},{"cards_removed":["Strike_R"],"damage_healed":0.0,"max_hp_gain":0.0,"max_hp_loss":0.0,"gold_gain":0.0,"event_name":"Beggar","player_choice":"Gave Gold","floor":20.0,"gold_loss":75.0,"damage_taken":0.0},{"damage_healed":0.0,"max_hp_gain":0.0,"max_hp_loss":0.0,"gold_gain":50.0,"event_name":"Golden Shrine","player_choice":"Pray","floor":21.0,"gold_loss":0.0,"damage_taken":0.0},{"damage_healed":0.0,"max_hp_gain":0.0,"max_hp_loss":0.0,"gold_gain":0.0,"event_name":"The Library","player_choice":"Read","floor":28.0,"gold_loss":0.0,"damage_taken":0.0,"cards_obtained":["Sentinel"]},{"damage_healed":0.0,"max_hp_gain":0.0,"max_hp_loss":0.0,"gold_gain":0.0,"event_name":"SecretPortal","player_choice":"Ignored","floor":38.0,"gold_loss":0.0,"damage_taken":0.0},{"damage_healed":0.0,"max_hp_gain":0.0,"max_hp_loss":0.0,"gold_gain":0.0,"event_name":"SensoryStone","player_choice":"Memory 1","floor":48.0,"gold_loss":0.0,"damage_taken":0.0}],"is_beta":false,"boss_relics":[{"not_picked":["Astrolabe","Velvet Choker"],"picked":"Mark of Pain"},{"not_picked":["Orrery","Sozu"],"picked":"Snecko Eye"}],"items_purged_floors":[37],"is_endless":false,"potions_floor_spawned":[1,2,12,14,24,27,30,31,36,41,45,47],"ascension_level":17}