{"gold_per_floor":[11,23,35,35,35,35,60,60,60,88,100,132,144,176,188,301,313,344,369,381,393],"floor_reached":21,"playtime":1036,"items_purged":[],"score":255,"play_id":"f1ce5ff2-c693-4a42-ada3-cb61a00fcd3b","local_time":"20190414170251","is_ascension_mode":true,"campfire_choices":[{"data":"Uppercut","floor":6,"key":"SMITH"},{"data":"Searing Blow","floor":8,"key":"SMITH"},{"data":"Searing Blow+1","floor":13,"key":"SMITH"},{"data":"Searing Blow+2","floor":15,"key":"SMITH"}],"neow_cost":"NO_GOLD","seed_source_timestamp":289503974739386,"circlet_count":0,"master_deck":["Strike_R","Strike_R","Defend_R","Defend_R","Defend_R","Defend_R","Bash","Carnage","Uppercut+1","Searing Blow+3","Exhume","Metallicize","Shrug It Off","Battle Trance","Armaments+1","Necronomicurse"],"relics":["Burning Blood","The Courier","Ancient Tea Set","MawBank","Black Star","Necronomicon"],"potions_floor_usage":[7,16],"damage_taken":[{"damage":6,"enemies":"Cultist","floor":1,"turns":4},{"damage":2,"enemies":"2 Louse","floor":2,"turns":2},{"damage":4,"enemies":"Jaw Worm","floor":3,"turns":3},{"damage":35,"enemies":"3 Sentries","floor":7,"turns":9},{"damage":15,"enemies":"Gremlin Nob","floor":10,"turns":4},{"damage":6,"enemies":"2 Fungi Beasts","floor":12,"turns":4},{"damage":0,"enemies":"Looter","floor":14,"turns":2},{"damage":19,"enemies":"The Guardian","floor":16,"turns":14},{"damage":32,"enemies":"Chosen","floor":18,"turns":7},{"damage":16,"enemies":"Spheric Guardian","floor":19,"turns":4},{"damage":19,"enemies":"Centurion and Healer","floor":21,"turns":2}],"seed_played":"-3926314018424845172","potions_obtained":[{"floor":2,"key":"Explosive Potion"},{"floor":3,"key":"BloodPotion"},{"floor":16,"key":"Swift Potion"},{"floor":18,"key":"EssenceOfSteel"},{"floor":19,"key":"SpeedPotion"}],"is_trial":false,"path_per_floor":["M","M","M","?","$","R","E","R","T","E","?","M","R","M","R","B",null,"M","M","?","M"],"character_chosen":"IRONCLAD","items_purchased":[],"campfire_rested":0,"item_purchase_floors":[],"current_hp_per_floor":[72,76,78,71,71,71,50,50,50,41,41,41,41,47,47,34,69,43,33,17,0],"gold":393,"neow_bonus":"REMOVE_TWO","is_prod":false,"is_daily":false,"chose_seed":false,"campfire_upgraded":4,"win_rate":0,"timestamp":1555286571,"path_taken":["M","M","M","?","$","R","E","R","T","E","?","M","R","M","R","BOSS","M","M","?","M"],"build_version":"2019-01-23","purchased_purges":0,"victory":false,"max_hp_per_floor":[80,80,80,80,80,80,80,80,80,80,80,80,80,80,80,80,80,80,80,80,80],"card_choices":[{"not_picked":["Warcry","Sentinel"],"picked":"Carnage","floor":1},{"not_picked":["Flex","Sword Boomerang"],"picked":"Uppercut","floor":2},{"not_picked":["Clash","Evolve"],"picked":"Searing Blow","floor":3},{"not_picked":["Carnage","Rage","Cleave"],"picked":"SKIP","floor":7},{"not_picked":["Heavy Blade","Warcry"],"picked":"Exhume","floor":10},{"not_picked":["Pommel Strike","Warcry"],"picked":"Metallicize","floor":12},{"not_picked":["Thunderclap","Warcry"],"picked":"Shrug It Off","floor":14},{"not_picked":["Twin Strike+1","Havoc"],"picked":"Battle Trance","floor":18},{"not_picked":["Iron Wave","Flex"],"picked":"Armaments+1","floor":19}],"player_experience":310833,"relics_obtained":[{"floor":7,"key":"The Courier"},{"floor":9,"key":"Ancient Tea Set"},{"floor":10,"key":"MawBank"},{"floor":20,"key":"Necronomicon"}],"event_choices":[{"cards_removed":["Strike_R"],"damage_healed":0,"gold_gain":0,"player_choice":"Card Removal","damage_taken":7,"max_hp_gain":0,"max_hp_loss":0,"event_name":"Golden Wing","floor":4,"gold_loss":0},{"damage_healed":0,"gold_gain":0,"player_choice":"0 cards matched","damage_taken":0,"max_hp_gain":0,"max_hp_loss":0,"event_name":"Match and Keep!","floor":11,"gold_loss":0,"cards_obtained":[]},{"damage_healed":0,"gold_gain":0,"player_choice":"Obtained Book","damage_taken":16,"max_hp_gain":0,"max_hp_loss":0,"event_name":"Cursed Tome","floor":20,"gold_loss":0}],"is_beta":false,"boss_relics":[{"not_picked":["Astrolabe","Eternal Feather"],"picked":"Black Star"}],"items_purged_floors":[],"is_endless":false,"potions_floor_spawned":[2,3,16,18,19],"killed_by":"Centurion and Healer","ascension_level":7}