{"gold_per_floor":[114,124,23,43,43,68,68,68,94,70,70,70,70,87,87,185,185,95,95,114,133,147,147],"floor_reached":23,"playtime":1644,"items_purged":[],"score":214,"play_id":"12e8683e-efd6-4f97-9967-adc13eb2efc4","local_time":"20180716200451","is_ascension_mode":false,"campfire_choices":[{"data":"Jack Of All Trades","floor":7.0,"key":"SMITH"},{"data":"Sucker Punch","floor":15.0,"key":"SMITH"}],"neow_cost":"","seed_source_timestamp":487533509282776,"circlet_count":0,"master_deck":["Defend_G","Defend_G","Defend_G+1","Defend_G","Defend_G","Survivor","Neutralize","Heel Hook","Flying Knee+1","Jack Of All Trades+1","Bane+1","Sucker Punch+1","Prepared","PiercingWail","Adrenaline","Flying Knee","Bite","Bite","Bite","Bite","Bite","Die Die Die","Expertise+1"],"special_seed":0,"relics":["Ring of the Snake","Orichalcum","Strawberry","Snecko Eye"],"potions_floor_usage":[],"damage_taken":[{"damage":0.0,"enemies":"Small Slimes","floor":1.0,"turns":4.0},{"damage":0.0,"enemies":"Jaw Worm","floor":2.0,"turns":5.0},{"damage":0.0,"enemies":"Cultist","floor":4.0,"turns":4.0},{"damage":22.0,"enemies":"Lagavulin","floor":6.0,"turns":9.0},{"damage":3.0,"enemies":"2 Fungi Beasts","floor":14.0,"turns":3.0},{"damage":1.0,"enemies":"Slime Boss","floor":16.0,"turns":9.0},{"damage":15,"enemies":"2 Thieves","floor":18,"turns":5},{"damage":26,"enemies":"Chosen","floor":20,"turns":7},{"damage":32,"enemies":"3 Cultists","floor":21,"turns":7},{"damage":15,"enemies":"Snake Plant","floor":22,"turns":6},{"damage":40,"enemies":"Gremlin Leader","floor":23,"turns":4}],"seed_played":"-560979950861991573","potions_obtained":[{"floor":1.0,"key":"EntropicBrew"},{"floor":6.0,"key":"Energy Potion"},{"floor":14.0,"key":"Fire Potion"},{"floor":21,"key":"Poison Potion"}],"is_trial":false,"path_per_floor":["M","M","$","M","$","E","R","?","T","$","?","?","?","M","R","B",null,"M","?","M","M","M"],"character_chosen":"THE_SILENT","items_purchased":["Jack Of All Trades","Prepared"],"campfire_rested":0,"item_purchase_floors":[3,10],"current_hp_per_floor":[70,70,70,70,70,48,48,34,41,41,41,41,34,35,35,34,77,62,53,31,21,22,0],"gold":147,"neow_bonus":"","is_prod":false,"is_daily":false,"chose_seed":false,"campfire_upgraded":2,"win_rate":0,"timestamp":1531785891,"path_taken":["M","M","$","M","$","E","R","?","T","$","?","?","?","M","R","BOSS","M","?","?","M","M","E"],"build_version":"2018-07-12","purchased_purges":0,"victory":false,"max_hp_per_floor":[70,70,70,70,70,70,70,70,77,77,77,77,77,77,77,77,77,77,53,53,53,53,53],"card_choices":[{"not_picked":["Eviscerate","Flying Knee"],"picked":"Heel Hook","floor":1.0},{"not_picked":["Crippling Poison","Acrobatics"],"picked":"Flying Knee","floor":2.0},{"not_picked":["Eviscerate","Finisher"],"picked":"Bane","floor":4.0},{"not_picked":["Accuracy","Expertise"],"picked":"Sucker Punch","floor":6.0},{"not_picked":["Endless Agony","Flying Knee"],"picked":"PiercingWail","floor":14.0},{"not_picked":["Unload","Bullet Time"],"picked":"Adrenaline","floor":16.0},{"not_picked":["Bane","Deflect"],"picked":"Flying Knee","floor":18},{"not_picked":["Poisoned Stab","Cloak And Dagger"],"picked":"Die Die Die","floor":20},{"not_picked":["Prepared","Backflip"],"picked":"Expertise+1","floor":21},{"not_picked":["Endless Agony","Underhanded Strike","Dagger Spray"],"picked":"SKIP","floor":22}],"player_experience":68584,"relics_obtained":[{"floor":6.0,"key":"Orichalcum"},{"floor":9.0,"key":"Strawberry"}],"event_choices":[{"event_name":"Shining Light","player_choice":"Entered Light","floor":8.0,"damage_taken":0.0},{"event_name":"Purifier","player_choice":"One Purge","floor":11.0,"damage_taken":0.0},{"event_name":"Accursed Blacksmith","player_choice":"Forge","floor":12.0,"damage_taken":0.0},{"event_name":"Golden Wing","player_choice":"Card Removal","floor":13.0,"damage_taken":0.0},{"event_name":"Vampires","player_choice":"Became a vampire","floor":19,"damage_taken":0}],"boss_relics":[{"not_picked":["Runic Dome","Cursed Key"],"picked":"Snecko Eye"}],"items_purged_floors":[],"is_endless":false,"potions_floor_spawned":[1,6,14,21],"killed_by":"Gremlin Leader","ascension_level":0}