{"gold_per_floor":[115,130,150,150,163,163,195,212,289,317,317,343,343,356,356,456,456,466,18,30,40,58,58,58],"floor_reached":24,"playtime":1363,"items_purged":["Strike_G"],"score":264,"play_id":"53c756f0-f080-4761-aad2-2aa43b893da0","local_time":"20190417153033","is_ascension_mode":true,"campfire_choices":[{"data":"Neutralize","floor":6,"key":"SMITH"},{"floor":15,"key":"REST"},{"floor":23,"key":"REST"}],"neow_cost":"NONE","seed_source_timestamp":309695985890235,"circlet_count":0,"master_deck":["Defend_G","Defend_G","Defend_G","Defend_G","Defend_G","Strike_G","Strike_G","Strike_G","Survivor","Neutralize+1","Underhanded Strike","Flying Knee","Dash","Poisoned Stab","Dagger Throw","Footwork+1","Infinite Blades","Catalyst","Deadly Poison","Bane","Bouncing Flask"],"relics":["Ring of the Snake","Singing Bowl","Tiny Chest","Ornamental Fan","Omamori","Black Star","PreservedInsect","HandDrill"],"potions_floor_usage":[14,16,16,16,21,22,22],"damage_taken":[{"damage":0,"enemies":"Small Slimes","floor":1,"turns":3},{"damage":0,"enemies":"Cultist","floor":2,"turns":3},{"damage":2,"enemies":"Jaw Worm","floor":3,"turns":5},{"damage":3,"enemies":"Looter","floor":5,"turns":2},{"damage":22,"enemies":"Lagavulin","floor":7,"turns":7},{"damage":1,"enemies":"Red Slaver","floor":8,"turns":4},{"damage":16,"enemies":"Gremlin Nob","floor":10,"turns":5},{"damage":14,"enemies":"Lagavulin","floor":12,"turns":8},{"damage":0,"enemies":"Large Slime","floor":14,"turns":5},{"damage":16,"enemies":"Slime Boss","floor":16,"turns":12},{"damage":4,"enemies":"Shell Parasite","floor":18,"turns":9},{"damage":22,"enemies":"Spheric Guardian","floor":20,"turns":8},{"damage":20,"enemies":"Snecko","floor":21,"turns":7},{"damage":2,"enemies":"Centurion and Healer","floor":22,"turns":6},{"damage":61,"enemies":"Slavers","floor":24,"turns":3}],"seed_played":"-5484797573333395045","potions_obtained":[{"floor":3,"key":"GamblersBrew"},{"floor":4,"key":"GhostInAJar"},{"floor":4,"key":"EntropicBrew"},{"floor":18,"key":"Ancient Potion"},{"floor":21,"key":"PowerPotion"}],"is_trial":false,"path_per_floor":["M","M","M","?","M","R","E","M","T","E","?","E","?","M","R","B",null,"M","$","M","M","M","R","E"],"character_chosen":"THE_SILENT","items_purchased":["PreservedInsect","Bane","HandDrill"],"campfire_rested":2,"item_purchase_floors":[19,19,19],"current_hp_per_floor":[70,70,68,68,65,65,43,44,44,30,30,16,16,16,38,24,76,72,72,52,32,32,56,0],"gold":58,"neow_bonus":"THREE_CARDS","is_prod":false,"is_daily":false,"chose_seed":false,"campfire_upgraded":1,"win_rate":0,"timestamp":1555511433,"path_taken":["M","M","M","?","M","R","E","?","T","E","?","E","?","M","R","BOSS","M","$","M","M","M","R","E"],"build_version":"2019-01-23","purchased_purges":1,"victory":false,"max_hp_per_floor":[70,70,70,70,70,70,70,72,72,74,74,74,74,74,74,76,76,76,76,78,78,80,80,80],"card_choices":[{"not_picked":["Outmaneuver","Terror"],"picked":"Underhanded Strike","floor":0},{"not_picked":["Dagger Spray","Sucker Punch"],"picked":"Flying Knee","floor":1},{"not_picked":["Underhanded Strike","Cloak And Dagger"],"picked":"Dash","floor":2},{"not_picked":["Deflect","Underhanded Strike"],"picked":"Poisoned Stab","floor":3},{"not_picked":["Outmaneuver","PiercingWail"],"picked":"Dagger Throw","floor":5},{"not_picked":["All Out Attack","Dagger Spray"],"picked":"Footwork","floor":7},{"not_picked":["Reflex","Blade Dance","Terror"],"picked":"Singing Bowl","floor":8},{"not_picked":["A Thousand Cuts","Cloak And Dagger","Footwork"],"picked":"Singing Bowl","floor":10},{"not_picked":["Heel Hook","Dagger Spray"],"picked":"Infinite Blades","floor":12},{"not_picked":["Flying Knee","Finisher"],"picked":"Catalyst","floor":14},{"not_picked":["Doppelganger","Burst","Bullet Time"],"picked":"Singing Bowl","floor":16},{"not_picked":["Flying Knee","Cloak And Dagger"],"picked":"Deadly Poison","floor":18},{"not_picked":["Dodge and Roll","Tactician","Flying Knee"],"picked":"Singing Bowl","floor":20},{"not_picked":["Backflip","Underhanded Strike"],"picked":"Bouncing Flask","floor":21},{"not_picked":["Masterful Stab+1","Flechettes","Quick Slash+1"],"picked":"Singing Bowl","floor":22}],"player_experience":475681,"relics_obtained":[{"floor":7,"key":"Singing Bowl"},{"floor":9,"key":"Tiny Chest"},{"floor":10,"key":"Ornamental Fan"},{"floor":12,"key":"Omamori"}],"event_choices":[{"damage_healed":0,"gold_gain":0,"player_choice":"Got Potions","damage_taken":0,"max_hp_gain":0,"max_hp_loss":0,"event_name":"Lab","floor":4,"gold_loss":0},{"damage_healed":0,"gold_gain":0,"player_choice":"Grow","damage_taken":0,"max_hp_gain":0,"max_hp_loss":0,"event_name":"Living Wall","floor":11,"gold_loss":0,"cards_upgraded":["Footwork"]},{"cards_removed":["Strike_G"],"damage_healed":0,"gold_gain":0,"player_choice":"Offered Basic","damage_taken":0,"max_hp_gain":0,"max_hp_loss":0,"event_name":"Bonfire Elementals","floor":13,"gold_loss":0}],"is_beta":false,"boss_relics":[{"not_picked":["White Beast Statue","Ectoplasm"],"picked":"Black Star"}],"items_purged_floors":[19],"is_endless":false,"potions_floor_spawned":[3,5,7,10,18,21],"killed_by":"Slavers","ascension_level":4}