{"gold_per_floor":[117,133,148,175,188,201,231,247,247,247,247,262,293,308,308,308],"floor_reached":16,"playtime":716,"items_purged":[],"score":162,"play_id":"2b72e9f3-119a-45c4-a24f-70aeb8f61cff","local_time":"20180927121051","is_ascension_mode":true,"campfire_choices":[{"data":"Whirlwind","floor":11,"key":"SMITH"},{"data":"Armaments","floor":15,"key":"SMITH"}],"neow_cost":"","seed_source_timestamp":234604059112351,"circlet_count":0,"master_deck":["Strike_R","Strike_R","Strike_R","Strike_R","Strike_R","Defend_R","Defend_R","Defend_R","Defend_R","Bash","Bloodletting","Spot Weakness","Whirlwind+1","Pummel","Pommel Strike","Armaments+1","Clash"],"relics":["Burning Blood","Orichalcum","Shuriken","Dodecahedron","Letter Opener"],"potions_floor_usage":[16,16,16],"damage_taken":[{"damage":1,"enemies":"Cultist","floor":1,"turns":3},{"damage":8,"enemies":"Small Slimes","floor":2,"turns":4},{"damage":13,"enemies":"2 Louse","floor":3,"turns":2},{"damage":9,"enemies":"Exordium Thugs","floor":5,"turns":3},{"damage":9,"enemies":"2 Fungi Beasts","floor":6,"turns":3},{"damage":30,"enemies":"3 Sentries","floor":7,"turns":7},{"damage":13,"enemies":"Exordium Wildlife","floor":8,"turns":5},{"damage":5,"enemies":"Blue Slaver","floor":12,"turns":3},{"damage":29,"enemies":"Lagavulin","floor":13,"turns":7},{"damage":5,"enemies":"Looter","floor":14,"turns":3},{"damage":36,"enemies":"Hexaghost","floor":16,"turns":9}],"seed_played":"1886253112293030295","potions_obtained":[{"floor":3,"key":"SpeedPotion"},{"floor":8,"key":"Ancient Potion"},{"floor":12,"key":"Ancient Potion"},{"floor":14,"key":"Fire Potion"}],"is_trial":false,"path_per_floor":["M","M","M","T","M","M","E","M","T","?","R","M","E","M","R"],"character_chosen":"IRONCLAD","items_purchased":[],"campfire_rested":0,"item_purchase_floors":[],"current_hp_per_floor":[77,75,68,68,65,62,38,31,31,57,57,58,35,36,36,0],"gold":308,"neow_bonus":"","is_prod":false,"is_daily":false,"chose_seed":false,"campfire_upgraded":2,"win_rate":0,"timestamp":1538064651,"path_taken":["M","?","M","?","M","M","E","M","T","?","R","M","E","M","R","BOSS"],"build_version":"2018-09-20","purchased_purges":0,"victory":false,"max_hp_per_floor":[80,80,80,80,80,80,80,80,80,80,80,80,80,80,80,80],"card_choices":[{"not_picked":["Warcry","Shockwave"],"picked":"Bloodletting","floor":1},{"not_picked":["Headbutt","Sword Boomerang"],"picked":"Spot Weakness","floor":2},{"not_picked":["Reckless Charge","Feel No Pain"],"picked":"Whirlwind","floor":3},{"not_picked":["Thunderclap","Fire Breathing"],"picked":"Pummel","floor":5},{"not_picked":["Headbutt","Uppercut","Second Wind"],"picked":"SKIP","floor":6},{"not_picked":["Perfected Strike","Cleave"],"picked":"Pommel Strike","floor":7},{"not_picked":["Warcry","Wild Strike"],"picked":"Armaments","floor":8},{"not_picked":["Offering","Sentinel","Anger"],"picked":"SKIP","floor":12},{"not_picked":["Inflame","Sever Soul"],"picked":"Clash","floor":13},{"not_picked":["Searing Blow","Hemokinesis","Wild Strike"],"picked":"SKIP","floor":14}],"player_experience":295832,"relics_obtained":[{"floor":4,"key":"Orichalcum"},{"floor":7,"key":"Shuriken"},{"floor":9,"key":"Dodecahedron"},{"floor":13,"key":"Letter Opener"}],"event_choices":[{"event_name":"Big Fish","player_choice":"Banana","floor":10,"damage_taken":0}],"is_beta":false,"boss_relics":[],"items_purged_floors":[],"is_endless":false,"potions_floor_spawned":[3,8,12,14],"killed_by":"Hexaghost","ascension_level":8}