{"gold_per_floor":[115,135,62,79,99,99,109,135,135,167,167,187,187,207,207,308,308,320,48,48,59,84,60,60],"floor_reached":24,"playtime":2717,"items_purged":[],"score":208,"play_id":"0e0c4942-d8e3-47ed-a4d4-4108853c1c92","local_time":"20190228194753","is_ascension_mode":false,"campfire_choices":[{"data":"Rampage","floor":6,"key":"SMITH"},{"data":"Armaments","floor":11,"key":"SMITH"},{"data":"Uppercut","floor":15,"key":"SMITH"}],"neow_cost":"NONE","seed_source_timestamp":530497295994913,"circlet_count":0,"master_deck":["Strike_R","Strike_R","Strike_R","Strike_R","Strike_R","Defend_R","Defend_R","Defend_R","Defend_R","Bash","Rage+1","Uppercut+1","Fire Breathing","Headbutt","Rampage+1","Headbutt","Intimidate","Armaments+1","Feel No Pain","Iron Wave","Juggernaut","Body Slam","Carnage","Finesse","Shockwave","Feel No Pain","Twin Strike","Pommel Strike","Shrug It Off"],"relics":["Coffee Dripper","Sundial","Bottled Lightning","Letter Opener","Velvet Choker","Red Mask"],"potions_floor_usage":[16,16,16,22,24],"damage_taken":[{"damage":5,"enemies":"Jaw Worm","floor":1,"turns":4},{"damage":1,"enemies":"Cultist","floor":2,"turns":3},{"damage":0,"enemies":"Small Slimes","floor":4,"turns":3},{"damage":3,"enemies":"Exordium Wildlife","floor":5,"turns":3},{"damage":9,"enemies":"2 Fungi Beasts","floor":7,"turns":3},{"damage":18,"enemies":"3 Sentries","floor":8,"turns":5},{"damage":7,"enemies":"Gremlin Nob","floor":10,"turns":4},{"damage":0,"enemies":"Blue Slaver","floor":12,"turns":2},{"damage":1,"enemies":"Red Slaver","floor":14,"turns":3},{"damage":14,"enemies":"Hexaghost","floor":16,"turns":8},{"damage":11,"enemies":"Shell Parasite","floor":18,"turns":4},{"damage":16,"enemies":"2 Thieves","floor":21,"turns":4},{"damage":25,"enemies":"Masked Bandits","floor":22,"turns":5},{"damage":15,"enemies":"Snake Plant","floor":24,"turns":1}],"seed_played":"7756056469129181249","potions_obtained":[{"floor":5,"key":"SkillPotion"},{"floor":8,"key":"PowerPotion"},{"floor":10,"key":"EssenceOfSteel"},{"floor":18,"key":"Ancient Potion"},{"floor":22,"key":"Weak Potion"}],"is_trial":false,"path_per_floor":["M","M","$","M","M","R","M","E","T","E","R","M","?","M","R","B",null,"M","$","?","M","?","$","M"],"character_chosen":"IRONCLAD","items_purchased":["Fire Breathing","Carnage","Finesse","Shockwave","Feel No Pain","Shrug It Off"],"campfire_rested":0,"item_purchase_floors":[3,19,19,19,19,23],"current_hp_per_floor":[75,74,74,74,71,71,62,44,44,37,37,37,37,36,36,22,80,69,69,54,38,13,13,0],"gold":60,"neow_bonus":"BOSS_RELIC","is_prod":false,"is_daily":false,"chose_seed":false,"campfire_upgraded":3,"win_rate":0.0,"timestamp":1551408473,"path_taken":["M","M","$","M","M","R","M","E","T","E","R","M","?","?","R","BOSS","M","$","?","M","?","?","?"],"build_version":"2019-01-23","purchased_purges":0,"victory":false,"max_hp_per_floor":[80,80,80,80,80,80,80,80,80,80,80,80,80,80,80,80,80,80,80,85,85,85,85,85],"card_choices":[{"not_picked":["Flex","Power Through"],"picked":"Rage","floor":1},{"not_picked":["Battle Trance","Anger"],"picked":"Uppercut","floor":2},{"not_picked":["Body Slam","Disarm"],"picked":"Headbutt","floor":4},{"not_picked":["Intimidate","Combust"],"picked":"Rampage","floor":5},{"not_picked":["Power Through","Clothesline"],"picked":"Headbutt","floor":7},{"not_picked":["Searing Blow","Clash"],"picked":"Intimidate","floor":8},{"not_picked":["Dropkick","Corruption"],"picked":"Armaments","floor":10},{"not_picked":["Infernal Blade","Burning Pact"],"picked":"Feel No Pain","floor":12},{"not_picked":["Berserk","Twin Strike"],"picked":"Iron Wave","floor":14},{"not_picked":["Demon Form","Bludgeon"],"picked":"Juggernaut","floor":16},{"not_picked":["Clash","Headbutt"],"picked":"Body Slam","floor":18},{"not_picked":["Body Slam","Carnage+1"],"picked":"Twin Strike","floor":21},{"not_picked":["Perfected Strike","Pummel"],"picked":"Pommel Strike","floor":22}],"player_experience":3117,"relics_obtained":[{"floor":8,"key":"Sundial"},{"floor":9,"key":"Bottled Lightning"},{"floor":10,"key":"Letter Opener"},{"floor":22,"key":"Red Mask"}],"event_choices":[{"damage_healed":0,"gold_gain":0,"player_choice":"Forge","damage_taken":0,"max_hp_gain":0,"max_hp_loss":0,"event_name":"Accursed Blacksmith","floor":13,"gold_loss":0,"cards_upgraded":["Rage"]},{"damage_healed":0,"gold_gain":0,"player_choice":"Shed Blood","damage_taken":20,"max_hp_gain":5,"max_hp_loss":0,"event_name":"Forgotten Altar","floor":20,"gold_loss":0},{"damage_healed":0,"gold_gain":0,"player_choice":"Fought Bandits","damage_taken":0,"max_hp_gain":0,"max_hp_loss":0,"event_name":"Masked Bandits","floor":22,"gold_loss":0}],"is_beta":false,"boss_relics":[{"not_picked":["Snecko Eye","Calling Bell"],"picked":"Velvet Choker"}],"items_purged_floors":[],"is_endless":false,"potions_floor_spawned":[5,8,10,14,18,22],"killed_by":"Snake Plant","ascension_level":0}