{"gold_per_floor":[112,38,52,52,67,67,87,115,141,141,175,192,192,211,211,314,364,379,35,53,103,17,17,47,47,47,77,77,91,104,104],"floor_reached":31,"playtime":1325,"items_purged":[],"score":324,"play_id":"4257893c-0837-4b31-847d-e1a7eba9b655","local_time":"20180819163223","is_ascension_mode":true,"campfire_choices":[{"data":"Coolheaded","floor":6,"key":"SMITH"},{"floor":10,"key":"REST"},{"floor":13,"key":"REST"},{"floor":15,"key":"REST"},{"floor":23,"key":"REST"},{"floor":25,"key":"REST"}],"neow_cost":"NONE","seed_source_timestamp":33831484642182,"circlet_count":0,"master_deck":["Strike_B","Strike_B+1","Strike_B","Strike_B","Defend_B","Defend_B+1","Defend_B","Defend_B","Zap","Dualcast+1","Sweeping Beam+1","FTL","Melter","Coolheaded+1","Conserve Battery","Capacitor","Stack","Sweeping Beam","Sweeping Beam","Ball Lightning","Gash+1","Thunder Strike","Consume","Defragment+1","Sunder+1","Leap","Loop","Storm","Barrage+1","Compile Driver+1","Streamline+1","Hello World+1","Echo Form","White Noise+1","Static Discharge+1"],"relics":["Black Star","War Paint","Bag of Preparation","Centennial Puzzle","DataDisk","Dream Catcher","Tiny House","Molten Egg 2","Whetstone","Bronze Scales","Toxic Egg 2","Question Card","Singing Bowl"],"potions_floor_usage":[7,8,8,20,20,29],"damage_taken":[{"damage":10,"enemies":"Jaw Worm","floor":1,"turns":4},{"damage":4,"enemies":"Cultist","floor":3,"turns":4},{"damage":0,"enemies":"Small Slimes","floor":5,"turns":2},{"damage":16,"enemies":"Red Slaver","floor":7,"turns":4},{"damage":35,"enemies":"Lagavulin","floor":8,"turns":6},{"damage":17,"enemies":"3 Sentries","floor":11,"turns":7},{"damage":7,"enemies":"3 Louse","floor":12,"turns":2},{"damage":12,"enemies":"Exordium Thugs","floor":14,"turns":3},{"damage":10,"enemies":"Slime Boss","floor":16,"turns":12},{"damage":9,"enemies":"Shell Parasite","floor":18,"turns":3},{"damage":18,"enemies":"2 Thieves","floor":20,"turns":4},{"damage":33,"enemies":"Gremlin Leader","floor":24,"turns":7},{"damage":56,"enemies":"Book of Stabbing","floor":27,"turns":7},{"damage":1,"enemies":"Chosen and Byrds","floor":29,"turns":6},{"damage":10,"enemies":"Snecko","floor":30,"turns":4},{"damage":15,"enemies":"Slavers","floor":31,"turns":1}],"seed_played":"5963301148105079843","potions_obtained":[{"floor":3,"key":"LiquidBronze"},{"floor":5,"key":"Regen Potion"},{"floor":7,"key":"Regen Potion"},{"floor":11,"key":"GamblersBrew"},{"floor":14,"key":"FairyPotion"},{"floor":16,"key":"Explosive Potion"},{"floor":17,"key":"SneckoOil"},{"floor":18,"key":"SkillPotion"},{"floor":27,"key":"Energy Potion"},{"floor":30,"key":"SteroidPotion"}],"is_trial":false,"path_per_floor":["M","$","M","?","M","R","M","E","T","R","E","M","R","M","R","B",null,"M","$","M","?","$","R","E","R","T","E","?","M","M"],"character_chosen":"DEFECT","items_purchased":["FTL","Molten Egg 2","Sunder+1","Leap","Storm","Barrage+1"],"campfire_rested":5,"item_purchase_floors":[2,19,19,19,22,22],"current_hp_per_floor":[65,65,61,61,61,61,57,37,37,59,42,35,57,45,67,57,80,71,71,53,53,53,77,44,68,68,12,12,11,1,0],"gold":104,"neow_bonus":"BOSS_RELIC","is_prod":false,"is_daily":false,"chose_seed":false,"campfire_upgraded":1,"win_rate":0,"timestamp":1534689143,"path_taken":["M","$","M","?","M","R","?","E","T","R","E","M","R","M","R","BOSS","M","$","M","?","?","R","E","R","T","E","?","M","?","E"],"build_version":"2018-08-16","purchased_purges":0,"victory":false,"max_hp_per_floor":[75,75,75,75,75,75,75,75,75,75,75,75,75,75,75,75,80,80,80,80,80,80,80,80,80,80,80,80,80,80,80],"card_choices":[{"not_picked":["Steam","Stack"],"picked":"Sweeping Beam","floor":1},{"not_picked":["Darkness","Blizzard"],"picked":"Melter","floor":3},{"not_picked":["Gash","Compile Driver"],"picked":"Coolheaded","floor":5},{"not_picked":["Leap","Self Repair"],"picked":"Conserve Battery","floor":7},{"not_picked":["Turbo","Reinforced Body"],"picked":"Capacitor","floor":8},{"not_picked":["Steam","Scrape"],"picked":"Stack","floor":11},{"not_picked":["Coolheaded","Meteor Strike"],"picked":"Sweeping Beam","floor":12},{"not_picked":["Gash","Capacitor"],"picked":"Sweeping Beam","floor":13},{"not_picked":["Steam","Rebound"],"picked":"Ball Lightning","floor":14},{"not_picked":["Darkness","Reprogram"],"picked":"Gash","floor":15},{"not_picked":["Multi-Cast","Reboot"],"picked":"Thunder Strike","floor":16},{"not_picked":["Coolheaded","Cold Snap"],"picked":"Consume","floor":17},{"not_picked":["Beam Cell+1","Rebound"],"picked":"Defragment+1","floor":18},{"not_picked":["Rip and Tear+1","Melter+1"],"picked":"Loop","floor":20},{"not_picked":["Redo","Steam"],"picked":"Compile Driver+1","floor":23},{"not_picked":["Compile Driver+1","Sweeping Beam+1"],"picked":"Streamline+1","floor":24},{"not_picked":["Self Repair","Cold Snap+1"],"picked":"Hello World+1","floor":25},{"not_picked":["Hologram+1","Heatsinks"],"picked":"Echo Form","floor":27},{"not_picked":["Turbo+1","Sweeping Beam+1","Rebound+1"],"picked":"White Noise+1","floor":29},{"not_picked":["Conserve Battery+1","Amplify+1","Skim+1"],"picked":"Static Discharge+1","floor":30}],"player_experience":195184,"relics_obtained":[{"floor":8,"key":"War Paint"},{"floor":8,"key":"Bag of Preparation"},{"floor":9,"key":"Centennial Puzzle"},{"floor":11,"key":"DataDisk"},{"floor":11,"key":"Dream Catcher"},{"floor":24,"key":"Whetstone"},{"floor":24,"key":"Bronze Scales"},{"floor":26,"key":"Toxic Egg 2"},{"floor":27,"key":"Question Card"},{"floor":27,"key":"Singing Bowl"}],"event_choices":[{"event_name":"The Cleric","player_choice":"Leave","floor":4,"damage_taken":0},{"event_name":"The Joust","player_choice":"Bet on Murderer","floor":21,"damage_taken":0},{"event_name":"Beggar","player_choice":"Ignored","floor":28,"damage_taken":0}],"is_beta":false,"boss_relics":[{"not_picked":["Ectoplasm","Velvet Choker"],"picked":"Tiny House"}],"items_purged_floors":[],"is_endless":false,"potions_floor_spawned":[3,5,7,11,14,16,18,27,30],"killed_by":"Slavers","ascension_level":1}