{"gold_per_floor":[115,127,40,40,59,59,84,84,129,143,153,179,179,195,195,274,274,293,37,67,145,161,161,176,205,205,205,205,16,16,26,26,101,101,114,132,0,0,19,19,45,63,63,138,157,189,206,226,226,226,226],"floor_reached":52,"playtime":3512,"items_purged":["Strike_R"],"score":1938,"play_id":"21a6b414-24b5-4d84-98e7-d0fed8cc7eab","local_time":"20190409195859","is_ascension_mode":true,"campfire_choices":[{"data":"Immolate","floor":6.0,"key":"SMITH"},{"data":"Bash","floor":8.0,"key":"SMITH"},{"data":"Limit Break","floor":13.0,"key":"SMITH"},{"floor":15.0,"key":"REST"},{"data":"Armaments","floor":23.0,"key":"SMITH"},{"data":"Feel No Pain","floor":27.0,"key":"SMITH"},{"floor":32.0,"key":"REST"},{"data":"Disarm","floor":40.0,"key":"SMITH"},{"floor":49,"key":"REST"}],"neow_cost":"NONE","seed_source_timestamp":0,"circlet_count":0,"master_deck":["AscendersBane","Strike_R+1","Strike_R+1","Defend_R+1","Defend_R+1","Defend_R+1","Defend_R+1","Bash+1","Immolate+1","Corruption","Burning Pact+1","Hemokinesis","Barricade","Reckless Charge","Limit Break+1","Armaments+1","Feed","Feel No Pain+1","Inflame","True Grit","Seeing Red","Writhe","Feel No Pain","Warcry","Spot Weakness","Disarm+1","Pummel","Warcry+1","Sentinel","Entrench+1","Power Through+1","Parasite"],"special_seed":0,"relics":["Burning Blood","Oddly Smooth Stone","Du-Vu Doll","PreservedInsect","Bronze Scales","Snecko Eye","Tiny Chest","Gremlin Horn","War Paint","Vajra","Dream Catcher","Empty Cage","Red Mask","Mercury Hourglass","Champion Belt","Self Forming Clay","Pantograph","Charon\u0027s Ashes"],"potions_floor_usage":[46,46,48],"damage_taken":[{"damage":5.0,"enemies":"2 Louse","floor":1.0,"turns":3.0},{"damage":7.0,"enemies":"Small Slimes","floor":2.0,"turns":4.0},{"damage":15.0,"enemies":"Jaw Worm","floor":5.0,"turns":4.0},{"damage":35.0,"enemies":"Gremlin Nob","floor":7.0,"turns":4.0},{"damage":5.0,"enemies":"Gremlin Gang","floor":10.0,"turns":3.0},{"damage":10.0,"enemies":"Looter","floor":11.0,"turns":3.0},{"damage":0.0,"enemies":"3 Sentries","floor":12.0,"turns":3.0},{"damage":12.0,"enemies":"Large Slime","floor":14.0,"turns":3.0},{"damage":38.0,"enemies":"Slime Boss","floor":16.0,"turns":12.0},{"damage":21.0,"enemies":"Spheric Guardian","floor":18.0,"turns":5.0},{"damage":7.0,"enemies":"Shell Parasite","floor":22.0,"turns":3.0},{"damage":19.0,"enemies":"Chosen and Byrds","floor":24.0,"turns":7.0},{"damage":26.0,"enemies":"Book of Stabbing","floor":25.0,"turns":3.0},{"damage":21.0,"enemies":"Shelled Parasite and Fungi","floor":31.0,"turns":2.0},{"damage":24.0,"enemies":"Automaton","floor":33.0,"turns":6.0},{"damage":16.0,"enemies":"Orb Walker","floor":35.0,"turns":5.0},{"damage":13.0,"enemies":"3 Darklings","floor":36.0,"turns":5.0},{"damage":3.0,"enemies":"Maw","floor":39.0,"turns":7.0},{"damage":3.0,"enemies":"Giant Head","floor":41.0,"turns":7.0},{"damage":5.0,"enemies":"4 Shapes","floor":42.0,"turns":4.0},{"damage":3,"enemies":"Transient","floor":45,"turns":6},{"damage":58,"enemies":"Reptomancer","floor":46,"turns":4},{"damage":0,"enemies":"Maw","floor":47,"turns":7},{"damage":7,"enemies":"Writhing Mass","floor":48,"turns":7},{"damage":40,"enemies":"Donu and Deca","floor":50,"turns":8},{"damage":35,"enemies":"Time Eater","floor":51,"turns":12}],"seed_played":"-481651577052225719","potions_obtained":[{"floor":1.0,"key":"Dexterity Potion"},{"floor":5.0,"key":"GamblersBrew"},{"floor":24.0,"key":"BloodPotion"},{"floor":25.0,"key":"Fruit Juice"},{"floor":33.0,"key":"EssenceOfSteel"},{"floor":39.0,"key":"Explosive Potion"},{"floor":41.0,"key":"Regen Potion"},{"floor":42.0,"key":"PowerPotion"},{"floor":47,"key":"AttackPotion"}],"is_trial":false,"path_per_floor":["M","M","$","?","M","R","E","R","T","M","M","E","R","M","R","B",null,"M","$","?","T","M","R","M","E","T","R","?","$","?","M","R","B",null,"M","M","?","T","M","R","E","M","T","T","M","E","M","M","R","B","B",null],"character_chosen":"IRONCLAD","items_purchased":["Hemokinesis","Inflame","True Grit","Seeing Red","Feel No Pain","Warcry","Spot Weakness"],"campfire_rested":3,"item_purchase_floors":[3,19,19,19,29,29,29],"current_hp_per_floor":[69,68,68,63,54,54,25,25,25,26,22,28,28,22,44,12,59,47,47,47,47,46,46,33,25,25,25,25,25,25,10,34,16,66,56,52,52,52,55,55,61,66,66,66,69,29,38,40,70,61,57],"gold":226,"neow_bonus":"ONE_RANDOM_RARE_CARD","is_prod":false,"is_daily":false,"chose_seed":false,"campfire_upgraded":6,"win_rate":0,"timestamp":1554854339,"path_taken":["M","M","$","?","M","R","E","R","T","M","M","E","R","M","R","BOSS","M","$","?","?","?","R","M","E","T","R","?","$","?","M","R","BOSS","M","?","?","?","M","R","E","M","T","?","M","E","M","M","R","BOSS","BOSS"],"build_version":"2019-01-23","purchased_purges":1,"victory":true,"max_hp_per_floor":[75,75,75,75,75,75,75,75,75,75,75,75,75,75,75,75,75,78,78,78,78,78,78,78,83,83,83,83,83,83,83,83,83,83,83,86,86,86,86,86,89,93,93,93,93,96,99,102,102,102,102],"card_choices":[{"not_picked":["Havoc","Clash"],"picked":"Corruption","floor":1.0},{"not_picked":["Headbutt","Wild Strike"],"picked":"Burning Pact","floor":2.0},{"not_picked":["Iron Wave","Havoc"],"picked":"Barricade","floor":5.0},{"not_picked":["Iron Wave","Hemokinesis","Flex"],"picked":"SKIP","floor":7.0},{"not_picked":["Combust","Rage","Heavy Blade"],"picked":"SKIP","floor":10.0},{"not_picked":["Twin Strike","Metallicize"],"picked":"Reckless Charge","floor":11.0},{"not_picked":["Searing Blow","Anger"],"picked":"Limit Break","floor":12.0},{"not_picked":["Shockwave","Twin Strike"],"picked":"Armaments","floor":14.0},{"not_picked":["Immolate","Demon Form"],"picked":"Feed","floor":16.0},{"not_picked":["Perfected Strike","Second Wind"],"picked":"Feel No Pain","floor":18.0},{"not_picked":["Twin Strike","Rampage","Bloodletting"],"picked":"SKIP","floor":22.0},{"not_picked":["Armaments","Anger","Heavy Blade"],"picked":"SKIP","floor":24.0},{"not_picked":["Iron Wave","Blood for Blood","Headbutt"],"picked":"SKIP","floor":25.0},{"not_picked":["Brutality","Perfected Strike"],"picked":"Disarm","floor":31.0},{"not_picked":["Havoc","Iron Wave"],"picked":"Pummel","floor":32.0},{"not_picked":["Wild Strike","Cleave"],"picked":"Warcry+1","floor":35.0},{"not_picked":["Thunderclap","Pommel Strike","Searing Blow"],"picked":"SKIP","floor":36.0},{"not_picked":["Body Slam","Clothesline","Flex"],"picked":"SKIP","floor":39.0},{"not_picked":["Clothesline","Dropkick","Armaments"],"picked":"SKIP","floor":41.0},{"not_picked":["Headbutt","Rampage","Cleave"],"picked":"SKIP","floor":42.0},{"not_picked":["Brutality","Iron Wave"],"picked":"Sentinel","floor":45},{"not_picked":["Flex","Inflame"],"picked":"Entrench+1","floor":46},{"not_picked":["Shrug It Off","Perfected Strike"],"picked":"Power Through+1","floor":47},{"not_picked":["Sword Boomerang","Searing Blow","Inflame"],"picked":"SKIP","floor":48}],"player_experience":859927,"relics_obtained":[{"floor":7.0,"key":"Du-Vu Doll"},{"floor":9.0,"key":"PreservedInsect"},{"floor":12.0,"key":"Bronze Scales"},{"floor":21.0,"key":"Gremlin Horn"},{"floor":25.0,"key":"War Paint"},{"floor":26.0,"key":"Vajra"},{"floor":30.0,"key":"Dream Catcher"},{"floor":38.0,"key":"Mercury Hourglass"},{"floor":41.0,"key":"Champion Belt"},{"floor":43.0,"key":"Self Forming Clay"},{"floor":44.0,"key":"Pantograph"},{"floor":46,"key":"Charon\u0027s Ashes"}],"event_choices":[{"damage_healed":0.0,"max_hp_gain":0.0,"max_hp_loss":0.0,"gold_gain":0.0,"event_name":"Scrap Ooze","player_choice":"Success","floor":4.0,"gold_loss":0.0,"damage_taken":5.0,"relics_obtained":["Oddly Smooth Stone"]},{"damage_healed":0.0,"max_hp_gain":0.0,"max_hp_loss":0.0,"gold_gain":0.0,"event_name":"The Mausoleum","player_choice":"Opened","floor":20.0,"gold_loss":0.0,"damage_taken":0.0,"relics_obtained":["Tiny Chest"],"cards_obtained":["Writhe"]},{"damage_healed":0.0,"max_hp_gain":0.0,"max_hp_loss":0.0,"gold_gain":0.0,"event_name":"Back to Basics","player_choice":"Simplicity","floor":28.0,"gold_loss":0.0,"damage_taken":0.0,"cards_upgraded":["Strike_R","Strike_R","Strike_R","Strike_R","Defend_R","Defend_R","Defend_R"]},{"damage_healed":0.0,"max_hp_gain":0.0,"max_hp_loss":0.0,"gold_gain":0.0,"event_name":"Wheel of Change","player_choice":"Relic","floor":30.0,"gold_loss":0.0,"damage_taken":0.0},{"damage_healed":0.0,"max_hp_gain":0.0,"max_hp_loss":0.0,"gold_gain":0.0,"event_name":"Tomb of Lord Red Mask","player_choice":"Paid","floor":37.0,"gold_loss":132.0,"damage_taken":0.0,"relics_obtained":["Red Mask"]}],"is_beta":false,"boss_relics":[{"not_picked":["Busted Crown","Astrolabe"],"picked":"Snecko Eye"},{"not_picked":["Coffee Dripper","Runic Dome"],"picked":"Empty Cage"}],"items_purged_floors":[19],"is_endless":false,"potions_floor_spawned":[1,5,7,24,25,33,39,41,42,47],"ascension_level":20}