{"gold_per_floor":[109,109,121,137,149,177,187,207,207,207,232,232,232,247,247,343,343,361,257,257,276,276,312,312,133,133,28,28,28,28,52,52,150,150,175,508,508,608,620,650,650,650,650,750,761,2,21,21,21,21],"floor_reached":50,"playtime":5127,"items_purged":["Writhe"],"score":897,"play_id":"26e31e61-2f7a-4096-ab23-1707a6a9a3a0","local_time":"20190112234400","is_ascension_mode":true,"campfire_choices":[{"data":"Power Through","floor":10.0,"key":"SMITH"},{"data":"Wild Strike","floor":12.0,"key":"SMITH"},{"data":"True Grit","floor":15.0,"key":"SMITH"},{"data":"Sword Boomerang","floor":24,"key":"SMITH"},{"data":"True Grit","floor":28,"key":"SMITH"},{"floor":32,"key":"REST"},{"floor":41,"key":"REST"},{"data":"Limit Break","floor":49,"key":"SMITH"}],"neow_cost":"NONE","seed_source_timestamp":317295249200804,"circlet_count":0,"master_deck":["AscendersBane","Bash","Pommel Strike","Blood for Blood","Clothesline","Headbutt","Inflame+1","Power Through+1","Wild Strike+1","Shrug It Off","Battle Trance","True Grit+1","Barricade+1","Sword Boomerang+1","Corruption+1","Shrug It Off","Ghostly Armor","Evolve+1","Exhume","True Grit+1","Combust+1","Ghostly Armor","Double Tap","Infernal Blade","Limit Break+1","Fire Breathing+1","Carnage","Flex","Reaper","True Grit","Searing Blow","Fire Breathing+1","Headbutt+1","Cleave+1","Second Wind","Shockwave","Magnetism+1","Shrug It Off"],"special_seed":0,"relics":["Burning Blood","Frozen Egg 2","Bronze Scales","Juzu Bracelet","Vajra","Sozu","Mercury Hourglass","Lantern","Mummified Hand","Pandora\u0027s Box","Girya","Blood Vial","Champion Belt","Happy Flower","TheAbacus","Boot"],"potions_floor_usage":[40],"damage_taken":[{"damage":7.0,"enemies":"Small Slimes","floor":1.0,"turns":4.0},{"damage":11.0,"enemies":"Cultist","floor":3.0,"turns":4.0},{"damage":8.0,"enemies":"2 Louse","floor":4.0,"turns":2.0},{"damage":13.0,"enemies":"Red Slaver","floor":5.0,"turns":4.0},{"damage":17.0,"enemies":"Gremlin Nob","floor":6.0,"turns":4.0},{"damage":0.0,"enemies":"Large Slime","floor":7.0,"turns":6.0},{"damage":0.0,"enemies":"2 Fungi Beasts","floor":8.0,"turns":3.0},{"damage":26.0,"enemies":"Lagavulin","floor":11.0,"turns":8.0},{"damage":0.0,"enemies":"3 Louse","floor":14.0,"turns":2.0},{"damage":24.0,"enemies":"The Guardian","floor":16.0,"turns":12.0},{"damage":0.0,"enemies":"3 Byrds","floor":18.0,"turns":5.0},{"damage":0,"enemies":"Spheric Guardian","floor":21,"turns":3},{"damage":6,"enemies":"Colosseum Slavers","floor":22,"turns":5},{"damage":14,"enemies":"Book of Stabbing","floor":23,"turns":6},{"damage":13,"enemies":"Snecko","floor":31,"turns":4},{"damage":31,"enemies":"Automaton","floor":33,"turns":9},{"damage":20,"enemies":"3 Shapes","floor":35,"turns":3},{"damage":9,"enemies":"Mind Bloom Boss Battle","floor":38,"turns":6},{"damage":19,"enemies":"3 Darklings","floor":39,"turns":5},{"damage":45,"enemies":"Reptomancer","floor":40,"turns":5},{"damage":14,"enemies":"Maw","floor":45,"turns":6},{"damage":25,"enemies":"Spire Growth","floor":47,"turns":5},{"damage":65,"enemies":"Time Eater","floor":50,"turns":6}],"seed_played":"-8131528817128903531","potions_obtained":[{"floor":1.0,"key":"FearPotion"},{"floor":3.0,"key":"Poison Potion"},{"floor":4.0,"key":"AttackPotion"},{"floor":6.0,"key":"Swift Potion"},{"floor":8.0,"key":"Explosive Potion"}],"is_trial":false,"path_per_floor":["M","?","M","M","M","E","M","M","T","R","E","R","?","M","R","B",null,"M","$","?","M","?","E","R","$","T","$","R","?","?","M","R","B",null,"M","?","?","?","M","E","R","?","T","?","M","$","M","$","R","B"],"character_chosen":"IRONCLAD","items_purchased":["Corruption+1","Shrug It Off","True Grit","Lantern","Combust+1","Ghostly Armor","Happy Flower","TheAbacus","Magnetism+1","Boot"],"campfire_rested":2,"item_purchase_floors":[19,19,25,25,27,27,46,46,46,46],"current_hp_per_floor":[67,67,62,60,53,42,48,54,54,54,34,34,34,40,40,22,57,63,63,63,69,69,61,61,61,61,61,61,61,61,54,69,44,63,64,64,64,61,57,30,50,67,67,67,69,69,62,62,62,0],"gold":21,"neow_bonus":"TRANSFORM_CARD","is_prod":false,"is_daily":false,"chose_seed":false,"campfire_upgraded":6,"win_rate":0,"timestamp":1547354640,"path_taken":["M","?","M","M","M","E","M","?","T","R","E","R","?","M","R","BOSS","M","$","?","M","?","E","R","$","T","$","R","?","?","M","R","BOSS","M","?","?","?","M","E","R","?","T","?","M","$","M","?","R","BOSS"],"build_version":"2019-01-10","purchased_purges":1,"victory":false,"max_hp_per_floor":[75,75,75,75,75,75,75,75,75,75,75,75,69,69,69,69,69,69,69,69,69,69,69,69,69,69,69,69,69,69,69,69,69,69,69,69,69,69,69,69,69,69,69,69,69,69,69,69,69,69],"card_choices":[{"not_picked":["Combust","Pummel"],"picked":"Blood for Blood","floor":1.0},{"not_picked":["Pommel Strike","Shrug It Off"],"picked":"Clothesline","floor":3.0},{"not_picked":["Combust+1","Iron Wave"],"picked":"Headbutt","floor":4.0},{"not_picked":["Warcry","Corruption+1"],"picked":"Inflame+1","floor":5.0},{"not_picked":["Dual Wield","Havoc"],"picked":"Power Through","floor":6.0},{"not_picked":["Corruption+1","Intimidate"],"picked":"Wild Strike","floor":7.0},{"not_picked":["Sword Boomerang","Searing Blow"],"picked":"Shrug It Off","floor":8.0},{"not_picked":["Corruption+1","Juggernaut+1"],"picked":"Battle Trance","floor":11.0},{"not_picked":["Dual Wield","Body Slam"],"picked":"True Grit","floor":14.0},{"not_picked":["Double Tap","Juggernaut+1"],"picked":"Barricade+1","floor":16.0},{"not_picked":["Uppercut","Iron Wave"],"picked":"Sword Boomerang","floor":18.0},{"not_picked":["Flex","Heavy Blade"],"picked":"Evolve+1","floor":21},{"not_picked":["Dual Wield","Rampage+1"],"picked":"Exhume","floor":23},{"not_picked":["Heavy Blade","Headbutt"],"picked":"Infernal Blade","floor":31},{"not_picked":["Exhume","Double Tap"],"picked":"Limit Break","floor":33},{"not_picked":["Intimidate+1","Armaments","Wild Strike"],"picked":"SKIP","floor":35},{"not_picked":["Clothesline","Wild Strike"],"picked":"Headbutt+1","floor":38},{"not_picked":["Iron Wave+1","Clothesline"],"picked":"Cleave+1","floor":39},{"not_picked":["Corruption+1","Berserk+1"],"picked":"Second Wind","floor":40},{"not_picked":["Combust+1","Flex"],"picked":"Shockwave","floor":45},{"not_picked":["Twin Strike","Body Slam+1"],"picked":"Shrug It Off","floor":47}],"player_experience":528764,"relics_obtained":[{"floor":6.0,"key":"Bronze Scales"},{"floor":9.0,"key":"Juzu Bracelet"},{"floor":11.0,"key":"Vajra"},{"floor":23,"key":"Mercury Hourglass"},{"floor":26,"key":"Mummified Hand"},{"floor":38,"key":"Girya"},{"floor":40,"key":"Blood Vial"},{"floor":43,"key":"Champion Belt"}],"event_choices":[{"damage_healed":0.0,"max_hp_gain":0.0,"max_hp_loss":0.0,"gold_gain":0.0,"event_name":"WeMeetAgain","player_choice":"Gave Potion","floor":2.0,"gold_loss":0.0,"damage_taken":0.0,"relics_obtained":["Frozen Egg 2"]},{"damage_healed":0.0,"max_hp_gain":0.0,"max_hp_loss":6.0,"gold_gain":0.0,"event_name":"Golden Idol","player_choice":"Lose Max HP","floor":13.0,"gold_loss":0.0,"damage_taken":0.0,"relics_obtained":["Golden Idol"]},{"damage_healed":0.0,"max_hp_gain":0.0,"max_hp_loss":0.0,"gold_gain":0.0,"event_name":"The Library","player_choice":"Read","floor":20.0,"gold_loss":0.0,"damage_taken":0.0,"cards_obtained":["Ghostly Armor"]},{"damage_healed":0,"gold_gain":0,"player_choice":"Fight","damage_taken":0,"max_hp_gain":0,"max_hp_loss":0,"event_name":"Colosseum","floor":22,"gold_loss":0},{"damage_healed":0,"gold_gain":0,"player_choice":"Fled From Nobs","damage_taken":0,"max_hp_gain":0,"max_hp_loss":0,"event_name":"Colosseum","floor":22,"gold_loss":0},{"damage_healed":0,"gold_gain":0,"player_choice":"Ignored","damage_taken":0,"max_hp_gain":0,"max_hp_loss":0,"event_name":"Vampires","floor":29,"gold_loss":0},{"damage_healed":0,"gold_gain":0,"cards_transformed":["Strike_R"],"player_choice":"Transformed","damage_taken":0,"max_hp_gain":0,"max_hp_loss":0,"event_name":"Transmorgrifier","floor":30,"gold_loss":0,"cards_obtained":["Double Tap"]},{"damage_healed":0,"gold_gain":333,"player_choice":"Gave Idol","damage_taken":0,"max_hp_gain":0,"max_hp_loss":0,"event_name":"The Moai Head","floor":36,"relics_lost":["Golden Idol"],"gold_loss":0},{"damage_healed":0,"gold_gain":0,"player_choice":"Ignored","damage_taken":0,"max_hp_gain":0,"max_hp_loss":0,"event_name":"Tomb of Lord Red Mask","floor":37,"gold_loss":0},{"damage_healed":0,"gold_gain":0,"player_choice":"Fight","damage_taken":0,"max_hp_gain":0,"max_hp_loss":0,"event_name":"MindBloom","floor":38,"gold_loss":0},{"damage_healed":17,"gold_gain":0,"player_choice":"Writhe","damage_taken":0,"max_hp_gain":0,"max_hp_loss":0,"event_name":"Winding Halls","floor":42,"gold_loss":0,"cards_obtained":["Writhe"]},{"damage_healed":0,"gold_gain":100,"player_choice":"Pray","damage_taken":0,"max_hp_gain":0,"max_hp_loss":0,"event_name":"Golden Shrine","floor":44,"gold_loss":0}],"is_beta":false,"boss_relics":[{"not_picked":["Lizard Tail","Ectoplasm"],"picked":"Sozu"},{"not_picked":["Black Blood","Runic Dome"],"picked":"Pandora\u0027s Box"}],"items_purged_floors":[46],"is_endless":false,"potions_floor_spawned":[1,3,4,6,8,21,22,23,31,35,38,45,47],"killed_by":"Time Eater","ascension_level":14}