{"gold_per_floor":[17,31,31,43,55,55,55,65,65,25,25,25,25,40,40,119,119,136,148,162,87,0,0,32,32,32,43,43,7,20,119,119,192,192,207,0,0,13,13,13,113,138,173,33,33],"floor_reached":45,"playtime":1877,"items_purged":["Writhe"],"score":792,"play_id":"e13ed3d7-c980-4178-a4a9-2b0c82abfc17","local_time":"20190106211610","is_ascension_mode":true,"campfire_choices":[{"data":"Pommel Strike","floor":6.0,"key":"SMITH"},{"data":"Sever Soul","floor":11.0,"key":"SMITH"},{"data":"Shrug It Off","floor":13.0,"key":"SMITH"},{"data":"Limit Break","floor":15.0,"key":"SMITH"},{"floor":23.0,"key":"REST"},{"floor":25.0,"key":"REST"},{"floor":32.0,"key":"REST"},{"data":"Demon Form","floor":40.0,"key":"SMITH"}],"neow_cost":"NO_GOLD","seed_source_timestamp":347807256446111,"circlet_count":0,"master_deck":["AscendersBane","Strike_R+1","Strike_R+1","Defend_R","Defend_R","Defend_R","Bash","Battle Trance+1","Sword Boomerang+1","Pommel Strike+1","Pommel Strike","Burning Pact","Sever Soul+1","Limit Break+1","Shrug It Off+1","Spot Weakness","Demon Form+1","Havoc","Metallicize+1","Havoc","Power Through","Dark Embrace","Body Slam+1","Offering+1","Flex+1","Carnage","Burning Pact","Feel No Pain"],"special_seed":0,"relics":["Burning Blood","Charon\u0027s Ashes","Gremlin Horn","Busted Crown","Matryoshka","Whetstone","PreservedInsect","Art of War","Letter Opener","Astrolabe","Red Mask","Bronze Scales","Nunchaku","MawBank","Bag of Preparation"],"potions_floor_usage":[],"damage_taken":[{"damage":15.0,"enemies":"Small Slimes","floor":1.0,"turns":3.0},{"damage":1.0,"enemies":"Cultist","floor":2.0,"turns":3.0},{"damage":4.0,"enemies":"Jaw Worm","floor":4.0,"turns":4.0},{"damage":9.0,"enemies":"Blue Slaver","floor":5.0,"turns":4.0},{"damage":27.0,"enemies":"Gremlin Gang","floor":8.0,"turns":5.0},{"damage":0.0,"enemies":"2 Fungi Beasts","floor":14.0,"turns":2.0},{"damage":25.0,"enemies":"Slime Boss","floor":16.0,"turns":8.0},{"damage":14.0,"enemies":"Spheric Guardian","floor":18.0,"turns":5.0},{"damage":11.0,"enemies":"3 Byrds","floor":19.0,"turns":3.0},{"damage":18.0,"enemies":"Snake Plant","floor":20.0,"turns":3.0},{"damage":24.0,"enemies":"Gremlin Leader","floor":24.0,"turns":4.0},{"damage":23.0,"enemies":"Shelled Parasite and Fungi","floor":27.0,"turns":3.0},{"damage":14.0,"enemies":"Cultist and Chosen","floor":30.0,"turns":6.0},{"damage":23.0,"enemies":"Collector","floor":33.0,"turns":6.0},{"damage":27.0,"enemies":"3 Darklings","floor":35.0,"turns":3.0},{"damage":6.0,"enemies":"Orb Walker","floor":38.0,"turns":3.0},{"damage":6.0,"enemies":"Mind Bloom Boss Battle","floor":41.0,"turns":3.0},{"damage":21.0,"enemies":"Reptomancer","floor":42.0,"turns":3.0},{"damage":52,"enemies":"Spire Growth","floor":45,"turns":4}],"seed_played":"7244337994463905749","potions_obtained":[{"floor":1.0,"key":"BloodPotion"},{"floor":8.0,"key":"Fire Potion"},{"floor":16.0,"key":"LiquidBronze"},{"floor":19.0,"key":"SteroidPotion"},{"floor":30.0,"key":"AttackPotion"},{"floor":33.0,"key":"Dexterity Potion"},{"floor":35.0,"key":"SteroidPotion"}],"is_trial":false,"path_per_floor":["M","M","?","M","M","R","?","M","T","$","R","?","R","M","R","B",null,"M","M","M","?","?","R","E","R","T","M","T","$","M","?","R","B",null,"M","?","T","M","?","R","?","E","T","$","M"],"character_chosen":"IRONCLAD","items_purchased":["Rupture","Power Through","Feel No Pain"],"campfire_rested":3,"item_purchase_floors":[10,29,44],"current_hp_per_floor":[59,64,64,66,63,63,48,34,34,34,34,34,34,40,40,21,62,54,49,37,37,37,59,41,63,63,46,46,46,38,38,60,43,67,46,46,46,46,65,65,65,50,50,50,0],"gold":33,"neow_bonus":"ONE_RARE_RELIC","is_prod":false,"is_daily":false,"chose_seed":false,"campfire_upgraded":5,"win_rate":0,"timestamp":1546827370,"path_taken":["M","M","?","M","M","R","?","M","T","$","R","?","R","?","R","BOSS","M","M","M","?","?","R","E","R","T","M","?","?","?","?","R","BOSS","M","?","?","M","?","R","?","E","T","$","?"],"build_version":"2019-01-03v4","purchased_purges":1,"victory":false,"max_hp_per_floor":[75,75,75,75,75,75,75,75,75,75,75,75,75,75,75,75,75,75,75,75,75,75,75,75,75,75,75,75,75,75,75,75,75,75,75,75,75,75,75,75,75,75,75,75,75],"card_choices":[{"not_picked":["Whirlwind","Hemokinesis"],"picked":"Battle Trance","floor":1.0},{"not_picked":["Fire Breathing","Anger"],"picked":"Sword Boomerang","floor":2.0},{"not_picked":["Perfected Strike","Heavy Blade"],"picked":"Pommel Strike","floor":4.0},{"not_picked":["Intimidate","Warcry"],"picked":"Burning Pact","floor":5.0},{"not_picked":["Cleave","Thunderclap"],"picked":"Sever Soul","floor":8.0},{"not_picked":["Clothesline","Rage"],"picked":"Spot Weakness","floor":14.0},{"not_picked":["Feed","Juggernaut"],"picked":"Demon Form","floor":16.0},{"not_picked":["Havoc"],"picked":"SKIP","floor":18.0},{"not_picked":[],"picked":"Havoc","floor":18.0},{"not_picked":["Rampage"],"picked":"SKIP","floor":19.0},{"not_picked":["Clothesline"],"picked":"SKIP","floor":20.0},{"not_picked":[],"picked":"Metallicize+1","floor":24.0},{"not_picked":[],"picked":"Havoc","floor":27.0},{"not_picked":["Perfected Strike"],"picked":"SKIP","floor":30.0},{"not_picked":[],"picked":"Dark Embrace","floor":33.0},{"not_picked":["Clothesline"],"picked":"SKIP","floor":35.0},{"not_picked":["Rampage+1"],"picked":"SKIP","floor":38.0},{"not_picked":[],"picked":"Carnage","floor":41.0},{"not_picked":[],"picked":"Burning Pact","floor":42.0}],"player_experience":522692,"relics_obtained":[{"floor":9.0,"key":"Gremlin Horn"},{"floor":24.0,"key":"Matryoshka"},{"floor":26.0,"key":"Whetstone"},{"floor":26.0,"key":"PreservedInsect"},{"floor":28.0,"key":"Art of War"},{"floor":28.0,"key":"Letter Opener"},{"floor":37.0,"key":"Bronze Scales"},{"floor":41.0,"key":"Nunchaku"},{"floor":42.0,"key":"MawBank"},{"floor":43.0,"key":"Bag of Preparation"}],"event_choices":[{"damage_healed":0.0,"max_hp_gain":0.0,"max_hp_loss":0.0,"gold_gain":0.0,"cards_transformed":["Strike_R"],"event_name":"Living Wall","player_choice":"Change","floor":3.0,"gold_loss":0.0,"damage_taken":0.0,"cards_obtained":["Pommel Strike"]},{"damage_healed":0.0,"max_hp_gain":0.0,"max_hp_loss":0.0,"gold_gain":0.0,"event_name":"Shining Light","player_choice":"Entered Light","floor":7.0,"gold_loss":0.0,"damage_taken":15.0,"cards_upgraded":["Battle Trance","Strike_R"]},{"damage_healed":0.0,"max_hp_gain":0.0,"max_hp_loss":0.0,"gold_gain":0.0,"event_name":"Match and Keep!","player_choice":"2 cards matched","floor":12.0,"gold_loss":0.0,"damage_taken":0.0,"cards_obtained":["Limit Break","Shrug It Off"]},{"cards_removed":["Strike_R"],"damage_healed":0.0,"max_hp_gain":0.0,"max_hp_loss":0.0,"gold_gain":0.0,"event_name":"Beggar","player_choice":"Gave Gold","floor":21.0,"gold_loss":75.0,"damage_taken":0.0},{"damage_healed":0.0,"max_hp_gain":0.0,"max_hp_loss":0.0,"gold_gain":0.0,"event_name":"Masked Bandits","player_choice":"Paid Fearfully","floor":22.0,"gold_loss":87.0,"damage_taken":0.0},{"damage_healed":0.0,"max_hp_gain":0.0,"max_hp_loss":0.0,"gold_gain":99.0,"event_name":"Nest","player_choice":"Stole From Cult","floor":31.0,"gold_loss":0.0,"damage_taken":0.0},{"damage_healed":0.0,"max_hp_gain":0.0,"max_hp_loss":0.0,"gold_gain":0.0,"event_name":"Tomb of Lord Red Mask","player_choice":"Paid","floor":36.0,"gold_loss":207.0,"damage_taken":0.0,"relics_obtained":["Red Mask"]},{"damage_healed":19.0,"max_hp_gain":0.0,"max_hp_loss":0.0,"gold_gain":0.0,"event_name":"Winding Halls","player_choice":"Writhe","floor":39.0,"gold_loss":0.0,"damage_taken":0.0,"cards_obtained":["Writhe"]},{"damage_healed":0.0,"max_hp_gain":0.0,"max_hp_loss":0.0,"gold_gain":0.0,"event_name":"MindBloom","player_choice":"Fight","floor":41.0,"gold_loss":0.0,"damage_taken":0.0}],"is_beta":false,"boss_relics":[{"not_picked":["Calling Bell","Velvet Choker"],"picked":"Busted Crown"},{"not_picked":["Black Star","Runic Pyramid"],"picked":"Astrolabe"}],"items_purged_floors":[44],"is_endless":false,"potions_floor_spawned":[1,8,16,19,30,33,35,41,42],"killed_by":"Spire Growth","ascension_level":14}