{"gold_per_floor":[116,129,129,129,145,180,194,194],"floor_reached":8,"playtime":522,"items_purged":[],"score":58,"play_id":"8aca9b63-1a47-4c14-b053-35b2e1c45b18","local_time":"20180706214145","is_ascension_mode":false,"campfire_choices":[],"neow_cost":"NONE","seed_source_timestamp":32653158589347,"circlet_count":0,"master_deck":["Strike_R","Strike_R","Strike_R","Strike_R","Defend_R","Defend_R","Defend_R","Defend_R","Bash","Juggernaut","Inflame","Twin Strike","Heavy Blade","Juggernaut","Power Through","Fiend Fire","Armaments"],"relics":["Burning Blood","Regal Pillow"],"potions_floor_usage":[6,7],"damage_taken":[{"damage":6,"enemies":"2 Louse","floor":1,"turns":4},{"damage":8,"enemies":"Jaw Worm","floor":2,"turns":4},{"damage":3,"enemies":"Small Slimes","floor":5,"turns":3},{"damage":31,"enemies":"Lagavulin","floor":6,"turns":7},{"damage":9,"enemies":"Blue Slaver","floor":7,"turns":3},{"damage":51,"enemies":"Gremlin Nob","floor":8,"turns":5}],"seed_played":"52818999240009582","potions_obtained":[{"floor":1,"key":"PowerPotion"},{"floor":2,"key":"Weak Potion"}],"is_trial":false,"path_per_floor":["M","M","?","?","M","E","M"],"character_chosen":"IRONCLAD","items_purchased":[],"campfire_rested":0,"item_purchase_floors":[],"current_hp_per_floor":[80,78,71,71,74,49,46,0],"gold":194,"neow_bonus":"ONE_RANDOM_RARE_CARD","is_prod":false,"is_daily":false,"chose_seed":false,"campfire_upgraded":0,"win_rate":0.0,"timestamp":1530927705,"path_taken":["M","M","?","?","M","E","M","E"],"build_version":"2018-07-05","purchased_purges":0,"victory":false,"max_hp_per_floor":[80,80,80,80,80,80,80,80],"card_choices":[{"not_picked":["Ghostly Armor","Armaments"],"picked":"Inflame","floor":1},{"not_picked":["Uppercut","Armaments"],"picked":"Twin Strike","floor":2},{"not_picked":["Metallicize","Bloodletting"],"picked":"Power Through","floor":5},{"not_picked":["Iron Wave","Headbutt"],"picked":"Fiend Fire","floor":6},{"not_picked":["Bloodletting","Uppercut"],"picked":"Armaments","floor":7}],"player_experience":14231,"relics_obtained":[{"floor":6,"key":"Regal Pillow"}],"event_choices":[{"event_name":"Golden Wing","player_choice":"Card Removal","floor":3,"damage_taken":0},{"event_name":"Match and Keep!","player_choice":"2 cards matched","floor":4,"damage_taken":0},{"event_name":"Match and Keep!","player_choice":"2 cards matched","floor":4,"damage_taken":0}],"boss_relics":[],"items_purged_floors":[],"is_endless":false,"potions_floor_spawned":[1,2],"killed_by":"Gremlin Nob","ascension_level":0}