{"gold_per_floor":[118,133,144,21,40,40,51,51,77,77,96,96,109,137,149,260,272,299,311,340,20,20,53,71,71,71,71,171,12,39,50,50,50],"floor_reached":33,"playtime":1318,"items_purged":[],"score":287,"play_id":"4191db06-68fa-492d-84d1-036c5f192b03","local_time":"20180802181119","is_ascension_mode":false,"campfire_choices":[{"floor":6,"key":"REST"},{"data":"Sunder","floor":12,"key":"SMITH"},{"data":"Go for the Eyes","floor":15,"key":"SMITH"},{"floor":25,"key":"REST"},{"floor":32,"key":"REST"}],"neow_cost":"NONE","seed_source_timestamp":301268662366779,"circlet_count":0,"master_deck":["Strike_B","Strike_B","Strike_B","Strike_B","Defend_B","Defend_B+1","Defend_B","Defend_B","Zap","Dualcast+1","Coolheaded","Rebound","Sweeping Beam","Rip and Tear","Rip and Tear","Leap","Conserve Battery","Sunder+1","Beam Cell","Coolheaded","Go for the Eyes+1","Core Surge","Beam Cell+1","White Noise","Hologram","Doom and Gloom","Fusion","Undo","Ball Lightning+1","Melter","Storm","Stack","Core Surge","Conserve Battery"],"relics":["Cracked Core","War Paint","Lantern","Pear","MawBank","Inserter","Juzu Bracelet","Cables","Shuriken","Question Card","Bottled Tornado"],"potions_floor_usage":[16,23,23,24,31],"damage_taken":[{"damage":4,"enemies":"Cultist","floor":1,"turns":4},{"damage":5,"enemies":"2 Louse","floor":2,"turns":2},{"damage":11,"enemies":"Jaw Worm","floor":3,"turns":3},{"damage":0,"enemies":"Exordium Wildlife","floor":5,"turns":2},{"damage":7,"enemies":"Blue Slaver","floor":7,"turns":3},{"damage":1,"enemies":"Looter","floor":11,"turns":2},{"damage":0,"enemies":"Red Slaver","floor":13,"turns":2},{"damage":6,"enemies":"3 Sentries","floor":14,"turns":5},{"damage":11,"enemies":"Slime Boss","floor":16,"turns":10},{"damage":6,"enemies":"Chosen","floor":18,"turns":3},{"damage":9,"enemies":"3 Byrds","floor":20,"turns":4},{"damage":36,"enemies":"Book of Stabbing","floor":23,"turns":5},{"damage":19,"enemies":"Snake Plant","floor":24,"turns":3},{"damage":22,"enemies":"Gremlin Leader","floor":30,"turns":7},{"damage":10,"enemies":"Centurion and Healer","floor":31,"turns":6},{"damage":64,"enemies":"Automaton","floor":33,"turns":6}],"seed_played":"-2252486352950639870","potions_obtained":[{"floor":2,"key":"Ancient Potion"},{"floor":11,"key":"Strength Potion"},{"floor":13,"key":"Swift Potion"},{"floor":18,"key":"Regen Potion"},{"floor":24,"key":"SteroidPotion"}],"is_trial":false,"path_per_floor":["M","M","M","$","M","R","M","?","T","T","M","R","M","E","R","B",null,"M","?","M","$","?","E","M","R","T","?","?","$","E","M","R"],"character_chosen":"DEFECT","items_purchased":["Rip and Tear","Leap","Hologram","Doom and Gloom","Juzu Bracelet","Fusion","Melter","Storm","Stack"],"campfire_rested":3,"item_purchase_floors":[4,4,21,21,21,21,29,29,29],"current_hp_per_floor":[71,66,55,55,55,75,68,61,61,71,70,70,70,64,64,53,85,79,79,70,70,70,48,29,54,54,54,54,54,32,22,47,0],"gold":50,"neow_bonus":"THREE_CARDS","is_prod":false,"is_daily":false,"chose_seed":false,"campfire_upgraded":2,"win_rate":0,"timestamp":1533226279,"path_taken":["M","M","M","?","M","R","M","?","T","?","M","R","M","E","R","BOSS","M","?","M","$","?","E","M","R","T","?","?","$","E","M","R","BOSS"],"build_version":"2018-07-26","purchased_purges":0,"victory":false,"max_hp_per_floor":[75,75,75,75,75,75,75,75,75,85,85,85,85,85,85,85,85,85,85,85,85,85,85,85,85,85,85,85,85,85,85,85,85],"card_choices":[{"not_picked":["Hologram","Redo"],"picked":"Coolheaded","floor":0},{"not_picked":["Cold Snap","Hologram"],"picked":"Rebound","floor":1},{"not_picked":["Turbo","Barrage"],"picked":"Sweeping Beam","floor":2},{"not_picked":["Storm","Chill"],"picked":"Rip and Tear","floor":3},{"not_picked":["Sweeping Beam","Rebound"],"picked":"Conserve Battery","floor":5},{"not_picked":["Skim","Streamline"],"picked":"Sunder","floor":7},{"not_picked":["Skim","Steam"],"picked":"Beam Cell","floor":11},{"not_picked":["Chaos","Cold Snap"],"picked":"Coolheaded","floor":13},{"not_picked":["Undo","Compile Driver"],"picked":"Go for the Eyes","floor":14},{"not_picked":["Biased Cognition","Meteor Strike"],"picked":"Core Surge","floor":16},{"not_picked":["Capacitor+1","Force Field"],"picked":"Beam Cell+1","floor":18},{"not_picked":["Turbo","FTL"],"picked":"White Noise","floor":20},{"not_picked":["Scrape","Self Repair+1"],"picked":"Undo","floor":23},{"not_picked":["Redo+1","Cold Snap"],"picked":"Ball Lightning+1","floor":24},{"not_picked":["Compile Driver","Barrage","Streamline"],"picked":"Core Surge","floor":30},{"not_picked":["Melter","Compile Driver","Scrape"],"picked":"Conserve Battery","floor":31}],"player_experience":139646,"relics_obtained":[{"floor":9,"key":"Lantern"},{"floor":10,"key":"Pear"},{"floor":14,"key":"MawBank"},{"floor":23,"key":"Shuriken"},{"floor":26,"key":"Question Card"},{"floor":30,"key":"Bottled Tornado"}],"event_choices":[{"event_name":"Scrap Ooze","player_choice":"success","floor":8,"damage_taken":7},{"event_name":"Beggar","player_choice":"Ignored","floor":19,"damage_taken":0},{"event_name":"The Mausoleum","player_choice":"Yes","floor":22,"damage_taken":0},{"event_name":"Back to Basics","player_choice":"Elegance","floor":27,"damage_taken":0},{"event_name":"Golden Shrine","player_choice":"Pray","floor":28,"damage_taken":0}],"is_beta":false,"boss_relics":[{"not_picked":["Snecko Eye","FrozenCore"],"picked":"Inserter"}],"items_purged_floors":[],"is_endless":false,"potions_floor_spawned":[2,11,13,14,18,24],"killed_by":"Automaton","ascension_level":0}