{"gold_per_floor":[114,114,124,140,140,140,167,167,167,177,187,11,31,31,31,135,135,146,34,46,46,58,58,83,83,83,94,114,128,148,148],"floor_reached":31,"playtime":2442,"items_purged":["Strike_R"],"score":263,"play_id":"20202f29-4b70-4d98-934d-ca31843f414d","local_time":"20190504124415","is_ascension_mode":false,"campfire_choices":[{"data":"True Grit","floor":6.0,"key":"SMITH"},{"floor":8.0,"key":"REST"},{"data":"Ghostly Armor","floor":15.0,"key":"SMITH"},{"floor":25,"key":"REST"}],"neow_cost":"NONE","seed_source_timestamp":0,"circlet_count":0,"master_deck":["Strike_R","Strike_R","Strike_R","Strike_R","Defend_R","Defend_R","Defend_R","Defend_R","Bash+1","True Grit+1","Cleave","Dropkick","Ghostly Armor+1","Inflame","Power Through","Feed","Warcry","Uppercut","Juggernaut","Clothesline","Inflame","True Grit+1","Rupture","Searing Blow+1","Iron Wave","Pain","Headbutt","Flex","True Grit","Anger"],"special_seed":0,"relics":["Burning Blood","Kunai","Mercury Hourglass","Cursed Key","Nloth\u0027s Gift","Pantograph","Bottled Tornado"],"potions_floor_usage":[21,24,28,28,31],"damage_taken":[{"damage":4.0,"enemies":"Small Slimes","floor":1.0,"turns":4.0},{"damage":4.0,"enemies":"2 Louse","floor":3.0,"turns":3.0},{"damage":1.0,"enemies":"Cultist","floor":4.0,"turns":3.0},{"damage":44.0,"enemies":"Lagavulin","floor":7.0,"turns":9.0},{"damage":0.0,"enemies":"Red Slaver","floor":10.0,"turns":4.0},{"damage":14.0,"enemies":"Exordium Wildlife","floor":11.0,"turns":3.0},{"damage":4.0,"enemies":"Gremlin Gang","floor":13.0,"turns":3.0},{"damage":58.0,"enemies":"Hexaghost","floor":16.0,"turns":10.0},{"damage":14,"enemies":"3 Byrds","floor":18,"turns":6},{"damage":9,"enemies":"Spheric Guardian","floor":20,"turns":4},{"damage":6,"enemies":"Cultist and Chosen","floor":21,"turns":6},{"damage":9,"enemies":"Centurion and Healer","floor":22,"turns":6},{"damage":43,"enemies":"Slavers","floor":24,"turns":6},{"damage":12,"enemies":"3 Cultists","floor":27,"turns":5},{"damage":15,"enemies":"Snecko","floor":28,"turns":4},{"damage":38,"enemies":"Shelled Parasite and Fungi","floor":29,"turns":7},{"damage":10,"enemies":"Chosen and Byrds","floor":30,"turns":8},{"damage":27,"enemies":"3 Cultists","floor":31,"turns":5}],"seed_played":"7254462775624159565","potions_obtained":[{"floor":4.0,"key":"FearPotion"},{"floor":5.0,"key":"Strength Potion"},{"floor":5.0,"key":"LiquidBronze"},{"floor":13.0,"key":"FearPotion"},{"floor":16.0,"key":"Block Potion"},{"floor":18,"key":"Fire Potion"},{"floor":27,"key":"Swift Potion"},{"floor":28,"key":"EssenceOfSteel"},{"floor":30,"key":"GamblersBrew"}],"is_trial":false,"path_per_floor":["M","?","M","M","?","R","E","R","T","M","M","$","M","T","R","B",null,"M","$","M","M","M","?","E","R","T","M","M","M","M","M"],"character_chosen":"IRONCLAD","items_purchased":["Feed","Warcry","Inflame"],"campfire_rested":2,"item_purchase_floors":[12,12,19],"current_hp_per_floor":[80,85,85,85,85,85,47,72,72,78,70,70,75,75,75,26,91,83,83,80,80,80,80,43,71,71,65,56,24,20,0],"gold":148,"neow_bonus":"UPGRADE_CARD","is_prod":false,"is_daily":false,"chose_seed":false,"campfire_upgraded":2,"win_rate":0.0,"timestamp":1556966655,"path_taken":["M","?","M","M","?","R","E","R","T","?","M","?","M","?","R","BOSS","M","$","M","M","?","?","E","R","T","M","M","M","M","?"],"build_version":"2019-01-23","purchased_purges":1,"victory":false,"max_hp_per_floor":[80,85,85,85,85,85,85,85,85,85,85,85,88,88,88,91,91,91,91,91,91,94,94,94,94,94,94,94,94,94,94],"card_choices":[{"not_picked":["Power Through","Anger"],"picked":"True Grit","floor":1.0},{"not_picked":["Twin Strike","Anger"],"picked":"Cleave","floor":3.0},{"not_picked":["Headbutt","Intimidate"],"picked":"Dropkick","floor":4.0},{"not_picked":["Barricade","Corruption"],"picked":"Ghostly Armor","floor":7.0},{"not_picked":["Metallicize","Armaments"],"picked":"Inflame","floor":10.0},{"not_picked":["Anger","Perfected Strike"],"picked":"Power Through","floor":11.0},{"not_picked":["Twin Strike","Iron Wave"],"picked":"Uppercut","floor":13.0},{"not_picked":["Offering","Double Tap"],"picked":"Juggernaut","floor":16.0},{"not_picked":["Shrug It Off","Cleave"],"picked":"Clothesline","floor":18},{"not_picked":["Intimidate+1","Clash"],"picked":"True Grit+1","floor":20},{"not_picked":["Headbutt","Power Through+1"],"picked":"Rupture","floor":21},{"not_picked":["Carnage","Flex"],"picked":"Searing Blow+1","floor":22},{"not_picked":["Intimidate+1","Shrug It Off"],"picked":"Iron Wave","floor":24},{"not_picked":["Thunderclap","Clothesline+1"],"picked":"Headbutt","floor":27},{"not_picked":["Warcry","Disarm"],"picked":"Flex","floor":28},{"not_picked":["Perfected Strike","Cleave+1"],"picked":"True Grit","floor":29},{"not_picked":["Offering","Warcry"],"picked":"Anger","floor":30}],"player_experience":4945,"relics_obtained":[{"floor":7.0,"key":"Kunai"},{"floor":9.0,"key":"Mercury Hourglass"},{"floor":14.0,"key":"StoneCalendar"},{"floor":24,"key":"Pantograph"},{"floor":26,"key":"Bottled Tornado"}],"event_choices":[{"damage_healed":0.0,"max_hp_gain":5.0,"max_hp_loss":0.0,"gold_gain":0.0,"event_name":"Big Fish","player_choice":"Donut","floor":2.0,"gold_loss":0.0,"damage_taken":0.0},{"damage_healed":0.0,"max_hp_gain":0.0,"max_hp_loss":0.0,"gold_gain":0.0,"event_name":"Lab","player_choice":"Got Potions","floor":5.0,"gold_loss":0.0,"damage_taken":0.0},{"damage_healed":0,"gold_gain":0,"player_choice":"Traded Relic","damage_taken":0,"relics_obtained":["Nloth\u0027s Gift"],"max_hp_gain":0,"max_hp_loss":0,"event_name":"N\u0027loth","floor":23,"relics_lost":["StoneCalendar"],"gold_loss":0}],"is_beta":false,"boss_relics":[{"not_picked":["Runic Pyramid","Coffee Dripper"],"picked":"Cursed Key"}],"items_purged_floors":[19],"is_endless":false,"potions_floor_spawned":[4,13,16,18,20,27,28,30],"killed_by":"3 Cultists","ascension_level":0}