{"gold_per_floor":[112,130,130,149,71,71,82,82,105,53,53,82,101,101,101,175,175,189,203,128,128,139,139,93,93,116,116,391,17,17,29,29,29],"floor_reached":33,"playtime":1786,"items_purged":["Regret"],"score":413,"play_id":"aa114c2f-115d-40d5-88e4-0fc219567624","local_time":"20190106195241","is_ascension_mode":true,"campfire_choices":[{"data":"Shockwave","floor":6.0,"key":"SMITH"},{"data":"Iron Wave","floor":8.0,"key":"SMITH"},{"floor":15.0,"key":"DIG"},{"floor":23.0,"key":"DIG"},{"floor":25.0,"key":"REST"},{"floor":27.0,"key":"DIG"},{"floor":30.0,"key":"DIG"},{"data":"Strike_R","floor":32.0,"key":"PURGE"}],"neow_cost":"NONE","seed_source_timestamp":344124170417097,"circlet_count":0,"master_deck":["AscendersBane","Defend_R","Defend_R+1","Defend_R","Defend_R","Bash","Iron Wave+1","Shockwave+1","True Grit","Double Tap","Second Wind+1","Shrug It Off","Ghostly Armor","Clothesline","Reaper","Havoc","Infernal Blade","Iron Wave","Corruption","Shrug It Off","Warcry","Body Slam"],"special_seed":0,"relics":["Burning Blood","Dream Catcher","Boot","Shovel","Lantern","Fusion Hammer","Du-Vu Doll","Pen Nib","Peace Pipe","Bag of Marbles","Strawberry","Omamori"],"potions_floor_usage":[33],"damage_taken":[{"damage":8.0,"enemies":"Jaw Worm","floor":1.0,"turns":4.0},{"damage":6.0,"enemies":"Cultist","floor":2.0,"turns":4.0},{"damage":0.0,"enemies":"2 Louse","floor":4.0,"turns":3.0},{"damage":15.0,"enemies":"Large Slime","floor":7.0,"turns":8.0},{"damage":24.0,"enemies":"Gremlin Nob","floor":12.0,"turns":7.0},{"damage":11.0,"enemies":"Exordium Wildlife","floor":13.0,"turns":7.0},{"damage":43.0,"enemies":"The Guardian","floor":16.0,"turns":19.0},{"damage":38.0,"enemies":"Spheric Guardian","floor":18.0,"turns":7.0},{"damage":16.0,"enemies":"Chosen","floor":19.0,"turns":8.0},{"damage":5.0,"enemies":"Snake Plant","floor":22.0,"turns":4.0},{"damage":10.0,"enemies":"Centurion and Healer","floor":31.0,"turns":7.0},{"damage":117,"enemies":"Automaton","floor":33,"turns":12}],"seed_played":"3098166856206162623","potions_obtained":[{"floor":2.0,"key":"FearPotion"},{"floor":4.0,"key":"Regen Potion"},{"floor":12.0,"key":"Regen Potion"},{"floor":31.0,"key":"Weak Potion"}],"is_trial":false,"path_per_floor":["M","M","?","M","$","R","M","R","T","$","?","E","M","?","R","B",null,"M","M","?","?","M","R","$","R","T","R","?","$","R","M","R","B"],"character_chosen":"IRONCLAD","items_purchased":["Double Tap","Shrug It Off","Shrug It Off","Bag of Marbles","Strawberry"],"campfire_rested":1,"item_purchase_floors":[5,10,24,29,29],"current_hp_per_floor":[66,66,66,72,72,72,63,63,63,63,48,44,54,47,47,10,59,27,23,23,23,24,24,24,46,46,46,46,53,53,77,77,0],"gold":29,"neow_bonus":"REMOVE_CARD","is_prod":false,"is_daily":false,"chose_seed":false,"campfire_upgraded":2,"win_rate":0,"timestamp":1546822361,"path_taken":["M","M","?","M","$","R","?","R","T","$","?","E","M","?","R","BOSS","M","M","?","?","?","R","$","R","T","R","?","$","R","M","R","BOSS"],"build_version":"2019-01-03v4","purchased_purges":1,"victory":false,"max_hp_per_floor":[75,75,75,75,75,75,75,75,75,75,75,75,75,75,75,75,75,75,75,75,75,75,75,75,75,75,75,75,82,82,82,82,82],"card_choices":[{"not_picked":["Clash","Twin Strike"],"picked":"Iron Wave","floor":1.0},{"not_picked":["Sentinel","Havoc"],"picked":"Shockwave","floor":2.0},{"not_picked":["Anger","Clash"],"picked":"True Grit","floor":4.0},{"not_picked":["Thunderclap","Juggernaut"],"picked":"Second Wind","floor":7.0},{"not_picked":["Heavy Blade","True Grit"],"picked":"Ghostly Armor","floor":12.0},{"not_picked":["Whirlwind","Twin Strike"],"picked":"Clothesline","floor":13.0},{"not_picked":["Impervious","Double Tap"],"picked":"Reaper","floor":16.0},{"not_picked":["Perfected Strike","Pommel Strike"],"picked":"Havoc","floor":18.0},{"not_picked":["Rage","Flame Barrier"],"picked":"Infernal Blade","floor":19.0},{"not_picked":["Headbutt","Cleave"],"picked":"Corruption","floor":22.0},{"not_picked":["Corruption","Whirlwind"],"picked":"Warcry","floor":25.0},{"not_picked":["Thunderclap","Shrug It Off"],"picked":"Body Slam","floor":31.0}],"player_experience":520906,"relics_obtained":[{"floor":9.0,"key":"Boot"},{"floor":12.0,"key":"Shovel"},{"floor":15.0,"key":"Lantern"},{"floor":23.0,"key":"Du-Vu Doll"},{"floor":26.0,"key":"Pen Nib"},{"floor":27.0,"key":"Peace Pipe"},{"floor":30.0,"key":"Omamori"}],"event_choices":[{"damage_healed":0.0,"max_hp_gain":0.0,"max_hp_loss":0.0,"gold_gain":0.0,"event_name":"WeMeetAgain","player_choice":"Gave Potion","floor":3.0,"gold_loss":0.0,"damage_taken":0.0,"relics_obtained":["Dream Catcher"]},{"damage_healed":0.0,"max_hp_gain":0.0,"max_hp_loss":0.0,"gold_gain":0.0,"event_name":"Shining Light","player_choice":"Entered Light","floor":11.0,"gold_loss":0.0,"damage_taken":15.0,"cards_upgraded":["Second Wind","Defend_R"]},{"cards_removed":["Strike_R"],"damage_healed":0.0,"max_hp_gain":0.0,"max_hp_loss":0.0,"gold_gain":0.0,"event_name":"Golden Wing","player_choice":"Card Removal","floor":14.0,"gold_loss":0.0,"damage_taken":7.0},{"cards_removed":["Strike_R"],"damage_healed":0.0,"max_hp_gain":0.0,"max_hp_loss":0.0,"gold_gain":0.0,"event_name":"Beggar","player_choice":"Gave Gold","floor":20.0,"gold_loss":75.0,"damage_taken":0.0},{"damage_healed":0.0,"max_hp_gain":0.0,"max_hp_loss":0.0,"gold_gain":0.0,"cards_transformed":["Strike_R"],"event_name":"Transmorgrifier","player_choice":"Transformed","floor":21.0,"gold_loss":0.0,"damage_taken":0.0,"cards_obtained":["Iron Wave"]},{"damage_healed":0.0,"max_hp_gain":0.0,"max_hp_loss":0.0,"gold_gain":275.0,"event_name":"Golden Shrine","player_choice":"Desecrate","floor":28.0,"gold_loss":0.0,"damage_taken":0.0,"cards_obtained":["Regret"]}],"is_beta":false,"boss_relics":[{"not_picked":["Philosopher\u0027s Stone","Tiny House"],"picked":"Fusion Hammer"}],"items_purged_floors":[29],"is_endless":false,"potions_floor_spawned":[2,4,12,31],"killed_by":"Automaton","ascension_level":14}