{"gold_per_floor":[111,129,148,160,335,368,318,72,99,99,118,118,134,166,166,263,263,282,282,282,282,265,293,53,85,85,118,130,130,143,162,162,262,262,276,286,335,27,27,27,47,74,74,74,74,101,101,101,101,101],"floor_reached":51,"playtime":3904,"items_purged":[],"score":1152,"play_id":"0509b5a4-a5ac-405c-9b20-a22d3c5b2064","local_time":"20180918182220","is_ascension_mode":true,"campfire_choices":[{"data":"Heavy Blade","floor":12.0,"key":"SMITH"},{"floor":15.0,"key":"REST"},{"floor":29.0,"key":"REST"},{"floor":32.0,"key":"REST"},{"data":"Fiend Fire","floor":40.0,"key":"SMITH"},{"floor":44.0,"key":"REST"},{"data":"Corruption","floor":47.0,"key":"SMITH"},{"floor":49,"key":"REST"}],"neow_cost":"CURSE","seed_source_timestamp":43792654250147,"circlet_count":0,"master_deck":["Strike_R","Strike_R","Strike_R","Strike_R","Strike_R","Defend_R","Defend_R","Defend_R","Defend_R","Bash","Injury","Cleave","Spot Weakness","Body Slam","Shrug It Off","Heavy Blade+1","Headbutt","Fiend Fire+1","Inflame+1","Heavy Blade","Rupture","Twin Strike+1","Infernal Blade","Corruption+1","Burning Pact","Ghostly Armor","Disarm","Flex","Dark Embrace","Armaments+1","True Grit","Shrug It Off","Shrug It Off","Writhe","Pummel","Rage","Bandage Up"],"special_seed":0,"relics":["Black Blood","Lantern","Membership Card","Centennial Puzzle","Orichalcum","Kunai","Runic Pyramid","WingedGreaves","Nilry\u0027s Codex","Anchor","Matryoshka","Bronze Scales","Boot","PreservedInsect","The Courier","Bottled Lightning","Thread and Needle","Bag of Preparation","ClockworkSouvenir","Unceasing Top","Ornamental Fan","Vajra","Dead Branch","Omamori"],"potions_floor_usage":[50,50],"damage_taken":[{"damage":7.0,"enemies":"Small Slimes","floor":1.0,"turns":3.0},{"damage":6.0,"enemies":"2 Louse","floor":2.0,"turns":2.0},{"damage":4.0,"enemies":"Jaw Worm","floor":3.0,"turns":4.0},{"damage":11.0,"enemies":"Looter","floor":4.0,"turns":5.0},{"damage":57.0,"enemies":"Gremlin Nob","floor":6.0,"turns":6.0},{"damage":2.0,"enemies":"2 Fungi Beasts","floor":11.0,"turns":4.0},{"damage":4.0,"enemies":"Red Slaver","floor":13.0,"turns":2.0},{"damage":28.0,"enemies":"Lagavulin","floor":14.0,"turns":6.0},{"damage":45.0,"enemies":"The Guardian","floor":16.0,"turns":9.0},{"damage":5.0,"enemies":"Spheric Guardian","floor":18.0,"turns":3.0},{"damage":15.0,"enemies":"2 Thieves","floor":22.0,"turns":4.0},{"damage":23.0,"enemies":"Gremlin Leader","floor":23.0,"turns":5.0},{"damage":21.0,"enemies":"Slavers","floor":25.0,"turns":5.0},{"damage":15.0,"enemies":"Book of Stabbing","floor":27.0,"turns":3.0},{"damage":16.0,"enemies":"Centurion and Healer","floor":28.0,"turns":5.0},{"damage":0.0,"enemies":"Snake Plant","floor":30.0,"turns":3.0},{"damage":14.0,"enemies":"Shelled Parasite and Fungi","floor":31.0,"turns":5.0},{"damage":65.0,"enemies":"Collector","floor":33.0,"turns":7.0},{"damage":4.0,"enemies":"Orb Walker","floor":35.0,"turns":3.0},{"damage":33.0,"enemies":"3 Shapes","floor":36.0,"turns":7.0},{"damage":59.0,"enemies":"Mysterious Sphere","floor":37.0,"turns":9.0},{"damage":0.0,"enemies":"3 Darklings","floor":41.0,"turns":5.0},{"damage":21.0,"enemies":"Giant Head","floor":42.0,"turns":6.0},{"damage":0.0,"enemies":"Nemesis","floor":46.0,"turns":3.0},{"damage":3,"enemies":"Donu and Deca","floor":50,"turns":3}],"seed_played":"4376247706949338582","potions_obtained":[{"floor":1.0,"key":"Regen Potion"},{"floor":2.0,"key":"Block Potion"},{"floor":4.0,"key":"EssenceOfSteel"},{"floor":18.0,"key":"Swift Potion"},{"floor":22.0,"key":"BloodPotion"},{"floor":28.0,"key":"Dexterity Potion"},{"floor":33.0,"key":"Energy Potion"},{"floor":37.0,"key":"Fire Potion"},{"floor":41.0,"key":"LiquidBronze"},{"floor":42.0,"key":"SpeedPotion"},{"floor":45.0,"key":"GamblersBrew"},{"floor":45.0,"key":"SteroidPotion"}],"is_trial":false,"path_per_floor":["M","M","M","M","?","E","?","$","T","?","M","R","M","E","R","B",null,"M","?","T","?","M","E","$","E","T","E","M","R","M","M","R","B",null,"M","M","?","$","?","R","M","E","T","R","?","E","R","?","R","B"],"character_chosen":"IRONCLAD","items_purchased":["Membership Card","Body Slam","Shrug It Off","Matryoshka","Infernal Blade","Bronze Scales","Bag of Preparation","ClockworkSouvenir","Unceasing Top","Explosive Potion","Shrug It Off"],"campfire_rested":5,"item_purchase_floors":[8,8,8,24,24,24,38,38,38,38,38],"current_hp_per_floor":[87,87,89,84,84,48,48,48,48,48,52,52,54,32,60,21,77,78,78,78,62,53,39,39,24,24,24,14,43,49,41,70,11,77,83,60,11,11,36,36,46,35,35,64,64,74,74,74,99,99],"gold":101,"neow_bonus":"TWENTY_PERCENT_HP_BONUS","is_prod":false,"is_daily":false,"chose_seed":false,"campfire_upgraded":3,"win_rate":0,"timestamp":1537309340,"path_taken":["M","M","M","M","?","E","?","$","T","?","?","R","M","E","R","BOSS","M","?","?","?","?","E","$","E","T","E","M","R","M","M","R","BOSS","M","M","?","$","?","R","M","E","T","R","?","E","R","?","R","BOSS"],"build_version":"2018-09-06","purchased_purges":0,"victory":true,"max_hp_per_floor":[96,96,96,96,96,96,96,96,96,96,96,96,96,96,96,96,96,96,96,96,96,96,99,99,99,99,99,99,99,99,99,99,99,99,99,99,99,99,99,99,99,99,99,99,99,99,99,99,99,99],"card_choices":[{"not_picked":["Burning Pact","Combust"],"picked":"Cleave","floor":1.0},{"not_picked":["Anger","Twin Strike","Whirlwind"],"picked":"SKIP","floor":2.0},{"not_picked":["Infernal Blade","Armaments"],"picked":"Spot Weakness","floor":3.0},{"not_picked":["Warcry","Havoc","Blood for Blood"],"picked":"SKIP","floor":4.0},{"not_picked":["Havoc","Twin Strike","Searing Blow"],"picked":"SKIP","floor":6.0},{"not_picked":["Rampage","Anger"],"picked":"Heavy Blade","floor":11.0},{"not_picked":["Anger","Cleave"],"picked":"Headbutt","floor":13.0},{"not_picked":["Shockwave","Sentinel","Evolve"],"picked":"SKIP","floor":14.0},{"not_picked":["Impervious","Bludgeon"],"picked":"Fiend Fire","floor":16.0},{"not_picked":["Cleave","Fire Breathing"],"picked":"Inflame+1","floor":18.0},{"not_picked":["Anger","Corruption"],"picked":"Rupture","floor":22.0},{"not_picked":["Twin Strike+1","Clash","Havoc"],"picked":"SKIP","floor":23.0},{"not_picked":["Clash","Havoc"],"picked":"Twin Strike+1","floor":23.0},{"not_picked":["Clash+1","Thunderclap"],"picked":"Corruption","floor":25.0},{"not_picked":["Warcry","Corruption"],"picked":"Burning Pact","floor":27.0},{"not_picked":["Anger","Thunderclap"],"picked":"Ghostly Armor","floor":28.0},{"not_picked":["Warcry","Cleave"],"picked":"Disarm","floor":30.0},{"not_picked":["Evolve+1","Metallicize"],"picked":"Flex","floor":31.0},{"not_picked":["Brutality","Juggernaut"],"picked":"Dark Embrace","floor":33.0},{"not_picked":["Rupture+1","Perfected Strike+1"],"picked":"Armaments+1","floor":35.0},{"not_picked":["Havoc","Carnage"],"picked":"True Grit","floor":36.0},{"not_picked":["Perfected Strike","Carnage"],"picked":"Shrug It Off","floor":37.0},{"not_picked":["Warcry+1","Wild Strike+1"],"picked":"Pummel","floor":41.0},{"not_picked":["Bloodletting","Immolate"],"picked":"Rage","floor":42.0},{"not_picked":["Offering","Whirlwind","Reckless Charge+1"],"picked":"SKIP","floor":46.0},{"not_picked":["PanicButton","Enlightenment"],"picked":"Bandage Up","floor":48}],"player_experience":258878,"relics_obtained":[{"floor":6.0,"key":"Lantern"},{"floor":9.0,"key":"Centennial Puzzle"},{"floor":14.0,"key":"Kunai"},{"floor":20.0,"key":"WingedGreaves"},{"floor":21.0,"key":"Nilry\u0027s Codex"},{"floor":23.0,"key":"Anchor"},{"floor":25.0,"key":"Boot"},{"floor":26.0,"key":"PreservedInsect"},{"floor":26.0,"key":"The Courier"},{"floor":27.0,"key":"Bottled Lightning"},{"floor":37.0,"key":"Thread and Needle"},{"floor":42.0,"key":"Ornamental Fan"},{"floor":43.0,"key":"Vajra"},{"floor":43.0,"key":"Dead Branch"},{"floor":46.0,"key":"Omamori"}],"event_choices":[{"event_name":"Liars Game","player_choice":"agreed","floor":5.0,"damage_taken":0.0},{"event_name":"The Cleric","player_choice":"Card Removal","floor":7.0,"damage_taken":0.0},{"event_name":"Dead Adventurer","player_choice":"Searched \u00271\u0027 times","floor":10.0,"damage_taken":0.0},{"event_name":"The Library","player_choice":"Read","floor":19.0,"damage_taken":0.0},{"event_name":"Cursed Tome","player_choice":"Obtained Book","floor":21.0,"damage_taken":0.0},{"event_name":"Mysterious Sphere","player_choice":"Fight","floor":37.0,"damage_taken":0.0},{"event_name":"Winding Halls","player_choice":"Writhe","floor":39.0,"damage_taken":0.0},{"event_name":"The Lab","player_choice":"Got Potions","floor":45.0,"damage_taken":0.0},{"event_name":"SensoryStone","player_choice":"Memory 1","floor":48,"damage_taken":0}],"is_beta":false,"boss_relics":[{"not_picked":["Astrolabe","Ectoplasm"],"picked":"Runic Pyramid"},{"not_picked":["Runic Dome","Pandora\u0027s Box"],"picked":"Black Blood"}],"items_purged_floors":[],"is_endless":false,"potions_floor_spawned":[1,2,4,18,22,28,33,37,41,42,46],"ascension_level":6}