{"gold_per_floor":[114,132,182,193,211,211,40,72,99,128,144,154,170,185,185,264,264,275,0,0,13,13,13,26,26,26,40,50,63,63,78,78,157,157,176,18,36,36,51,51,51],"floor_reached":41,"playtime":1715,"items_purged":["Strike_R"],"score":822,"play_id":"874d7237-7e2b-4475-a875-32f5dfa18507","local_time":"20190324131806","is_ascension_mode":true,"campfire_choices":[{"data":"Uppercut","floor":6.0,"key":"SMITH"},{"floor":15.0,"key":"REST"},{"floor":23.0,"key":"REST"},{"data":"Immolate","floor":25.0,"key":"SMITH"},{"floor":32.0,"key":"REST"},{"floor":40,"key":"REST"}],"neow_cost":"NONE","seed_source_timestamp":0,"circlet_count":0,"master_deck":["AscendersBane","Strike_R+1","Strike_R+1","Strike_R+1","Strike_R+1","Defend_R+1","Defend_R+1","Defend_R+1","Defend_R+1","Bash","Demon Form","True Grit","Wild Strike","Clothesline","Uppercut+1","Cleave","Reckless Charge","Immolate+1","Headbutt","Flame Barrier","Shockwave","Reaper","Sword Boomerang","True Grit","Corruption","Shrug It Off","Sword Boomerang+1","Impervious","Shrug It Off","Madness","Madness","Battle Trance","Battle Trance"],"special_seed":0,"relics":["Burning Blood","Strawberry","Potion Belt","Dream Catcher","Philosopher\u0027s Stone","FaceOfCleric","Blood Vial","Busted Crown","Bag of Preparation"],"potions_floor_usage":[37],"damage_taken":[{"damage":11.0,"enemies":"2 Louse","floor":1.0,"turns":3.0},{"damage":1.0,"enemies":"Cultist","floor":2.0,"turns":4.0},{"damage":4.0,"enemies":"Jaw Worm","floor":4.0,"turns":6.0},{"damage":10.0,"enemies":"2 Fungi Beasts","floor":5.0,"turns":4.0},{"damage":33.0,"enemies":"3 Sentries","floor":8.0,"turns":7.0},{"damage":26.0,"enemies":"Gremlin Nob","floor":10.0,"turns":4.0},{"damage":20.0,"enemies":"Exordium Thugs","floor":11.0,"turns":4.0},{"damage":4.0,"enemies":"3 Louse","floor":12.0,"turns":2.0},{"damage":3.0,"enemies":"Blue Slaver","floor":13.0,"turns":3.0},{"damage":0.0,"enemies":"Gremlin Gang","floor":14.0,"turns":2.0},{"damage":39.0,"enemies":"Slime Boss","floor":16.0,"turns":10.0},{"damage":30.0,"enemies":"2 Thieves","floor":18.0,"turns":3.0},{"damage":16.0,"enemies":"3 Byrds","floor":21.0,"turns":4.0},{"damage":13.0,"enemies":"Cultist and Chosen","floor":24.0,"turns":6.0},{"damage":26.0,"enemies":"Snecko","floor":27.0,"turns":7.0},{"damage":24.0,"enemies":"Snake Plant","floor":28.0,"turns":4.0},{"damage":11.0,"enemies":"Centurion and Healer","floor":29.0,"turns":5.0},{"damage":16.0,"enemies":"Snecko","floor":31.0,"turns":6.0},{"damage":50.0,"enemies":"Champ","floor":33.0,"turns":14.0},{"damage":7.0,"enemies":"3 Shapes","floor":35.0,"turns":3.0},{"damage":9,"enemies":"3 Darklings","floor":37,"turns":2},{"damage":24,"enemies":"Maw","floor":39,"turns":7},{"damage":118,"enemies":"Giant Head","floor":41,"turns":7}],"seed_played":"1809026558423960605","potions_obtained":[{"floor":1.0,"key":"Ancient Potion"},{"floor":5.0,"key":"Poison Potion"},{"floor":8.0,"key":"SpeedPotion"},{"floor":13.0,"key":"SteroidPotion"},{"floor":16.0,"key":"SpeedPotion"},{"floor":18.0,"key":"AttackPotion"},{"floor":21.0,"key":"PowerPotion"},{"floor":27.0,"key":"Regen Potion"},{"floor":29.0,"key":"Block Potion"},{"floor":33.0,"key":"AttackPotion"},{"floor":39,"key":"LiquidBronze"}],"is_trial":false,"path_per_floor":["M","M","?","M","M","R","$","E","T","E","M","M","M","M","R","B",null,"M","?","$","M","?","R","M","R","T","M","M","M","?","M","R","B",null,"M","$","M","?","M","R","E"],"character_chosen":"IRONCLAD","items_purchased":["Cleave","Reckless Charge","Bag of Preparation"],"campfire_rested":4,"item_purchase_floors":[7,7,36],"current_hp_per_floor":[63,68,68,70,66,66,66,46,46,26,12,14,17,23,47,14,65,41,41,41,33,33,57,55,55,55,42,27,39,39,38,64,45,77,79,79,79,63,48,75,0],"gold":51,"neow_bonus":"ONE_RANDOM_RARE_CARD","is_prod":false,"is_daily":false,"chose_seed":false,"campfire_upgraded":2,"win_rate":0,"timestamp":1553447886,"path_taken":["M","M","?","M","M","R","?","E","T","E","M","?","M","M","R","BOSS","M","?","$","M","?","R","M","R","T","M","?","M","?","M","R","BOSS","M","$","M","?","M","R","E"],"build_version":"2019-01-23","purchased_purges":1,"victory":false,"max_hp_per_floor":[75,75,75,75,75,75,75,82,82,82,82,82,82,82,82,82,82,82,82,82,82,82,82,83,83,83,84,85,86,86,87,87,88,88,89,89,90,90,91,91,91],"card_choices":[{"not_picked":["Shockwave","Flex"],"picked":"True Grit","floor":1.0},{"not_picked":["Clash","Flex"],"picked":"Wild Strike","floor":2.0},{"not_picked":["Wild Strike","Entrench"],"picked":"Clothesline","floor":4.0},{"not_picked":["Twin Strike","Heavy Blade"],"picked":"Uppercut","floor":5.0},{"not_picked":["Sever Soul","Uppercut"],"picked":"Immolate","floor":8.0},{"not_picked":["Warcry","Perfected Strike"],"picked":"Headbutt","floor":10.0},{"not_picked":["Hemokinesis","Carnage","Blood for Blood"],"picked":"SKIP","floor":11.0},{"not_picked":["Twin Strike","Havoc","Metallicize"],"picked":"SKIP","floor":12.0},{"not_picked":["Ghostly Armor","Twin Strike"],"picked":"Flame Barrier","floor":13.0},{"not_picked":["Thunderclap","Blood for Blood","Cleave"],"picked":"SKIP","floor":14.0},{"not_picked":["Havoc","Warcry"],"picked":"Shockwave","floor":15.0},{"not_picked":["Berserk","Offering"],"picked":"Reaper","floor":16.0},{"not_picked":["Havoc","Searing Blow","Body Slam"],"picked":"SKIP","floor":18.0},{"not_picked":["Ghostly Armor","Sentinel"],"picked":"Sword Boomerang","floor":21.0},{"not_picked":["Twin Strike","Heavy Blade"],"picked":"True Grit","floor":23.0},{"not_picked":["Sword Boomerang","Carnage","Spot Weakness"],"picked":"SKIP","floor":24.0},{"not_picked":["Rampage+1","Ghostly Armor"],"picked":"Corruption","floor":27.0},{"not_picked":["Second Wind","Clothesline","Heavy Blade"],"picked":"SKIP","floor":28.0},{"not_picked":["Clash","Carnage","Fire Breathing+1"],"picked":"SKIP","floor":29.0},{"not_picked":["Cleave","Perfected Strike+1"],"picked":"Shrug It Off","floor":31.0},{"not_picked":["Second Wind","Brutality"],"picked":"Sword Boomerang+1","floor":32.0},{"not_picked":["Juggernaut","Immolate"],"picked":"Impervious","floor":33.0},{"not_picked":["Body Slam"],"picked":"SKIP","floor":35.0},{"not_picked":[],"picked":"Shrug It Off","floor":37},{"not_picked":[],"picked":"Battle Trance","floor":39},{"not_picked":[],"picked":"Battle Trance","floor":40}],"player_experience":847155,"relics_obtained":[{"floor":8.0,"key":"Strawberry"},{"floor":9.0,"key":"Potion Belt"},{"floor":10.0,"key":"Dream Catcher"},{"floor":26.0,"key":"Blood Vial"}],"event_choices":[{"damage_healed":0.0,"max_hp_gain":0.0,"max_hp_loss":0.0,"gold_gain":50.0,"event_name":"Golden Shrine","player_choice":"Pray","floor":3.0,"gold_loss":0.0,"damage_taken":0.0},{"damage_healed":0.0,"max_hp_gain":0.0,"max_hp_loss":0.0,"gold_gain":0.0,"event_name":"Masked Bandits","player_choice":"Paid Fearfully","floor":19.0,"gold_loss":275.0,"damage_taken":0.0},{"damage_healed":0.0,"max_hp_gain":0.0,"max_hp_loss":0.0,"gold_gain":0.0,"event_name":"FaceTrader","player_choice":"Trade","floor":22.0,"gold_loss":0.0,"damage_taken":0.0,"relics_obtained":["FaceOfCleric"]},{"damage_healed":0.0,"max_hp_gain":0.0,"max_hp_loss":0.0,"gold_gain":0.0,"event_name":"Back to Basics","player_choice":"Simplicity","floor":30.0,"gold_loss":0.0,"damage_taken":0.0,"cards_upgraded":["Strike_R","Strike_R","Strike_R","Strike_R","Defend_R","Defend_R","Defend_R","Defend_R"]},{"damage_healed":0,"gold_gain":0,"player_choice":"Embrace Madness","damage_taken":16,"max_hp_gain":0,"max_hp_loss":0,"event_name":"Winding Halls","floor":38,"gold_loss":0,"cards_obtained":["Madness","Madness"]}],"is_beta":false,"boss_relics":[{"not_picked":["Calling Bell","Tiny House"],"picked":"Philosopher\u0027s Stone"},{"not_picked":["Astrolabe","Coffee Dripper"],"picked":"Busted Crown"}],"items_purged_floors":[7],"is_endless":false,"potions_floor_spawned":[1,5,8,13,16,18,21,27,29,33,39],"killed_by":"Giant Head","ascension_level":20}