{"gold_per_floor":[15,35,46,46,71,107,127,145,145,173,206,218,255,267],"floor_reached":14,"playtime":556,"items_purged":[],"score":147,"play_id":"38e75354-4e01-47ad-b1f9-921448c0b378","local_time":"20181020223456","is_ascension_mode":true,"campfire_choices":[{"data":"Buffer","floor":12,"key":"SMITH"}],"neow_cost":"NO_GOLD","seed_source_timestamp":414275590700532,"circlet_count":0,"master_deck":["Strike_B","Strike_B","Strike_B","Strike_B","Defend_B","Defend_B","Defend_B","Defend_B","Zap","Dualcast","AscendersBane","Echo Form","Melter","Sweeping Beam","Chill","Injury","Biased Cognition","Leap","Auto Shields","Compile Driver","Buffer+1","Leap"],"special_seed":0,"relics":["Cracked Core","Golden Idol","Mercury Hourglass","MawBank"],"potions_floor_usage":[14],"damage_taken":[{"damage":0.0,"enemies":"Cultist","floor":1.0,"turns":4.0},{"damage":0.0,"enemies":"2 Louse","floor":2.0,"turns":2.0},{"damage":5.0,"enemies":"Small Slimes","floor":3.0,"turns":3.0},{"damage":5.0,"enemies":"2 Fungi Beasts","floor":5.0,"turns":4.0},{"damage":7.0,"enemies":"3 Sentries","floor":6.0,"turns":7.0},{"damage":9.0,"enemies":"Red Slaver","floor":7.0,"turns":3.0},{"damage":3.0,"enemies":"Lots of Slimes","floor":8.0,"turns":2.0},{"damage":6.0,"enemies":"Blue Slaver","floor":10.0,"turns":4.0},{"damage":18,"enemies":"Large Slime","floor":11,"turns":3},{"damage":10,"enemies":"3 Louse","floor":13,"turns":3},{"damage":10,"enemies":"Gremlin Gang","floor":14,"turns":1}],"seed_played":"-6934155158288971096","potions_obtained":[{"floor":1.0,"key":"Ancient Potion"},{"floor":2.0,"key":"Swift Potion"},{"floor":7.0,"key":"FearPotion"},{"floor":13,"key":"Weak Potion"}],"is_trial":false,"path_per_floor":["M","M","M","?","M","E","M","M","T","M","M","R","M"],"character_chosen":"DEFECT","items_purchased":[],"campfire_rested":0,"item_purchase_floors":[],"current_hp_per_floor":[68,68,63,63,58,51,42,39,39,33,15,15,5,0],"gold":267,"neow_bonus":"THREE_RARE_CARDS","is_prod":false,"is_daily":false,"chose_seed":false,"campfire_upgraded":1,"win_rate":0,"timestamp":1540089296,"path_taken":["M","M","?","?","M","E","M","M","T","M","?","R","M","?"],"build_version":"2018-10-18","purchased_purges":0,"victory":false,"max_hp_per_floor":[75,75,75,75,75,75,75,75,75,75,75,75,75,75],"card_choices":[{"not_picked":["Biased Cognition","Machine Learning"],"picked":"Echo Form","floor":0.0},{"not_picked":["Streamline","Gash"],"picked":"Melter","floor":1.0},{"not_picked":["Ball Lightning","Redo"],"picked":"Sweeping Beam","floor":2.0},{"not_picked":["Hologram","Go for the Eyes"],"picked":"Chill","floor":3.0},{"not_picked":["Coolheaded","Undo"],"picked":"Biased Cognition","floor":5.0},{"not_picked":["Beam Cell","Barrage"],"picked":"Leap","floor":6.0},{"not_picked":["Cold Snap","Turbo"],"picked":"Auto Shields","floor":7.0},{"not_picked":["Fusion","Aggregate","Beam Cell"],"picked":"SKIP","floor":8.0},{"not_picked":["Barrage","Steam"],"picked":"Compile Driver","floor":10.0},{"not_picked":["Consume","Reinforced Body"],"picked":"Buffer","floor":11},{"not_picked":["Ball Lightning","Capacitor"],"picked":"Leap","floor":13}],"player_experience":371255,"relics_obtained":[{"floor":6.0,"key":"Mercury Hourglass"},{"floor":9.0,"key":"MawBank"}],"event_choices":[{"damage_healed":0.0,"max_hp_gain":0.0,"max_hp_loss":0.0,"gold_gain":0.0,"event_name":"Golden Idol","player_choice":"Take Wound","floor":4.0,"gold_loss":0.0,"damage_taken":0.0,"relics_obtained":["Golden Idol"],"cards_obtained":["Injury"]}],"is_beta":false,"boss_relics":[],"items_purged_floors":[],"is_endless":false,"potions_floor_spawned":[1,2,7,13],"killed_by":"Gremlin Gang","ascension_level":10}