{"gold_per_floor":[119,138,152,152,40,40,74,74,74,90,90,102,102,177,177,277,277,297,297,12,28,127,127,58,88,114,141,141,158,178,189,189,285,335,345,345,38,50,65,65,84,96,172,172,172],"floor_reached":45,"playtime":2583,"items_purged":["Regret"],"score":482,"play_id":"bf76f61f-ffda-44e1-9b55-38283a3fef9c","local_time":"20180818161637","is_ascension_mode":true,"campfire_choices":[{"floor":6,"key":"REST"},{"floor":8,"key":"REST"},{"floor":13,"key":"REST"},{"floor":15,"key":"REST"},{"floor":23,"key":"REST"},{"floor":28,"key":"REST"},{"data":"Creative AI","floor":32,"key":"SMITH"},{"floor":40,"key":"REST"},{"data":"Seek","floor":44,"key":"SMITH"}],"neow_cost":"TEN_PERCENT_HP_LOSS","seed_source_timestamp":170513759561632,"circlet_count":0,"master_deck":["Strike_B","Strike_B","Strike_B+1","Strike_B","Defend_B+1","Defend_B","Defend_B+1","Defend_B","Zap","Dualcast","Creative AI+1","BootSequence","Genetic Algorithm","Streamline","Double Energy","Stack","Barrage","Loop","Seek+1","Leap","Self Repair","Jack Of All Trades","Hello World+1","Electrodynamics","Conserve Battery+1","Stack+1","Leap+1","Sweeping Beam+1","Glacier+1","Multi-Cast+1","Consume+1","Melter","Biased Cognition","Apotheosis+1","Static Discharge","Stack+1","Aggregate+1","Aggregate+1","Rebound+1"],"relics":["Cracked Core","Girya","Nunchaku","Torii","Nuclear Battery","Nilry\u0027s Codex","Oddly Smooth Stone","Red Mask","Orichalcum","Toxic Egg 2","Tiny House","Gremlin Horn"],"potions_floor_usage":[12,12,29,33,35,39,41,45],"damage_taken":[{"damage":10,"enemies":"Jaw Worm","floor":1,"turns":5},{"damage":2,"enemies":"2 Louse","floor":2,"turns":3},{"damage":12,"enemies":"Cultist","floor":3,"turns":5},{"damage":41,"enemies":"3 Sentries","floor":7,"turns":7},{"damage":8,"enemies":"Large Slime","floor":10,"turns":6},{"damage":0,"enemies":"Looter","floor":12,"turns":2},{"damage":18,"enemies":"Hexaghost","floor":16,"turns":14},{"damage":21,"enemies":"Chosen","floor":18,"turns":7},{"damage":13,"enemies":"3 Byrds","floor":21,"turns":5},{"damage":0,"floor":25,"turns":4},{"damage":21,"enemies":"Book of Stabbing","floor":27,"turns":7},{"damage":7,"enemies":"Sentry and Sphere","floor":29,"turns":4},{"damage":7,"enemies":"Cultist and Chosen","floor":30,"turns":8},{"damage":1,"enemies":"Shelled Parasite and Fungi","floor":31,"turns":5},{"damage":51,"enemies":"Automaton","floor":33,"turns":12},{"damage":10,"enemies":"Flame Bruiser 1 Orb","floor":35,"turns":6},{"damage":19,"enemies":"Orb Walker","floor":38,"turns":6},{"damage":18,"enemies":"3 Darklings","floor":39,"turns":5},{"damage":7,"enemies":"Transient","floor":41,"turns":5},{"damage":0,"enemies":"Sphere and 2 Shapes","floor":42,"turns":4},{"damage":73,"enemies":"4 Shapes","floor":45,"turns":4}],"seed_played":"4412643576709567425","potions_obtained":[{"floor":1,"key":"SteroidPotion"},{"floor":7,"key":"Poison Potion"},{"floor":18,"key":"SpeedPotion"},{"floor":27,"key":"FocusPotion"},{"floor":31,"key":"Poison Potion"},{"floor":33,"key":"Poison Potion"},{"floor":34,"key":"Fire Potion"},{"floor":35,"key":"SkillPotion"}],"is_trial":false,"path_per_floor":["M","M","M","?","$","R","E","R","T","M","?","M","R","?","R","B",null,"M","?","$","M","?","R","$","?","T","E","R","M","M","M","R","B",null,"M","?","$","M","M","R","M","M","T","R"],"character_chosen":"DEFECT","items_purchased":["Double Energy","Self Repair","Oddly Smooth Stone","Jack Of All Trades","Electrodynamics","Apotheosis+1","Static Discharge","FocusPotion"],"campfire_rested":7,"item_purchase_floors":[5,20,20,20,24,37,37,37],"current_hp_per_floor":[58,56,44,44,44,64,23,43,43,35,21,21,41,30,50,32,68,47,31,31,25,25,45,45,52,52,38,58,58,58,64,64,20,73,70,70,70,58,50,71,73,73,73,73,0],"gold":172,"neow_bonus":"THREE_RARE_CARDS","is_prod":false,"is_daily":false,"chose_seed":false,"campfire_upgraded":2,"win_rate":0,"timestamp":1534601797,"path_taken":["M","M","M","?","$","R","E","R","T","M","?","M","R","?","R","BOSS","M","?","$","M","?","R","?","?","T","E","R","M","M","?","R","BOSS","M","?","$","M","M","R","M","M","T","R","M"],"build_version":"2018-08-16","purchased_purges":1,"victory":false,"max_hp_per_floor":[68,68,68,68,68,68,68,68,68,68,68,68,68,68,68,68,68,68,68,68,68,68,68,68,68,68,68,68,68,68,68,68,68,73,73,73,73,73,73,73,73,73,73,73,73],"card_choices":[{"not_picked":["All For One","Meteor Strike"],"picked":"Creative AI","floor":0},{"not_picked":["Redo","Steam"],"picked":"BootSequence","floor":1},{"not_picked":["Blizzard","Redo"],"picked":"Genetic Algorithm","floor":2},{"not_picked":["Fusion","Gash"],"picked":"Streamline","floor":3},{"not_picked":["Ball Lightning","Machine Learning"],"picked":"Stack","floor":7},{"not_picked":["Blizzard","Beam Cell"],"picked":"Barrage","floor":10},{"not_picked":["Steam Power","Streamline"],"picked":"Loop","floor":12},{"not_picked":["All For One","Buffer"],"picked":"Seek","floor":16},{"not_picked":["Rebound","Hologram"],"picked":"Leap","floor":18},{"not_picked":["Loop+1","Go for the Eyes"],"picked":"Hello World+1","floor":21},{"not_picked":["Go for the Eyes","Ball Lightning+1"],"picked":"Conserve Battery+1","floor":25},{"not_picked":["Amplify","Turbo"],"picked":"Stack+1","floor":27},{"not_picked":["Go for the Eyes","Steam+1"],"picked":"Leap+1","floor":29},{"not_picked":["Ball Lightning","Melter"],"picked":"Sweeping Beam+1","floor":30},{"not_picked":["Doom and Gloom+1","Compile Driver"],"picked":"Glacier+1","floor":31},{"not_picked":["Rainbow+1","Biased Cognition"],"picked":"Multi-Cast+1","floor":33},{"not_picked":["Ball Lightning","Hello World+1"],"picked":"Consume+1","floor":34},{"not_picked":["Consume+1","Beam Cell+1"],"picked":"Melter","floor":35},{"not_picked":["Leap+1","Redo+1"],"picked":"Stack+1","floor":38},{"not_picked":["Hologram+1","Steam+1"],"picked":"Aggregate+1","floor":39},{"not_picked":["Double Energy+1","Steam+1"],"picked":"Aggregate+1","floor":41},{"not_picked":["Chaos+1","Reinforced Body+1"],"picked":"Rebound+1","floor":42}],"player_experience":190969,"relics_obtained":[{"floor":7,"key":"Nunchaku"},{"floor":9,"key":"Torii"},{"floor":19,"key":"Nilry\u0027s Codex"},{"floor":25,"key":"Red Mask"},{"floor":26,"key":"Orichalcum"},{"floor":27,"key":"Toxic Egg 2"},{"floor":43,"key":"Gremlin Horn"}],"event_choices":[{"event_name":"Big Fish","player_choice":"Box","floor":4,"damage_taken":0},{"event_name":"Shining Light","player_choice":"Entered Light","floor":11,"damage_taken":0},{"event_name":"World of Goop","player_choice":"Gather Gold","floor":14,"damage_taken":0},{"event_name":"Cursed Tome","player_choice":"Obtained Book","floor":19,"damage_taken":0},{"event_name":"Nest","player_choice":"Stole From Cult","floor":22,"damage_taken":0},{"event_name":"Masked Bandits","player_choice":"Fought Bandits","floor":25,"damage_taken":0},{"event_name":"Match and Keep!","player_choice":"1 cards matched","floor":36,"damage_taken":0}],"is_beta":false,"boss_relics":[{"not_picked":["Runic Dome","Coffee Dripper"],"picked":"Nuclear Battery"},{"not_picked":["Astrolabe","Black Star"],"picked":"Tiny House"}],"items_purged_floors":[5],"is_endless":false,"potions_floor_spawned":[1,7,18,27,31,33,35],"killed_by":"4 Shapes","ascension_level":1}