{"gold_per_floor":[111,286,297,317,328,328,342,342,366,366,417,417],"floor_reached":12,"playtime":1646,"items_purged":[],"score":70,"play_id":"6a8fffa2-1c46-43c8-8bbb-68bc3a3ff49d","local_time":"20190302192114","is_ascension_mode":false,"campfire_choices":[{"data":"Seeing Red","floor":6.0,"key":"SMITH"},{"data":"Warcry","floor":8.0,"key":"SMITH"},{"data":"Bash","floor":10.0,"key":"SMITH"}],"neow_cost":"NONE","seed_source_timestamp":585968779820831,"circlet_count":0,"master_deck":["Strike_R","Strike_R","Strike_R","Strike_R","Strike_R","Defend_R","Defend_R","Defend_R","Defend_R","Bash+1","Iron Wave","Doubt","Warcry+1","Seeing Red+1","Carnage","Flex"],"special_seed":0,"relics":["Burning Blood","NeowsBlessing","Potion Belt"],"potions_floor_usage":[12,12,12],"damage_taken":[{"damage":0.0,"enemies":"Jaw Worm","floor":1.0,"turns":1.0},{"damage":0.0,"enemies":"2 Louse","floor":3.0,"turns":1.0},{"damage":0.0,"enemies":"Cultist","floor":4.0,"turns":1.0},{"damage":38.0,"enemies":"Exordium Thugs","floor":5.0,"turns":9.0},{"damage":44.0,"enemies":"Large Slime","floor":7.0,"turns":13.0},{"damage":14,"enemies":"3 Sentries","floor":12,"turns":4}],"seed_played":"-8882179623934112015","potions_obtained":[{"floor":3.0,"key":"Strength Potion"},{"floor":5.0,"key":"SpeedPotion"},{"floor":7.0,"key":"EssenceOfSteel"}],"is_trial":false,"path_per_floor":["M","?","M","M","M","R","M","R","T","R","?","E"],"character_chosen":"IRONCLAD","items_purchased":[],"campfire_rested":0,"item_purchase_floors":[],"current_hp_per_floor":[80,80,80,80,48,48,10,10,10,10,10,0],"gold":417,"neow_bonus":"THREE_ENEMY_KILL","is_prod":false,"is_daily":false,"chose_seed":false,"campfire_upgraded":3,"win_rate":0.0,"timestamp":1551579674,"path_taken":["M","?","M","M","M","R","M","R","T","R","?","E"],"build_version":"2019-01-23","purchased_purges":0,"victory":false,"max_hp_per_floor":[80,80,80,80,80,80,80,80,80,80,80,80],"card_choices":[{"not_picked":["Feel No Pain","Wild Strike"],"picked":"Iron Wave","floor":1.0},{"not_picked":["Ghostly Armor","Body Slam"],"picked":"Warcry","floor":3.0},{"not_picked":["Searing Blow","Reckless Charge"],"picked":"Seeing Red","floor":4.0},{"not_picked":["Entrench","Second Wind"],"picked":"Carnage","floor":5.0},{"not_picked":["Anger","Sword Boomerang"],"picked":"Flex","floor":7.0}],"player_experience":40799,"relics_obtained":[{"floor":9.0,"key":"Potion Belt"}],"event_choices":[{"damage_healed":0.0,"max_hp_gain":0.0,"max_hp_loss":0.0,"gold_gain":175.0,"event_name":"Liars Game","player_choice":"AGREE","floor":2.0,"gold_loss":0.0,"damage_taken":0.0,"cards_obtained":["Doubt"]},{"damage_healed":0.0,"max_hp_gain":0.0,"max_hp_loss":0.0,"gold_gain":51.0,"event_name":"Golden Wing","player_choice":"Gained Gold","floor":11.0,"gold_loss":0.0,"damage_taken":0.0}],"is_beta":false,"boss_relics":[],"items_purged_floors":[],"is_endless":false,"potions_floor_spawned":[3,5,7],"killed_by":"3 Sentries","ascension_level":0}