{"gold_per_floor":[115,190,85,85,100,125,125,151,151,166,201,55,85,142,142,242,242,254,69,89,89,189,215,233,264,291,326,343,372,383,383,383,486,486,501,517,152,166,180,180,193,226,253,266,298,312,312,346,346,346],"floor_reached":51,"playtime":2362,"items_purged":["Writhe"],"score":1229,"play_id":"5e41835f-c82a-4904-9f85-8f80d95ec3f9","local_time":"20180730213249","is_ascension_mode":true,"campfire_choices":[{"floor":15.0,"key":"REST"},{"floor":32.0,"key":"REST"},{"data":"1","floor":40.0,"key":"LIFT"},{"floor":49.0,"key":"REST"}],"neow_cost":"CURSE","seed_source_timestamp":759007901184350,"circlet_count":0,"master_deck":["Strike_R","Strike_R","Strike_R","Strike_R","Strike_R+1","Defend_R","Defend_R","Defend_R","Defend_R","Bash","Immolate","Perfected Strike","Mind Blast+1","Armaments","Spot Weakness","Iron Wave","Wild Strike","Perfected Strike","Shockwave","Offering","Sword Boomerang","Searing Blow+1","Twin Strike","RitualDagger","Flame Barrier+1","Demon Form","Sever Soul","Iron Wave+1","Uppercut+1","Impervious+1","Perfected Strike+1","Thunderclap","Impervious+1","Clumsy","Parasite","Armaments+1","Bloodletting+1","Flame Barrier+1","Searing Blow+1","Flame Barrier+1","Heavy Blade+1","Uppercut+1","Perfected Strike+1","Spot Weakness+1","Wild Strike+1","Pommel Strike+1"],"special_seed":0,"relics":["Burning Blood","Smiling Mask","Paper Frog","Mercury Hourglass","Torii","Art of War","Girya","Snecko Eye","Potion Belt","Toxic Egg 2","Peace Pipe","Happy Flower","Red Skull","Ancient Tea Set","Dream Catcher","Calling Bell","Pen Nib","Molten Egg 2","Mango","Ice Cream","Darkstone Periapt","Whetstone","Strawberry","Bag of Marbles","Vajra"],"potions_floor_usage":[],"damage_taken":[{"damage":7.0,"enemies":"2 Louse","floor":1.0,"turns":3.0},{"damage":2.0,"enemies":"Cultist","floor":5.0,"turns":2.0},{"damage":12.0,"enemies":"3 Sentries","floor":6.0,"turns":4.0},{"damage":35.0,"enemies":"Gremlin Nob","floor":8.0,"turns":4.0},{"damage":0.0,"enemies":"Small Slimes","floor":10.0,"turns":3.0},{"damage":9.0,"enemies":"3 Sentries","floor":11.0,"turns":3.0},{"damage":25.0,"enemies":"Lagavulin","floor":13.0,"turns":5.0},{"damage":20.0,"enemies":"Hexaghost","floor":16.0,"turns":8.0},{"damage":5.0,"enemies":"3 Byrds","floor":18.0,"turns":2.0},{"damage":5.0,"enemies":"2 Thieves","floor":20.0,"turns":2.0},{"damage":5.0,"enemies":"Gremlin Leader","floor":23.0,"turns":3.0},{"damage":28.0,"enemies":"Centurion and Healer","floor":24.0,"turns":3.0},{"damage":11.0,"enemies":"Book of Stabbing","floor":25.0,"turns":4.0},{"damage":6.0,"enemies":"Slavers","floor":27.0,"turns":2.0},{"damage":1.0,"enemies":"3 Cultists","floor":28.0,"turns":3.0},{"damage":7.0,"enemies":"Book of Stabbing","floor":29.0,"turns":3.0},{"damage":0.0,"enemies":"Slaver and Parasite","floor":30.0,"turns":2.0},{"damage":42.0,"enemies":"Champ","floor":33.0,"turns":7.0},{"damage":9.0,"enemies":"3 Shapes","floor":35.0,"turns":4.0},{"damage":6.0,"enemies":"Orb Walker","floor":36.0,"turns":2.0},{"damage":3.0,"enemies":"Transient","floor":38.0,"turns":5.0},{"damage":0.0,"enemies":"Maw","floor":39.0,"turns":5.0},{"damage":0.0,"enemies":"Flame Bruiser 2 Orb","floor":41.0,"turns":2.0},{"damage":14.0,"enemies":"Giant Head","floor":42.0,"turns":6.0},{"damage":11.0,"enemies":"Sphere and 2 Shapes","floor":44.0,"turns":2.0},{"damage":5.0,"enemies":"Nemesis","floor":45.0,"turns":5.0},{"damage":19.0,"enemies":"Spire Growth","floor":46.0,"turns":3.0},{"damage":5.0,"enemies":"2 Orb Walkers","floor":48.0,"turns":2.0},{"damage":17,"enemies":"Awakened One","floor":50,"turns":7}],"seed_played":"-586532524849422725","potions_obtained":[{"floor":1.0,"key":"BloodPotion"},{"floor":8.0,"key":"SteroidPotion"},{"floor":11.0,"key":"Explosive Potion"},{"floor":13.0,"key":"Dexterity Potion"},{"floor":18.0,"key":"Poison Potion"},{"floor":23.0,"key":"BloodPotion"},{"floor":29.0,"key":"Poison Potion"},{"floor":30.0,"key":"Energy Potion"},{"floor":35.0,"key":"Dexterity Potion"},{"floor":39.0,"key":"BloodPotion"},{"floor":44.0,"key":"BloodPotion"},{"floor":46.0,"key":"GamblersBrew"}],"is_trial":false,"path_per_floor":["M","?","$","?","M","E","?","E","T","M","E","$","E","?","R","B",null,"M","$","M","?","?","E","M","E","T","E","M","E","M","T","R","B",null,"M","M","$","M","M","R","M","E","T","M","E","M","?","E","R","B"],"character_chosen":"IRONCLAD","items_purchased":["Mind Blast","Art of War","Potion Belt","Searing Blow","Ice Cream"],"campfire_rested":3,"item_purchase_floors":[3,12,19,19,37],"current_hp_per_floor":[79,68,68,68,72,66,66,37,37,43,40,40,29,29,53,39,80,80,80,80,74,74,75,53,48,48,48,53,52,58,58,80,44,94,91,91,91,94,94,94,94,86,86,81,89,76,76,77,101,90],"gold":346,"neow_bonus":"THREE_RARE_CARDS","is_prod":false,"is_daily":false,"chose_seed":false,"campfire_upgraded":0,"win_rate":0,"timestamp":1533000769,"path_taken":["M","?","$","?","M","E","?","E","T","?","E","?","E","?","R","BOSS","M","$","M","?","?","E","M","E","T","E","M","E","M","?","R","BOSS","M","M","$","M","M","R","M","E","T","M","E","?","?","E","R","BOSS"],"build_version":"2018-07-26","purchased_purges":1,"victory":true,"max_hp_per_floor":[80,80,80,80,80,80,80,80,80,80,80,80,80,80,80,80,80,80,80,80,80,80,80,80,80,80,80,80,80,80,80,80,80,94,94,94,94,94,94,94,94,94,94,94,101,101,101,101,101,101],"card_choices":[{"not_picked":["Dark Embrace","Fiend Fire"],"picked":"Immolate","floor":0.0},{"not_picked":["Twin Strike","Armaments"],"picked":"Perfected Strike","floor":1.0},{"not_picked":["Clash","Second Wind"],"picked":"Armaments","floor":5.0},{"not_picked":["Clothesline","Iron Wave"],"picked":"Spot Weakness","floor":6.0},{"not_picked":["Ghostly Armor","Clash"],"picked":"Iron Wave","floor":8.0},{"not_picked":["Heavy Blade","Clash"],"picked":"Wild Strike","floor":10.0},{"not_picked":["Power Through","Warcry"],"picked":"Perfected Strike","floor":11.0},{"not_picked":["Havoc","Whirlwind"],"picked":"Shockwave","floor":13.0},{"not_picked":["Exhume","Double Tap"],"picked":"Offering","floor":16.0},{"not_picked":["Heavy Blade","Ghostly Armor"],"picked":"Sword Boomerang","floor":18.0},{"not_picked":["Sword Boomerang","Clash+1"],"picked":"Twin Strike","floor":20.0},{"not_picked":["Pummel","Body Slam+1"],"picked":"Flame Barrier","floor":23.0},{"not_picked":["Combust","True Grit+1"],"picked":"Demon Form","floor":24.0},{"not_picked":["Clash+1","Reckless Charge"],"picked":"Sever Soul","floor":25.0},{"not_picked":["Reckless Charge","Warcry+1"],"picked":"Iron Wave+1","floor":27.0},{"not_picked":["Sentinel+1","Havoc+1"],"picked":"Uppercut+1","floor":28.0},{"not_picked":["Dropkick+1","Inflame"],"picked":"Impervious+1","floor":29.0},{"not_picked":["Second Wind+1","Shrug It Off+1"],"picked":"Perfected Strike+1","floor":30.0},{"not_picked":["Hemokinesis","Warcry+1"],"picked":"Thunderclap","floor":32.0},{"not_picked":["Feed","Juggernaut"],"picked":"Impervious+1","floor":33.0},{"not_picked":["Intimidate+1","Havoc+1"],"picked":"Armaments+1","floor":35.0},{"not_picked":["Armaments+1","Anger+1"],"picked":"Bloodletting+1","floor":36.0},{"not_picked":["Carnage+1","Thunderclap+1"],"picked":"Flame Barrier+1","floor":38.0},{"not_picked":["Armaments+1","Havoc+1"],"picked":"Searing Blow+1","floor":39.0},{"not_picked":["Infernal Blade+1","Hemokinesis+1"],"picked":"Flame Barrier+1","floor":41.0},{"not_picked":["Battle Trance+1","Disarm+1"],"picked":"Heavy Blade+1","floor":42.0},{"not_picked":["True Grit+1","Entrench+1"],"picked":"Uppercut+1","floor":44.0},{"not_picked":["Bludgeon+1","Battle Trance+1"],"picked":"Perfected Strike+1","floor":45.0},{"not_picked":["Battle Trance+1","Whirlwind+1"],"picked":"Spot Weakness+1","floor":46.0},{"not_picked":["Rampage+1","Battle Trance+1"],"picked":"Wild Strike+1","floor":48.0},{"not_picked":["Rampage+1","Dropkick+1"],"picked":"Pommel Strike+1","floor":49.0}],"player_experience":150928,"relics_obtained":[{"floor":6.0,"key":"Smiling Mask"},{"floor":8.0,"key":"Paper Frog"},{"floor":9.0,"key":"Mercury Hourglass"},{"floor":11.0,"key":"Torii"},{"floor":13.0,"key":"Girya"},{"floor":23.0,"key":"Toxic Egg 2"},{"floor":25.0,"key":"Peace Pipe"},{"floor":26.0,"key":"Happy Flower"},{"floor":27.0,"key":"Red Skull"},{"floor":29.0,"key":"Ancient Tea Set"},{"floor":31.0,"key":"Dream Catcher"},{"floor":34.0,"key":"Pen Nib"},{"floor":34.0,"key":"Molten Egg 2"},{"floor":34.0,"key":"Mango"},{"floor":42.0,"key":"Darkstone Periapt"},{"floor":43.0,"key":"Whetstone"},{"floor":45.0,"key":"Strawberry"},{"floor":48.0,"key":"Vajra"}],"event_choices":[{"event_name":"World of Goop","player_choice":"Gather Gold","floor":2.0,"damage_taken":0.0},{"event_name":"Living Wall","player_choice":"Grow","floor":4.0,"damage_taken":0.0},{"event_name":"Fountain of Cleansing","player_choice":"Removed Curse","floor":7.0,"damage_taken":0.0},{"event_name":"Golden Wing","player_choice":"Gained Gold","floor":14.0,"damage_taken":0.0},{"event_name":"Nest","player_choice":"Joined the Cult","floor":21.0,"damage_taken":0.0},{"event_name":"Golden Shrine","player_choice":"Pray","floor":22.0,"damage_taken":0.0},{"event_name":"WeMeetAgain","player_choice":"Potion","floor":47.0,"damage_taken":0.0}],"is_beta":false,"boss_relics":[{"not_picked":["Fusion Hammer","Runic Cube"],"picked":"Snecko Eye"},{"not_picked":["Lizard Tail","Philosopher\u0027s Stone"],"picked":"Calling Bell"}],"items_purged_floors":[37],"is_endless":false,"potions_floor_spawned":[1,8,11,13,18,23,29,30,35,39,44,46],"ascension_level":3}