{"gold_per_floor":[117,127,52,72,85,85,100,100,100,124,142,142,142,185,185,276,276,295,47,47,60,60,60],"floor_reached":23,"playtime":1055,"items_purged":["Decay"],"score":328,"play_id":"93a0306b-e71e-429b-8b70-9e0e250fe22c","local_time":"20190102104452","is_ascension_mode":true,"campfire_choices":[{"data":"All Out Attack","floor":6.0,"key":"SMITH"},{"data":"Noxious Fumes","floor":13.0,"key":"SMITH"},{"floor":15.0,"key":"REST"}],"neow_cost":"CURSE","seed_source_timestamp":49530486364937,"circlet_count":0,"master_deck":["AscendersBane","Defend_G","Defend_G","Defend_G","Defend_G","Defend_G","Survivor","Neutralize","Tools of the Trade","Flying Knee","Tactician","All Out Attack+1","Slice","Caltrops","Injury","Dash","Dodge and Roll","Bullet Time","Noxious Fumes+1","Neutralize","Underhanded Strike","Storm of Steel","Unload+1","Blur+1","Terror+1","Backflip","Riddle With Holes","Blur","Catalyst"],"special_seed":0,"relics":["Ring of the Snake","Golden Idol","Bronze Scales","Regal Pillow","Astrolabe","Pantograph"],"potions_floor_usage":[18,21,21],"damage_taken":[{"damage":2.0,"enemies":"Cultist","floor":1.0,"turns":5.0},{"damage":2.0,"enemies":"Jaw Worm","floor":2.0,"turns":6.0},{"damage":0.0,"enemies":"2 Louse","floor":4.0,"turns":4.0},{"damage":0.0,"enemies":"Lots of Slimes","floor":5.0,"turns":3.0},{"damage":0.0,"enemies":"Exordium Wildlife","floor":7.0,"turns":3.0},{"damage":5.0,"enemies":"Large Slime","floor":10.0,"turns":6.0},{"damage":0.0,"enemies":"2 Fungi Beasts","floor":11.0,"turns":2.0},{"damage":31.0,"enemies":"Gremlin Nob","floor":14.0,"turns":4.0},{"damage":37.0,"enemies":"The Guardian","floor":16.0,"turns":10.0},{"damage":0,"enemies":"Chosen","floor":18,"turns":3},{"damage":17,"enemies":"2 Thieves","floor":21,"turns":4},{"damage":36,"enemies":"Gremlin Leader","floor":23,"turns":4}],"seed_played":"-5421623302948097570","potions_obtained":[{"floor":5.0,"key":"Strength Potion"},{"floor":7.0,"key":"Poison Potion"},{"floor":10.0,"key":"EntropicBrew"}],"is_trial":false,"path_per_floor":["M","M","$","M","M","R","M","?","T","M","M","?","R","E","R","B",null,"M","$","?","M","?","E"],"character_chosen":"THE_SILENT","items_purchased":["Pantograph"],"campfire_rested":1,"item_purchase_floors":[19],"current_hp_per_floor":[57,55,55,55,55,55,55,55,55,50,50,50,50,19,53,16,54,54,54,54,37,31,0],"gold":60,"neow_bonus":"THREE_RARE_CARDS","is_prod":false,"is_daily":false,"chose_seed":false,"campfire_upgraded":2,"win_rate":0,"timestamp":1546443892,"path_taken":["M","M","$","M","?","R","M","?","T","M","M","?","R","E","R","BOSS","M","$","?","M","?","E"],"build_version":"2018-12-20","purchased_purges":1,"victory":false,"max_hp_per_floor":[66,66,66,66,66,66,66,66,66,66,66,66,66,66,66,66,66,66,66,66,66,66,66],"card_choices":[{"not_picked":["After Image","Burst"],"picked":"Tools of the Trade","floor":0.0},{"not_picked":["Bane","Sucker Punch"],"picked":"Flying Knee","floor":1.0},{"not_picked":["Riddle With Holes","Deadly Poison"],"picked":"Tactician","floor":2.0},{"not_picked":["Outmaneuver","Dagger Spray"],"picked":"All Out Attack","floor":4.0},{"not_picked":["Heel Hook","Prepared"],"picked":"Slice","floor":5.0},{"not_picked":["Skewer","Dagger Spray"],"picked":"Caltrops","floor":7.0},{"not_picked":["Poisoned Stab","Catalyst"],"picked":"Dash","floor":10.0},{"not_picked":["Deflect","Tools of the Trade","Dodge and Roll"],"picked":"SKIP","floor":11.0},{"not_picked":["Deflect","Tools of the Trade"],"picked":"Dodge and Roll","floor":11.0},{"not_picked":["Escape Plan","Dagger Spray"],"picked":"Underhanded Strike","floor":14.0},{"not_picked":["Venomology","Tools of the Trade"],"picked":"Storm of Steel","floor":16.0},{"not_picked":["Infinite Blades","Deadly Poison"],"picked":"Backflip","floor":18},{"not_picked":["Blade Dance","Prepared"],"picked":"Catalyst","floor":21}],"player_experience":482372,"relics_obtained":[{"floor":9.0,"key":"Bronze Scales"},{"floor":14.0,"key":"Regal Pillow"}],"event_choices":[{"damage_healed":0.0,"max_hp_gain":0.0,"max_hp_loss":0.0,"gold_gain":0.0,"event_name":"Golden Idol","player_choice":"Take Wound","floor":8.0,"gold_loss":0.0,"damage_taken":0.0,"relics_obtained":["Golden Idol"],"cards_obtained":["Injury"]},{"damage_healed":0.0,"max_hp_gain":0.0,"max_hp_loss":0.0,"gold_gain":0.0,"event_name":"Match and Keep!","player_choice":"3 cards matched","floor":12.0,"gold_loss":0.0,"damage_taken":0.0,"cards_obtained":["Bullet Time","Noxious Fumes","Neutralize"]},{"damage_healed":0,"gold_gain":0,"cards_transformed":["Strike_G","Strike_G"],"player_choice":"Became Test Subject","damage_taken":0,"max_hp_gain":0,"max_hp_loss":0,"event_name":"Drug Dealer","floor":20,"gold_loss":0,"cards_obtained":["Riddle With Holes","Blur"]},{"damage_healed":0,"gold_gain":0,"player_choice":"","damage_taken":6,"max_hp_gain":0,"max_hp_loss":0,"event_name":"Knowing Skull","floor":22,"potions_obtained":[],"gold_loss":0,"cards_obtained":[]}],"is_beta":false,"boss_relics":[{"not_picked":["Eternal Feather","Empty Cage"],"picked":"Astrolabe"}],"items_purged_floors":[3],"is_endless":false,"potions_floor_spawned":[5,7,10,14,16],"killed_by":"Gremlin Leader","ascension_level":14}