{"gold_per_floor":[109,34,47,47,60,60,93,104,129,149,149,184,184,197,197,273,273,293,339,350,35,35,35,135,135,135,135,153,153,166,192,192,263,263,276,290,309,322,342,342,371,371,371,371,388,436,466,476,476,476,476,476,476,9,44,44],"floor_reached":57,"playtime":6893,"items_purged":["Normality","Strike_B"],"score":2688,"play_id":"35765c1e-df04-4956-855e-8450ac0ffbf9","local_time":"20190318111252","is_ascension_mode":true,"campfire_choices":[{"data":"Zap","floor":6.0,"key":"SMITH"},{"floor":11.0,"key":"REST"},{"data":"Loop","floor":13.0,"key":"SMITH"},{"data":"Defragment","floor":15.0,"key":"SMITH"},{"floor":23.0,"key":"REST"},{"floor":25.0,"key":"REST"},{"floor":27.0,"key":"REST"},{"data":"Strike_B","floor":32.0,"key":"PURGE"},{"data":"Strike_B","floor":40.0,"key":"PURGE"},{"floor":42.0,"key":"RECALL"},{"data":"Defend_B","floor":44.0,"key":"PURGE"},{"data":"Defend_B","floor":49.0,"key":"PURGE"},{"data":"Hyperbeam","floor":53.0,"key":"PURGE"}],"neow_cost":"CURSE","seed_source_timestamp":402482052729221,"circlet_count":0,"master_deck":["AscendersBane","Zap+1","Dualcast","Gash","Sweeping Beam","FTL","Loop+1","All For One","Steam","Defragment+1","Rip and Tear","Cold Snap","Defragment","Glacier","Leap","Barrage","Leap","Undo","Coolheaded","Chaos+1","Echo Form","Gash","Skim","FTL+1","Loop","Defragment+1","Coolheaded","Gash","Capacitor","Loop"],"special_seed":0,"relics":["FrozenCore","Peace Pipe","Orichalcum","PreservedInsect","Smiling Mask","Fusion Hammer","Bag of Preparation","Runic Capacitor","Emotion Chip","Question Card","Vajra","Bird Faced Urn","Shuriken","Gambling Chip","Blood Vial","DataDisk","Strawberry","Pantograph"],"potions_floor_usage":[56,56],"damage_taken":[{"damage":2.0,"enemies":"Jaw Worm","floor":1.0,"turns":4.0},{"damage":1.0,"enemies":"Cultist","floor":3.0,"turns":3.0},{"damage":0.0,"enemies":"2 Louse","floor":5.0,"turns":3.0},{"damage":20.0,"enemies":"Lagavulin","floor":7.0,"turns":5.0},{"damage":12.0,"enemies":"Large Slime","floor":8.0,"turns":4.0},{"damage":13.0,"enemies":"Exordium Wildlife","floor":10.0,"turns":4.0},{"damage":5.0,"enemies":"Gremlin Nob","floor":12.0,"turns":3.0},{"damage":2.0,"enemies":"Blue Slaver","floor":14.0,"turns":2.0},{"damage":24.0,"enemies":"Slime Boss","floor":16.0,"turns":6.0},{"damage":23.0,"enemies":"2 Thieves","floor":18.0,"turns":3.0},{"damage":6.0,"enemies":"3 Byrds","floor":20.0,"turns":4.0},{"damage":9.0,"enemies":"Colosseum Slavers","floor":24.0,"turns":3.0},{"damage":3.0,"enemies":"Colosseum Nobs","floor":24.0,"turns":5.0},{"damage":7.0,"enemies":"Centurion and Healer","floor":28.0,"turns":7.0},{"damage":0.0,"enemies":"Cultist and Chosen","floor":30.0,"turns":5.0},{"damage":0.0,"enemies":"Slavers","floor":31.0,"turns":2.0},{"damage":28.0,"enemies":"Automaton","floor":33.0,"turns":9.0},{"damage":0.0,"enemies":"3 Shapes","floor":35.0,"turns":5.0},{"damage":30.0,"enemies":"3 Darklings","floor":36.0,"turns":8.0},{"damage":6.0,"enemies":"Spire Growth","floor":37.0,"turns":7.0},{"damage":6.0,"enemies":"Writhing Mass","floor":38.0,"turns":9.0},{"damage":10.0,"enemies":"4 Shapes","floor":39.0,"turns":9.0},{"damage":0.0,"enemies":"Giant Head","floor":41.0,"turns":13.0},{"damage":20.0,"enemies":"Transient","floor":45.0,"turns":6.0},{"damage":22.0,"enemies":"2 Orb Walkers","floor":46.0,"turns":9.0},{"damage":7.0,"enemies":"Nemesis","floor":47.0,"turns":11.0},{"damage":5.0,"enemies":"Maw","floor":48.0,"turns":10.0},{"damage":24.0,"enemies":"Awakened One","floor":50.0,"turns":14.0},{"damage":14.0,"enemies":"Time Eater","floor":51.0,"turns":19.0},{"damage":29.0,"enemies":"Shield and Spear","floor":55.0,"turns":12.0},{"damage":33,"enemies":"The Heart","floor":56,"turns":11}],"seed_played":"-3214942737525270738","potions_obtained":[{"floor":5.0,"key":"Weak Potion"},{"floor":8.0,"key":"Energy Potion"},{"floor":14.0,"key":"FocusPotion"},{"floor":18.0,"key":"Swift Potion"},{"floor":28.0,"key":"Swift Potion"},{"floor":30.0,"key":"Swift Potion"},{"floor":31.0,"key":"Dexterity Potion"},{"floor":41.0,"key":"SpeedPotion"},{"floor":46.0,"key":"Block Potion"},{"floor":47.0,"key":"Fruit Juice"}],"is_trial":false,"path_per_floor":["M","$","M","?","M","R","E","M","T","M","R","E","R","M","R","B",null,"M","T","M","$","?","R","?","R","T","R","M","?","M","E","R","B",null,"M","M","M","M","M","R","E","R","T","R","M","?","E","M","R","B","B",null,"R","$","E","B",null],"character_chosen":"DEFECT","items_purchased":["Glacier","Runic Capacitor","DataDisk","Strawberry","GamblersBrew","Capacitor"],"campfire_rested":4,"item_purchase_floors":[21,21,54,54,54,54],"current_hp_per_floor":[62,62,61,61,61,61,41,29,29,16,37,32,32,30,30,6,55,32,32,26,26,6,28,16,38,38,60,53,53,53,53,53,31,65,73,54,60,68,72,72,76,76,76,76,67,67,76,76,76,70,76,76,76,88,74,67],"gold":44,"neow_bonus":"ONE_RARE_RELIC","is_prod":false,"is_daily":false,"chose_seed":false,"campfire_upgraded":3,"win_rate":0,"timestamp":1552925572,"path_taken":["M","$","M","?","M","R","E","?","T","M","R","E","R","M","R","BOSS","M","?","M","$","?","R","?","R","T","R","M","?","M","E","R","BOSS","M","M","M","M","M","R","E","R","T","R","M","?","E","M","R","BOSS","BOSS","R","$","E","BOSS"],"build_version":"2019-01-23","purchased_purges":2,"victory":true,"max_hp_per_floor":[71,71,71,71,71,71,71,71,71,71,71,71,71,71,71,71,71,71,71,71,71,76,76,76,76,76,76,76,76,76,76,76,76,76,76,76,76,76,76,76,76,76,76,76,76,76,76,76,76,76,76,76,76,88,88,88],"card_choices":[{"not_picked":["Steam","Leap"],"picked":"Gash","floor":1.0},{"not_picked":["Steam","Redo"],"picked":"Sweeping Beam","floor":3.0},{"not_picked":["Stack","BootSequence"],"picked":"FTL","floor":5.0},{"not_picked":["Recycle","Self Repair"],"picked":"Loop","floor":7.0},{"not_picked":["Sunder","Redo"],"picked":"All For One","floor":8.0},{"not_picked":["Force Field","Leap"],"picked":"Steam","floor":10.0},{"not_picked":["Tempest","Ball Lightning"],"picked":"Defragment","floor":12.0},{"not_picked":["Turbo","Undo"],"picked":"Rip and Tear","floor":14.0},{"not_picked":["Rainbow","Creative AI"],"picked":"Hyperbeam","floor":16.0},{"not_picked":["Ball Lightning","Compile Driver"],"picked":"Cold Snap","floor":18.0},{"not_picked":["Coolheaded","Rebound"],"picked":"Defragment","floor":20.0},{"not_picked":["Darkness","Steam"],"picked":"Leap","floor":24.0},{"not_picked":["Undo","Consume","Heatsinks"],"picked":"Barrage","floor":28.0},{"not_picked":["Barrage","Double Energy","Cold Snap"],"picked":"Coolheaded","floor":30.0},{"not_picked":["Turbo+1","Steam","Auto Shields"],"picked":"Chaos+1","floor":31.0},{"not_picked":["Amplify","Hyperbeam","Electrodynamics"],"picked":"Echo Form","floor":33.0},{"not_picked":["Coolheaded","Streamline","Scrape"],"picked":"Gash","floor":35.0},{"not_picked":["Hello World+1","Fusion+1","Hologram","Sweeping Beam"],"picked":"SKIP","floor":36.0},{"not_picked":["Hello World+1","Fusion+1","Hologram","Sweeping Beam"],"picked":"SKIP","floor":36.0},{"not_picked":["Reboot","Rebound","Gash"],"picked":"Skim","floor":37.0},{"not_picked":["Streamline","Redo","Leap"],"picked":"FTL+1","floor":38.0},{"not_picked":["Conserve Battery","Undo+1","Leap+1"],"picked":"Loop","floor":39.0},{"not_picked":["Compile Driver","Streamline","Steam"],"picked":"Defragment+1","floor":41.0},{"not_picked":["Undo","Hologram","Leap"],"picked":"Coolheaded","floor":45.0},{"not_picked":["Leap","Streamline","Ball Lightning+1"],"picked":"Gash","floor":46.0},{"not_picked":["Conserve Battery","Fusion","Steam Power+1","Turbo"],"picked":"SKIP","floor":47.0},{"not_picked":["Conserve Battery","Steam+1","Gash+1","Buffer"],"picked":"SKIP","floor":48.0},{"not_picked":["Cold Snap","FTL","Melter"],"picked":"Loop","floor":55.0}],"player_experience":820143,"relics_obtained":[{"floor":7.0,"key":"Orichalcum"},{"floor":9.0,"key":"PreservedInsect"},{"floor":12.0,"key":"Smiling Mask"},{"floor":19.0,"key":"Bag of Preparation"},{"floor":24.0,"key":"Emotion Chip"},{"floor":24.0,"key":"Question Card"},{"floor":26.0,"key":"Vajra"},{"floor":31.0,"key":"Bird Faced Urn"},{"floor":41.0,"key":"Shuriken"},{"floor":46.0,"key":"Gambling Chip"},{"floor":47.0,"key":"Blood Vial"},{"floor":55.0,"key":"Pantograph"}],"event_choices":[{"cards_removed":["Strike_B"],"damage_healed":0.0,"max_hp_gain":0.0,"max_hp_loss":0.0,"gold_gain":0.0,"event_name":"Purifier","player_choice":"Purged","floor":4.0,"gold_loss":0.0,"damage_taken":0.0},{"damage_healed":0.0,"max_hp_gain":5.0,"max_hp_loss":0.0,"gold_gain":0.0,"event_name":"Forgotten Altar","player_choice":"Shed Blood","floor":22.0,"gold_loss":0.0,"damage_taken":25.0},{"damage_healed":0.0,"max_hp_gain":0.0,"max_hp_loss":0.0,"gold_gain":0.0,"event_name":"Colosseum","player_choice":"Fight","floor":24.0,"gold_loss":0.0,"damage_taken":0.0},{"damage_healed":0.0,"max_hp_gain":0.0,"max_hp_loss":0.0,"gold_gain":0.0,"event_name":"Colosseum","player_choice":"Fought Nobs","floor":24.0,"gold_loss":0.0,"damage_taken":0.0},{"damage_healed":0.0,"max_hp_gain":0.0,"max_hp_loss":0.0,"gold_gain":0.0,"cards_transformed":["Defend_B","Defend_B"],"event_name":"Drug Dealer","player_choice":"Became Test Subject","floor":29.0,"gold_loss":0.0,"damage_taken":0.0,"cards_obtained":["Leap","Undo"]},{"damage_healed":0.0,"max_hp_gain":0.0,"max_hp_loss":0.0,"gold_gain":0.0,"event_name":"Mysterious Sphere","player_choice":"Fight","floor":46.0,"gold_loss":0.0,"damage_taken":0.0}],"is_beta":false,"boss_relics":[{"not_picked":["Pandora\u0027s Box","Philosopher\u0027s Stone"],"picked":"Fusion Hammer"},{"not_picked":["Snecko Eye","Eternal Feather"],"picked":"FrozenCore"}],"items_purged_floors":[2,21],"is_endless":false,"potions_floor_spawned":[5,8,14,18,24,28,30,31,36,37,41,46,47],"ascension_level":20}