{"gold_per_floor":[20,36,36,36,56,82,82,99,144,144,163,163,188,205,205,283,283,300,225,8,22,122,149,44,44,44,62,62,94,94,104,104,176,176,186,203,215,234,154,179,204,204,204,229,241,241,12,25,25,25,25,25,25,25,54,54],"floor_reached":57,"playtime":11355,"items_purged":["Strike_B","Strike_B"],"score":3334,"play_id":"ed19d7ff-03b4-4a67-abf0-562b014e608c","local_time":"20190323222540","is_ascension_mode":true,"campfire_choices":[{"data":"Sunder","floor":7.0,"key":"SMITH"},{"data":"Genetic Algorithm","floor":10.0,"key":"SMITH"},{"floor":12.0,"key":"REST"},{"data":"Redo","floor":15.0,"key":"SMITH"},{"floor":28.0,"key":"REST"},{"floor":30.0,"key":"REST"},{"data":"Fission","floor":32.0,"key":"SMITH"},{"floor":42.0,"key":"RECALL"},{"data":"Seek","floor":49,"key":"SMITH"},{"data":"Hologram","floor":53,"key":"SMITH"}],"neow_cost":"NO_GOLD","seed_source_timestamp":870924035149785,"circlet_count":0,"master_deck":["AscendersBane","Strike_B","Defend_B","Defend_B","Defend_B","Defend_B","Zap","Dualcast","Echo Form","Melter","Beam Cell","Sunder+1","Redo+1","Genetic Algorithm+1","Hologram+1","Ball Lightning","Creative AI","Fission+1","Turbo","Steam","Leap","Genetic Algorithm+1","Genetic Algorithm","Barrage+1","Seek+1","Darkness+1","Chill","Go for the Eyes","Chill","Echo Form","Chill","Turbo"],"special_seed":0,"relics":["Cracked Core","The Courier","Blood Vial","Orichalcum","Black Star","Bag of Preparation","Dead Branch","Mummified Hand","WingedGreaves","Omamori","Art of War","Pear","Happy Flower","Calipers","Runic Pyramid","DataDisk","Vajra","FossilizedHelix","Dodecahedron","Regal Pillow","Blue Candle","Potion Belt","Pantograph","Cables"],"potions_floor_usage":[56,56,56,56,56,56],"damage_taken":[{"damage":14.0,"enemies":"Small Slimes","floor":1.0,"turns":3.0},{"damage":2.0,"enemies":"Jaw Worm","floor":2.0,"turns":3.0},{"damage":2.0,"enemies":"2 Louse","floor":5.0,"turns":3.0},{"damage":15.0,"enemies":"Lagavulin","floor":6.0,"turns":7.0},{"damage":2.0,"enemies":"2 Fungi Beasts","floor":8.0,"turns":2.0},{"damage":8.0,"enemies":"Large Slime","floor":11.0,"turns":6.0},{"damage":32.0,"enemies":"Gremlin Nob","floor":13.0,"turns":4.0},{"damage":4.0,"enemies":"Exordium Wildlife","floor":14.0,"turns":3.0},{"damage":30.0,"enemies":"Slime Boss","floor":16.0,"turns":10.0},{"damage":12.0,"enemies":"Chosen","floor":18.0,"turns":7.0},{"damage":0.0,"enemies":"Spheric Guardian","floor":21.0,"turns":3.0},{"damage":18.0,"enemies":"Colosseum Slavers","floor":22.0,"turns":5.0},{"damage":17.0,"enemies":"Colosseum Nobs","floor":22.0,"turns":6.0},{"damage":15.0,"enemies":"Gremlin Leader","floor":23.0,"turns":5.0},{"damage":17.0,"enemies":"Centurion and Healer","floor":27.0,"turns":9.0},{"damage":23.0,"enemies":"Slavers","floor":29.0,"turns":5.0},{"damage":0.0,"enemies":"Shelled Parasite and Fungi","floor":31.0,"turns":6.0},{"damage":22.0,"enemies":"Collector","floor":33.0,"turns":12.0},{"damage":6.0,"enemies":"3 Shapes","floor":35.0,"turns":14.0},{"damage":0.0,"enemies":"Orb Walker","floor":36.0,"turns":6.0},{"damage":0.0,"enemies":"Spire Growth","floor":37.0,"turns":6.0},{"damage":2.0,"enemies":"Transient","floor":38.0,"turns":6.0},{"damage":0.0,"enemies":"Giant Head","floor":40.0,"turns":13.0},{"damage":0.0,"enemies":"Nemesis","floor":41.0,"turns":9.0},{"damage":0.0,"enemies":"Reptomancer","floor":44.0,"turns":7.0},{"damage":0.0,"enemies":"Jaw Worm Horde","floor":45.0,"turns":4.0},{"damage":0.0,"enemies":"Sphere and 2 Shapes","floor":48.0,"turns":9.0},{"damage":0,"enemies":"Donu and Deca","floor":50,"turns":9},{"damage":0,"enemies":"Awakened One","floor":51,"turns":18},{"damage":0,"enemies":"Shield and Spear","floor":55,"turns":7},{"damage":0,"enemies":"The Heart","floor":56,"turns":8}],"seed_played":"-5990965860311492633","potions_obtained":[{"floor":1.0,"key":"Energy Potion"},{"floor":5.0,"key":"FocusPotion"},{"floor":6.0,"key":"SpeedPotion"},{"floor":13.0,"key":"SneckoOil"},{"floor":14.0,"key":"Regen Potion"},{"floor":23.0,"key":"Strength Potion"},{"floor":27.0,"key":"Energy Potion"},{"floor":31.0,"key":"EssenceOfSteel"},{"floor":33.0,"key":"Energy Potion"},{"floor":35.0,"key":"Strength Potion"},{"floor":41.0,"key":"FocusPotion"}],"is_trial":false,"path_per_floor":["M","M","?","?","M","E","R","M","T","R","M","R","E","M","R","B",null,"M","?","$","M","?","E","$","?","T","M","R","E","R","M","R","B",null,"M","M","M","M","$","E","E","R","T","E","M","$","$","M","R","B","B",null,"R","$","E","B",null],"character_chosen":"DEFECT","items_purchased":["Bag of Preparation","Weak Potion","Steam","Block Potion","Potion Belt","EntropicBrew"],"campfire_rested":3,"item_purchase_floors":[20,20,20,24,47,47],"current_hp_per_floor":[50,48,48,53,51,36,36,34,34,34,28,50,20,18,18,5,58,48,48,48,50,19,6,6,6,16,1,26,5,30,32,32,12,68,64,66,68,68,68,70,72,72,72,74,76,76,76,78,78,80,82,85,85,85,86,86],"gold":54,"neow_bonus":"THREE_RARE_CARDS","is_prod":false,"is_daily":false,"chose_seed":false,"campfire_upgraded":6,"win_rate":0,"timestamp":1553397940,"path_taken":["M","M","?","?","?","E","R","M","T","R","M","R","E","M","R","BOSS","M","?","$","M","?","E","$","?","T","?","R","E","R","M","R","BOSS","M","M","M","?","?","E","E","R","T","E","M","$","$","M","R","BOSS","BOSS","R","$","E","BOSS"],"build_version":"2019-01-23","purchased_purges":2,"victory":true,"max_hp_per_floor":[71,71,71,76,76,76,76,76,76,76,76,76,76,76,76,76,76,76,76,76,76,76,76,76,76,86,86,86,86,86,86,86,86,86,86,86,86,86,86,86,86,86,86,86,86,86,86,86,86,86,86,86,86,86,86,86],"card_choices":[{"not_picked":["Meteor Strike","Reboot"],"picked":"Echo Form","floor":0.0},{"not_picked":["Tempest","Streamline"],"picked":"Melter","floor":1.0},{"not_picked":["Steam","Aggregate"],"picked":"Beam Cell","floor":2.0},{"not_picked":["Storm","Consume"],"picked":"Sunder","floor":5.0},{"not_picked":["Hello World","Cold Snap"],"picked":"Redo","floor":6.0},{"not_picked":["Compile Driver","Sweeping Beam"],"picked":"Genetic Algorithm","floor":8.0},{"not_picked":["Streamline","Double Energy"],"picked":"Hologram","floor":11.0},{"not_picked":["Streamline","Rip and Tear"],"picked":"Ball Lightning","floor":13.0},{"not_picked":["Rebound","Streamline"],"picked":"Creative AI","floor":14.0},{"not_picked":["Meteor Strike","Machine Learning"],"picked":"Fission","floor":16.0},{"not_picked":["Tempest","Double Energy"],"picked":"Turbo","floor":18.0},{"not_picked":["Ball Lightning","Double Energy","Barrage"],"picked":"SKIP","floor":21.0},{"not_picked":["Ball Lightning","Double Energy","Barrage"],"picked":"SKIP","floor":21.0},{"not_picked":["Go for the Eyes","Storm"],"picked":"Leap","floor":23.0},{"not_picked":["Ball Lightning","Hello World"],"picked":"Genetic Algorithm+1","floor":27.0},{"not_picked":["Reprogram","Aggregate"],"picked":"Genetic Algorithm","floor":29.0},{"not_picked":["Gash","Skim"],"picked":"Barrage+1","floor":31.0},{"not_picked":["Thunder Strike","Multi-Cast"],"picked":"Seek","floor":33.0},{"not_picked":["Scrape+1","Cold Snap"],"picked":"Darkness+1","floor":35.0},{"not_picked":["Steam","Barrage"],"picked":"Chill","floor":36.0},{"not_picked":["All For One","Hello World+1"],"picked":"Go for the Eyes","floor":37.0},{"not_picked":["Redo","Conserve Battery"],"picked":"Chill","floor":38.0},{"not_picked":["Redo","Consume+1"],"picked":"Echo Form","floor":40.0},{"not_picked":["Compile Driver","Storm","BootSequence"],"picked":"SKIP","floor":41.0},{"not_picked":["Compile Driver","Storm","BootSequence"],"picked":"SKIP","floor":41.0},{"not_picked":["Tempest","Auto Shields"],"picked":"Chill","floor":44.0},{"not_picked":["Beam Cell","Sunder+1","Scrape"],"picked":"SKIP","floor":45.0},{"not_picked":["Fusion+1","Stack"],"picked":"Turbo","floor":48.0},{"not_picked":["Ball Lightning","Steam Power","Gash"],"picked":"SKIP","floor":55}],"player_experience":908150,"relics_obtained":[{"floor":6.0,"key":"The Courier"},{"floor":9.0,"key":"Blood Vial"},{"floor":13.0,"key":"Orichalcum"},{"floor":22.0,"key":"Dead Branch"},{"floor":22.0,"key":"Mummified Hand"},{"floor":23.0,"key":"WingedGreaves"},{"floor":23.0,"key":"Omamori"},{"floor":26.0,"key":"Pear"},{"floor":29.0,"key":"Happy Flower"},{"floor":29.0,"key":"Calipers"},{"floor":40.0,"key":"DataDisk"},{"floor":40.0,"key":"Vajra"},{"floor":41.0,"key":"FossilizedHelix"},{"floor":41.0,"key":"Dodecahedron"},{"floor":44.0,"key":"Regal Pillow"},{"floor":44.0,"key":"Blue Candle"},{"floor":55,"key":"Pantograph"},{"floor":55,"key":"Cables"}],"event_choices":[{"damage_healed":0.0,"max_hp_gain":0.0,"max_hp_loss":0.0,"gold_gain":0.0,"event_name":"Liars Game","player_choice":"Ignored","floor":3.0,"gold_loss":0.0,"damage_taken":0.0},{"damage_healed":0.0,"max_hp_gain":5.0,"max_hp_loss":0.0,"gold_gain":0.0,"event_name":"Big Fish","player_choice":"Donut","floor":4.0,"gold_loss":0.0,"damage_taken":0.0},{"cards_removed":["Strike_B"],"damage_healed":0.0,"max_hp_gain":0.0,"max_hp_loss":0.0,"gold_gain":0.0,"event_name":"Beggar","player_choice":"Gave Gold","floor":19.0,"gold_loss":75.0,"damage_taken":0.0},{"damage_healed":0.0,"max_hp_gain":0.0,"max_hp_loss":0.0,"gold_gain":0.0,"event_name":"Colosseum","player_choice":"Fight","floor":22.0,"gold_loss":0.0,"damage_taken":0.0},{"damage_healed":0.0,"max_hp_gain":0.0,"max_hp_loss":0.0,"gold_gain":0.0,"event_name":"Colosseum","player_choice":"Fought Nobs","floor":22.0,"gold_loss":0.0,"damage_taken":0.0},{"damage_healed":0.0,"max_hp_gain":0.0,"max_hp_loss":0.0,"gold_gain":0.0,"event_name":"Addict","player_choice":"Stole Relic","floor":25.0,"gold_loss":0.0,"damage_taken":0.0,"relics_obtained":["Art of War"],"cards_obtained":["Shame"]}],"is_beta":false,"boss_relics":[{"not_picked":["Tiny House","Lizard Tail"],"picked":"Black Star"},{"not_picked":["Calling Bell","Philosopher\u0027s Stone"],"picked":"Runic Pyramid"}],"items_purged_floors":[24,39],"is_endless":false,"potions_floor_spawned":[1,5,6,13,14,23,27,31,33,35,41,44],"ascension_level":20}