{"gold_per_floor":[119,119,138,27,27,27,47,47,74,100,141,241,254,278,278,372,372,397,417,432,62,82,82,121,121,145,145],"floor_reached":27,"playtime":1561,"items_purged":["Shame"],"score":384,"play_id":"b160f6e3-5e04-44f3-8504-969c4ac4bc31","local_time":"20181229192320","is_ascension_mode":true,"campfire_choices":[{"data":"Searing Blow","floor":6.0,"key":"SMITH"},{"data":"Searing Blow+1","floor":8.0,"key":"SMITH"},{"data":"Searing Blow+2","floor":15.0,"key":"SMITH"},{"data":"Entrench","floor":23.0,"key":"SMITH"},{"floor":25.0,"key":"REST"}],"neow_cost":"CURSE","seed_source_timestamp":386593449000867,"circlet_count":0,"master_deck":["AscendersBane","Strike_R","Strike_R","Strike_R","Defend_R","Defend_R","Defend_R","Defend_R","Bash","Cleave","Barricade","Battle Trance","Searing Blow+3","Ghostly Armor","Bloodletting","Headbutt","Impervious","Shrug It Off+1","Entrench+1","Headbutt","Rupture","True Grit","Shrug It Off","Sword Boomerang"],"special_seed":0,"relics":["Burning Blood","Art of War","Golden Idol","Happy Flower","Boot","Omamori","Mark of Pain","Strawberry","Tiny Chest","Vajra","Dream Catcher"],"potions_floor_usage":[27],"damage_taken":[{"damage":10.0,"enemies":"2 Louse","floor":1.0,"turns":4.0},{"damage":9.0,"enemies":"Jaw Worm","floor":3.0,"turns":4.0},{"damage":0.0,"enemies":"Small Slimes","floor":7.0,"turns":4.0},{"damage":8.0,"enemies":"Gremlin Nob","floor":11.0,"turns":3.0},{"damage":4.0,"enemies":"Red Slaver","floor":13.0,"turns":4.0},{"damage":0.0,"enemies":"2 Fungi Beasts","floor":14.0,"turns":2.0},{"damage":49.0,"enemies":"The Guardian","floor":16.0,"turns":11.0},{"damage":7.0,"enemies":"Chosen","floor":18.0,"turns":4.0},{"damage":0.0,"enemies":"3 Byrds","floor":19.0,"turns":6.0},{"damage":12.0,"enemies":"Centurion and Healer","floor":20.0,"turns":8.0},{"damage":28.0,"enemies":"Chosen and Byrds","floor":22.0,"turns":7.0},{"damage":38.0,"enemies":"Book of Stabbing","floor":24.0,"turns":10.0},{"damage":46,"enemies":"Gremlin Leader","floor":27,"turns":5}],"seed_played":"-1987574229854758222","potions_obtained":[{"floor":1.0,"key":"Regen Potion"},{"floor":7.0,"key":"Energy Potion"},{"floor":13.0,"key":"Energy Potion"},{"floor":20.0,"key":"Fire Potion"}],"is_trial":false,"path_per_floor":["M","?","M","$","?","R","M","R","T","T","E","?","M","M","R","B",null,"M","M","M","$","M","R","E","R","T","E"],"character_chosen":"IRONCLAD","items_purchased":["Ghostly Armor","Rupture","True Grit","Strawberry","Tiny Chest"],"campfire_rested":1,"item_purchase_floors":[4,21,21,21,21],"current_hp_per_floor":[68,56,53,53,33,33,51,51,51,51,49,49,51,57,57,14,64,63,69,63,70,48,48,16,42,42,0],"gold":145,"neow_bonus":"TRANSFORM_TWO_CARDS","is_prod":false,"is_daily":false,"chose_seed":false,"campfire_upgraded":4,"win_rate":0,"timestamp":1546129400,"path_taken":["M","?","M","$","?","R","M","R","T","?","E","?","?","M","R","BOSS","M","M","M","$","M","R","E","R","T","E"],"build_version":"2018-12-20","purchased_purges":1,"victory":false,"max_hp_per_floor":[80,80,80,80,80,80,80,80,80,80,80,80,80,80,80,80,80,80,80,80,87,87,87,87,87,87,87],"card_choices":[{"not_picked":["Perfected Strike","Bloodletting"],"picked":"Battle Trance","floor":1.0},{"not_picked":["Reckless Charge","Havoc"],"picked":"Searing Blow","floor":3.0},{"not_picked":["Flex","Blood for Blood"],"picked":"Bloodletting","floor":7.0},{"not_picked":["Intimidate","Heavy Blade","Anger"],"picked":"SKIP","floor":11.0},{"not_picked":["Rampage","Feel No Pain","Fire Breathing"],"picked":"SKIP","floor":13.0},{"not_picked":["Sword Boomerang","Flex"],"picked":"Headbutt","floor":14.0},{"not_picked":["Reaper","Bludgeon"],"picked":"Impervious","floor":16.0},{"not_picked":["Anger","Inflame"],"picked":"Shrug It Off+1","floor":18.0},{"not_picked":["Sword Boomerang+1","Headbutt"],"picked":"Entrench","floor":19.0},{"not_picked":["Reaper","Cleave"],"picked":"Headbutt","floor":20.0},{"not_picked":["Clash","Thunderclap"],"picked":"Shrug It Off","floor":22.0},{"not_picked":["Warcry","Shrug It Off"],"picked":"Sword Boomerang","floor":24.0}],"player_experience":458283,"relics_obtained":[{"floor":9.0,"key":"Happy Flower"},{"floor":10.0,"key":"Boot"},{"floor":11.0,"key":"Omamori"},{"floor":24.0,"key":"Vajra"},{"floor":26.0,"key":"Dream Catcher"}],"event_choices":[{"damage_healed":0.0,"max_hp_gain":0.0,"max_hp_loss":0.0,"gold_gain":0.0,"event_name":"Scrap Ooze","player_choice":"Success","floor":2.0,"gold_loss":0.0,"damage_taken":12.0,"relics_obtained":["Art of War"]},{"damage_healed":0.0,"max_hp_gain":0.0,"max_hp_loss":0.0,"gold_gain":0.0,"event_name":"Golden Idol","player_choice":"Take Damage","floor":5.0,"gold_loss":0.0,"damage_taken":20.0,"relics_obtained":["Golden Idol"]},{"damage_healed":0.0,"max_hp_gain":0.0,"max_hp_loss":0.0,"gold_gain":100.0,"event_name":"Golden Shrine","player_choice":"Pray","floor":12.0,"gold_loss":0.0,"damage_taken":0.0}],"is_beta":false,"boss_relics":[{"not_picked":["Snecko Eye","Eternal Feather"],"picked":"Mark of Pain"}],"items_purged_floors":[4],"is_endless":false,"potions_floor_spawned":[1,7,13,20],"killed_by":"Gremlin Leader","ascension_level":13}