{"gold_per_floor":[115,115,128,140,151,185,185,220,220,220,240,252,266,266],"floor_reached":14,"playtime":547,"items_purged":[],"score":208,"play_id":"f7ff795b-ae6e-4643-92df-79ce2918554c","local_time":"20190414162741","is_ascension_mode":true,"campfire_choices":[{"floor":7.0,"key":"REST"},{"data":"Static Discharge","floor":10,"key":"SMITH"}],"neow_cost":"NONE","seed_source_timestamp":289161115947319,"circlet_count":0,"master_deck":["AscendersBane","Strike_B","Strike_B","Strike_B","Strike_B","Defend_B","Defend_B","Defend_B","Defend_B","Zap","Dualcast","Leap","Hologram","Beam Cell","Static Discharge+1","Cold Snap","Cold Snap","Normality","Stack","Defragment"],"special_seed":0,"relics":["Cursed Key","Bottled Tornado","Nunchaku","Emotion Chip"],"potions_floor_usage":[13],"damage_taken":[{"damage":7.0,"enemies":"Jaw Worm","floor":1.0,"turns":3.0},{"damage":2.0,"enemies":"Small Slimes","floor":3.0,"turns":3.0},{"damage":0.0,"enemies":"Cultist","floor":4.0,"turns":3.0},{"damage":3.0,"enemies":"Exordium Wildlife","floor":5.0,"turns":3.0},{"damage":32.0,"enemies":"3 Sentries","floor":6.0,"turns":6.0},{"damage":17,"enemies":"Lagavulin","floor":8,"turns":9},{"damage":6,"enemies":"Looter","floor":11,"turns":3},{"damage":10,"enemies":"2 Fungi Beasts","floor":12,"turns":2},{"damage":10,"enemies":"Gremlin Gang","floor":13,"turns":3},{"damage":7,"enemies":"Lots of Slimes","floor":14,"turns":1}],"seed_played":"-98124942359481143","potions_obtained":[{"floor":1.0,"key":"SteroidPotion"},{"floor":12,"key":"Poison Potion"}],"is_trial":false,"path_per_floor":["M","?","M","M","M","E","R","E","T","R","M","M","M","M"],"character_chosen":"DEFECT","items_purchased":[],"campfire_rested":1,"item_purchase_floors":[],"current_hp_per_floor":[57,62,60,60,57,25,47,30,30,30,24,14,4,0],"gold":266,"neow_bonus":"BOSS_RELIC","is_prod":false,"is_daily":false,"chose_seed":false,"campfire_upgraded":1,"win_rate":0,"timestamp":1555277261,"path_taken":["M","?","M","M","M","E","R","E","T","R","M","M","M","M"],"build_version":"2019-01-23","purchased_purges":0,"victory":false,"max_hp_per_floor":[71,76,76,76,76,76,76,76,76,76,76,76,76,76],"card_choices":[{"not_picked":["Rebound","Steam"],"picked":"Leap","floor":1.0},{"not_picked":["Storm","Gash"],"picked":"Hologram","floor":3.0},{"not_picked":["Undo","Amplify"],"picked":"Beam Cell","floor":4.0},{"not_picked":["Skim","Chaos"],"picked":"Static Discharge","floor":5.0},{"not_picked":["Melter","Loop"],"picked":"Cold Snap","floor":6.0},{"not_picked":["Barrage","Streamline"],"picked":"Cold Snap","floor":8},{"not_picked":["Force Field","Heatsinks","Aggregate"],"picked":"SKIP","floor":11},{"not_picked":["Reinforced Body","Leap"],"picked":"Stack","floor":12},{"not_picked":["Darkness","Barrage"],"picked":"Defragment","floor":13}],"player_experience":1060042,"relics_obtained":[{"floor":6.0,"key":"Bottled Tornado"},{"floor":8,"key":"Nunchaku"},{"floor":9,"key":"Emotion Chip"}],"event_choices":[{"damage_healed":0.0,"max_hp_gain":5.0,"max_hp_loss":0.0,"gold_gain":0.0,"event_name":"Big Fish","player_choice":"Donut","floor":2.0,"gold_loss":0.0,"damage_taken":0.0}],"is_beta":false,"boss_relics":[],"items_purged_floors":[],"is_endless":false,"potions_floor_spawned":[1,12],"killed_by":"Lots of Slimes","ascension_level":20}