{"gold_per_floor":[368,383,44,44,44,44,69,69,96,111,123,198,198,55,55,156,156,169,169,189,189,208,208,225,245,545,545],"floor_reached":27,"playtime":840,"items_purged":["Doubt"],"score":238,"play_id":"0d66768f-195f-4785-835c-d33cbe5cd735","local_time":"20181130204523","is_ascension_mode":false,"campfire_choices":[{"floor":6,"key":"REST"},{"data":"Apotheosis","floor":8,"key":"SMITH"},{"data":"Purity","floor":13,"key":"SMITH"},{"floor":15,"key":"REST"},{"floor":23,"key":"REST"}],"neow_cost":"CURSE","seed_source_timestamp":13783682679845,"circlet_count":0,"master_deck":["Strike_R","Strike_R","Strike_R","Defend_R","Defend_R","Defend_R","Defend_R","Bash","Infernal Blade","Pommel Strike","Apotheosis+1","Purity+1","Rampage","Brutality","Warcry+1","Metallicize","Offering","Warcry","Dark Embrace"],"relics":["Burning Blood","Blood Vial","Omamori","Cursed Key","Old Coin"],"potions_floor_usage":[5,7,16,24],"damage_taken":[{"damage":10,"enemies":"Jaw Worm","floor":1,"turns":6},{"damage":14,"enemies":"2 Louse","floor":2,"turns":3},{"damage":20,"enemies":"Gremlin Nob","floor":7,"turns":4},{"damage":6,"enemies":"Cultist","floor":10,"turns":3},{"damage":12,"enemies":"Blue Slaver","floor":11,"turns":3},{"damage":68,"enemies":"Hexaghost","floor":16,"turns":10},{"damage":11,"enemies":"Chosen","floor":18,"turns":3},{"damage":33,"enemies":"2 Thieves","floor":20,"turns":5},{"damage":23,"enemies":"3 Cultists","floor":22,"turns":5},{"damage":24,"enemies":"Chosen and Byrds","floor":24,"turns":4},{"damage":30,"enemies":"Snake Plant","floor":25,"turns":4},{"damage":30,"enemies":"Shelled Parasite and Fungi","floor":27,"turns":2}],"seed_played":"2665406657345848537","potions_obtained":[{"floor":5,"key":"Poison Potion"},{"floor":5,"key":"Ancient Potion"},{"floor":5,"key":"Fruit Juice"},{"floor":10,"key":"SteroidPotion"},{"floor":24,"key":"FearPotion"},{"floor":25,"key":"Dexterity Potion"}],"is_trial":false,"path_per_floor":["M","M","$","?","?","R","E","R","T","M","M","?","R","$","R","B",null,"M","?","M","?","M","R","M","M","T","M"],"character_chosen":"IRONCLAD","items_purchased":["Apotheosis","Purity","Omamori"],"campfire_rested":3,"item_purchase_floors":[3,3,14],"current_hp_per_floor":[76,68,68,61,66,85,71,71,71,73,69,58,58,58,83,23,85,80,80,55,55,40,65,49,27,27,0],"gold":545,"neow_bonus":"TWO_FIFTY_GOLD","is_prod":false,"is_daily":false,"chose_seed":false,"campfire_upgraded":2,"win_rate":0,"timestamp":1543607123,"path_taken":["M","M","$","?","?","R","E","R","T","M","?","?","R","$","R","BOSS","M","?","M","?","M","R","?","M","T","M"],"build_version":"2018-11-15","purchased_purges":1,"victory":false,"max_hp_per_floor":[80,80,80,80,85,85,85,85,85,85,85,85,85,85,85,85,85,85,85,85,85,85,85,85,85,85,85],"card_choices":[{"not_picked":["Pommel Strike","Spot Weakness"],"picked":"Infernal Blade","floor":1},{"not_picked":["Disarm","Iron Wave"],"picked":"Pommel Strike","floor":2},{"not_picked":["Reckless Charge","Twin Strike"],"picked":"Rampage","floor":7},{"not_picked":["Bludgeon","Blood for Blood","Shrug It Off"],"picked":"SKIP","floor":10},{"not_picked":["Pummel","Clothesline","Whirlwind"],"picked":"SKIP","floor":11},{"not_picked":["Feed","Bludgeon"],"picked":"Brutality","floor":16},{"not_picked":["Heavy Blade","Reckless Charge"],"picked":"Warcry+1","floor":18},{"not_picked":["Dual Wield+1","Searing Blow+1"],"picked":"Metallicize","floor":20},{"not_picked":["Armaments","Twin Strike+1"],"picked":"Warcry","floor":22},{"not_picked":["Hemokinesis+1","Armaments","Shrug It Off"],"picked":"SKIP","floor":24},{"not_picked":["Havoc","Intimidate+1"],"picked":"Dark Embrace","floor":25}],"player_experience":305691,"relics_obtained":[{"floor":7,"key":"Blood Vial"},{"floor":26,"key":"Old Coin"}],"event_choices":[{"cards_removed":["Strike_R"],"damage_healed":0,"gold_gain":0,"player_choice":"Card Removal","damage_taken":7,"max_hp_gain":0,"max_hp_loss":0,"event_name":"Golden Wing","floor":4,"gold_loss":0},{"damage_healed":0,"gold_gain":0,"player_choice":"Got Potions","damage_taken":0,"max_hp_gain":0,"max_hp_loss":0,"event_name":"Lab","floor":5,"gold_loss":0},{"damage_healed":0,"gold_gain":75,"player_choice":"Gather Gold","damage_taken":11,"max_hp_gain":0,"max_hp_loss":0,"event_name":"World of Goop","floor":12,"gold_loss":0},{"damage_healed":0,"gold_gain":0,"player_choice":"Ignored","damage_taken":0,"max_hp_gain":0,"max_hp_loss":0,"event_name":"Vampires","floor":19,"gold_loss":0},{"damage_healed":0,"gold_gain":0,"cards_transformed":["Strike_R"],"player_choice":"Transformed","damage_taken":0,"max_hp_gain":0,"max_hp_loss":0,"event_name":"Transmorgrifier","floor":21,"gold_loss":0,"cards_obtained":["Offering"]}],"is_beta":false,"boss_relics":[{"not_picked":["Lizard Tail","Astrolabe"],"picked":"Cursed Key"}],"items_purged_floors":[3],"is_endless":false,"potions_floor_spawned":[10,24,25],"killed_by":"Shelled Parasite and Fungi","ascension_level":0}