{"gold_per_floor":[119,44,18,18,18,18,32,65,65,11,36,49,66,81,81,152,152,162,162,173,48,48,48],"floor_reached":23,"playtime":793,"items_purged":["Strike_R"],"score":548,"play_id":"b0e93c01-8088-4fb4-886b-36559ee2ccc1","local_time":"20190313025504","is_ascension_mode":true,"campfire_choices":[{"data":"Armaments","floor":6.0,"key":"SMITH"},{"data":"Infernal Blade","floor":15.0,"key":"SMITH"}],"neow_cost":"NONE","seed_source_timestamp":206057597859653,"circlet_count":0,"master_deck":["AscendersBane","Strike_R","Strike_R","Strike_R","Strike_R","Defend_R","Defend_R","Defend_R","Bash","Armaments+1","Spot Weakness","Cleave","Infernal Blade+1","Rampage","Reaper","Sword Boomerang","Reaper","Shrug It Off"],"special_seed":0,"relics":["Burning Blood","NeowsBlessing","Omamori","Thread and Needle","Peace Pipe","Red Skull","Lizard Tail"],"potions_floor_usage":[16,18,23],"damage_taken":[{"damage":0.0,"enemies":"Jaw Worm","floor":1.0,"turns":1.0},{"damage":0.0,"enemies":"Small Slimes","floor":7.0,"turns":1.0},{"damage":0.0,"enemies":"Gremlin Nob","floor":8.0,"turns":1.0},{"damage":14.0,"enemies":"3 Sentries","floor":11.0,"turns":7.0},{"damage":0.0,"enemies":"Cultist","floor":12.0,"turns":3.0},{"damage":2.0,"enemies":"3 Louse","floor":13.0,"turns":2.0},{"damage":22.0,"enemies":"Exordium Thugs","floor":14.0,"turns":4.0},{"damage":0,"enemies":"Slime Boss","floor":16,"turns":5},{"damage":1,"enemies":"3 Byrds","floor":18,"turns":3},{"damage":35,"enemies":"Spheric Guardian","floor":20,"turns":6},{"damage":113,"enemies":"Book of Stabbing","floor":23,"turns":6}],"seed_played":"5504453222857759901","potions_obtained":[{"floor":8.0,"key":"LiquidBronze"},{"floor":12.0,"key":"Fire Potion"},{"floor":14.0,"key":"PowerPotion"},{"floor":16,"key":"LiquidBronze"},{"floor":18,"key":"FearPotion"}],"is_trial":false,"path_per_floor":["M","?","$","?","?","R","M","E","T","$","E","M","M","M","R","B",null,"M","?","M","$","$","E"],"character_chosen":"IRONCLAD","items_purchased":["Armaments","Cleave","Shrug It Off"],"campfire_rested":0,"item_purchase_floors":[3,10,21],"current_hp_per_floor":[74,74,74,74,56,56,62,68,68,68,60,66,70,54,54,60,71,75,75,46,46,46,0],"gold":48,"neow_bonus":"THREE_ENEMY_KILL","is_prod":false,"is_daily":false,"chose_seed":false,"campfire_upgraded":2,"win_rate":0,"timestamp":1552463704,"path_taken":["M","?","$","?","?","R","M","E","T","?","E","?","M","M","R","BOSS","M","?","M","?","$","E"],"build_version":"2019-01-23","purchased_purges":1,"victory":false,"max_hp_per_floor":[75,75,75,75,75,75,75,75,75,75,75,75,75,75,75,75,75,75,75,75,75,75,75],"card_choices":[{"not_picked":["Flex","Seeing Red","Havoc"],"picked":"SKIP","floor":1.0},{"not_picked":["True Grit","Pummel"],"picked":"Spot Weakness","floor":7.0},{"not_picked":["Wild Strike","Intimidate","True Grit"],"picked":"SKIP","floor":8.0},{"not_picked":["Thunderclap","Twin Strike"],"picked":"Infernal Blade","floor":11.0},{"not_picked":["Thunderclap","Entrench","Rupture"],"picked":"SKIP","floor":12.0},{"not_picked":["Feel No Pain","Bloodletting"],"picked":"Rampage","floor":13.0},{"not_picked":["Thunderclap","Havoc","Pommel Strike"],"picked":"SKIP","floor":14.0},{"not_picked":["Barricade","Limit Break"],"picked":"Reaper","floor":16},{"not_picked":["Spot Weakness","Combust"],"picked":"Sword Boomerang","floor":18},{"not_picked":["Dual Wield+1","Rupture","Body Slam"],"picked":"SKIP","floor":20}],"player_experience":628689,"relics_obtained":[{"floor":8.0,"key":"Thread and Needle"},{"floor":9.0,"key":"Peace Pipe"},{"floor":11.0,"key":"Red Skull"}],"event_choices":[{"cards_removed":["Defend_R"],"damage_healed":0.0,"max_hp_gain":0.0,"max_hp_loss":0.0,"gold_gain":0.0,"event_name":"The Cleric","player_choice":"Card Removal","floor":2.0,"gold_loss":75.0,"damage_taken":0.0},{"damage_healed":0.0,"max_hp_gain":0.0,"max_hp_loss":0.0,"gold_gain":0.0,"event_name":"Golden Wing","player_choice":"Ignored","floor":4.0,"gold_loss":0.0,"damage_taken":0.0},{"damage_healed":0.0,"max_hp_gain":0.0,"max_hp_loss":0.0,"gold_gain":0.0,"event_name":"Scrap Ooze","player_choice":"Success","floor":5.0,"gold_loss":0.0,"damage_taken":18.0,"relics_obtained":["Omamori"]},{"damage_healed":0,"gold_gain":0,"player_choice":"Copied","damage_taken":0,"max_hp_gain":0,"max_hp_loss":0,"event_name":"Duplicator","floor":19,"gold_loss":0,"cards_obtained":["Reaper"]}],"is_beta":false,"boss_relics":[{"not_picked":["Snecko Eye","Runic Cube"],"picked":"Lizard Tail"}],"items_purged_floors":[21],"is_endless":false,"potions_floor_spawned":[8,12,14,16,18],"killed_by":"Book of Stabbing","ascension_level":20}