{"gold_per_floor":[118,133,133,153,168,168,168,168,168,200,218,318,318,336,336,435,435,454,206,221,221,171,171,204,204,227,227,247,247,263,279,279,380,380,392,406,421,421,421,421,440,440,466,480,480,0,12,12,12,12],"floor_reached":50,"playtime":4783,"items_purged":[],"score":489,"play_id":"462ba1a0-061f-4d20-8338-4bb411d61acc","local_time":"20180623193125","is_ascension_mode":false,"campfire_choices":[{"floor":6,"key":"REST"},{"floor":15,"key":"REST"},{"floor":23,"key":"REST"},{"floor":25,"key":"REST"},{"floor":29,"key":"REST"},{"floor":32,"key":"REST"},{"floor":40,"key":"REST"},{"floor":42,"key":"REST"},{"floor":45,"key":"REST"},{"data":"Demon Form","floor":49,"key":"SMITH"}],"neow_cost":"","seed_source_timestamp":254425113442291,"circlet_count":0,"master_deck":["Strike_R","Strike_R","Strike_R","Strike_R","Strike_R","Defend_R","Defend_R","Defend_R","Defend_R","Bash","Cleave+1","Perfected Strike","Bash","Thunderclap","Clash","Barricade","Pommel Strike","Blood for Blood","Rage","Demon Form+1","Dramatic Entrance","Infernal Blade","Perfected Strike","Dual Wield","Carnage+1","Flame Barrier","Feel No Pain","True Grit+1","Battle Trance","Dark Embrace","Uppercut+1","Armaments+1","Clothesline","Body Slam","Rage+1","Clash"],"relics":["Black Blood","Anchor","Mummified Hand","Matryoshka","Black Star","Enchiridion","Regal Pillow","Bronze Scales","Strawberry","Blood Vial","Pen Nib","Oddly Smooth Stone","Red Mask"],"potions_floor_usage":[10,24,33,33,44,47,50,50,50],"damage_taken":[{"damage":7,"enemies":"2 Louse","floor":1,"turns":3},{"damage":6,"enemies":"Cultist","floor":2,"turns":3},{"damage":6,"enemies":"Small Slimes","floor":4,"turns":4},{"damage":31,"enemies":"Gremlin Gang","floor":5,"turns":4},{"damage":15,"enemies":"Gremlin Nob","floor":10,"turns":4},{"damage":23,"enemies":"Exordium Thugs","floor":11,"turns":4},{"damage":0,"enemies":"Large Slime","floor":14,"turns":4},{"damage":74,"enemies":"The Guardian","floor":16,"turns":11},{"damage":13,"enemies":"Chosen","floor":18,"turns":5},{"damage":29,"enemies":"Shell Parasite","floor":20,"turns":5},{"damage":39,"enemies":"Book of Stabbing","floor":24,"turns":5},{"damage":17,"enemies":"Cultist and Chosen","floor":28,"turns":6},{"damage":15,"enemies":"Sentry and Sphere","floor":30,"turns":5},{"damage":15,"enemies":"3 Cultists","floor":31,"turns":5},{"damage":128,"enemies":"Champ","floor":33,"turns":10},{"damage":2,"enemies":"3 Shapes","floor":35,"turns":3},{"damage":61,"enemies":"3 Darklings","floor":36,"turns":5},{"damage":18,"enemies":"Sphere and 2 Shapes","floor":37,"turns":4},{"damage":62,"enemies":"Maw","floor":41,"turns":9},{"damage":42,"enemies":"3 Darklings","floor":44,"turns":4},{"damage":20,"enemies":"Sphere and 2 Shapes","floor":47,"turns":5},{"damage":89,"enemies":"Awakened One","floor":50,"turns":7}],"seed_played":"-2617773321936871293","potions_obtained":[{"floor":1,"key":"SteroidPotion"},{"floor":10,"key":"FairyPotion"},{"floor":11,"key":"AttackPotion"},{"floor":14,"key":"Poison Potion"},{"floor":28,"key":"Dexterity Potion"},{"floor":30,"key":"EssenceOfSteel"},{"floor":31,"key":"BloodPotion"},{"floor":33,"key":"Block Potion"},{"floor":36,"key":"BloodPotion"},{"floor":41,"key":"Strength Potion"},{"floor":44,"key":"Strength Potion"},{"floor":47,"key":"PowerPotion"}],"is_trial":false,"path_per_floor":["M","M","?","M","M","R","?","?","T","E","M","?","?","M","R","B",null,"M","$","M","?","?","R","E","R","T","?","M","R","M","M","R","B",null,"M","M","M","?","?","R","M","R","T","M","R","?","M","$","R"],"character_chosen":"IRONCLAD","items_purchased":["Dramatic Entrance","Infernal Blade","Perfected Strike","Dual Wield"],"campfire_rested":9,"item_purchase_floors":[19,19,19,19],"current_hp_per_floor":[79,79,79,79,54,78,78,75,75,66,49,49,49,55,79,11,80,73,73,50,34,34,58,25,64,71,54,45,87,80,73,92,15,92,92,41,35,35,35,77,27,69,69,48,90,90,82,82,82,0],"gold":12,"neow_bonus":"","is_prod":false,"is_daily":false,"chose_seed":false,"campfire_upgraded":1,"win_rate":0.0,"timestamp":1529775085,"path_taken":["M","M","?","M","?","R","?","?","T","E","M","?","?","M","R","BOSS","M","$","M","?","?","R","E","R","T","?","M","R","?","M","R","BOSS","M","M","M","?","?","R","M","R","T","M","R","?","M","$","R","BOSS"],"build_version":"2018-06-21v2","purchased_purges":0,"victory":false,"max_hp_per_floor":[80,80,80,80,80,80,80,80,80,80,80,80,80,80,80,80,80,80,80,80,80,80,80,80,80,87,92,92,92,92,92,92,92,92,92,92,92,92,92,92,92,92,92,92,92,92,92,92,92,92],"card_choices":[{"not_picked":["Hemokinesis","Anger"],"picked":"Cleave","floor":1},{"not_picked":["Combust","Anger"],"picked":"Perfected Strike","floor":2},{"not_picked":["Rupture","Armaments"],"picked":"Clash","floor":4},{"not_picked":["Shrug It Off","Flex"],"picked":"Barricade","floor":5},{"not_picked":["Rupture","Sword Boomerang"],"picked":"Pommel Strike","floor":10},{"not_picked":["Pommel Strike","Power Through"],"picked":"Blood for Blood","floor":11},{"not_picked":["Clash","Combust"],"picked":"Rage","floor":14},{"not_picked":["Brutality","Offering"],"picked":"Demon Form","floor":16},{"not_picked":["Clothesline","Cleave"],"picked":"Rupture+1","floor":18},{"not_picked":["Corruption","Twin Strike"],"picked":"Carnage+1","floor":20},{"not_picked":["Sever Soul","Perfected Strike"],"picked":"Flame Barrier","floor":24},{"not_picked":["True Grit+1","Thunderclap"],"picked":"Feel No Pain","floor":28},{"not_picked":["Shrug It Off","Combust+1"],"picked":"True Grit+1","floor":30},{"not_picked":["Seeing Red","Cleave+1"],"picked":"Battle Trance","floor":31},{"not_picked":["Feed","Impervious"],"picked":"Dark Embrace","floor":33},{"not_picked":["Flex","Burning Pact+1"],"picked":"Uppercut+1","floor":35},{"not_picked":["Twin Strike+1","Blood for Blood+1"],"picked":"Armaments+1","floor":36},{"not_picked":["Shrug It Off+1","Ghostly Armor+1"],"picked":"Clothesline","floor":37},{"not_picked":["Shrug It Off+1","Clash"],"picked":"Body Slam","floor":41},{"not_picked":["Headbutt","Dropkick+1"],"picked":"Rage+1","floor":44},{"not_picked":["Rupture+1","Thunderclap+1"],"picked":"Clash","floor":47}],"player_experience":0,"relics_obtained":[{"floor":9,"key":"Mummified Hand"},{"floor":10,"key":"Matryoshka"},{"floor":21,"key":"Enchiridion"},{"floor":24,"key":"Regal Pillow"},{"floor":24,"key":"Bronze Scales"},{"floor":26,"key":"Strawberry"},{"floor":26,"key":"Blood Vial"},{"floor":43,"key":"Pen Nib"},{"floor":43,"key":"Oddly Smooth Stone"}],"event_choices":[{"event_name":"Match and Keep!","player_choice":"3 cards matched","floor":3,"damage_taken":0},{"event_name":"Upgrade Shrine","player_choice":"Upgraded","floor":7,"damage_taken":0},{"event_name":"Scrap Ooze","player_choice":"success","floor":8,"damage_taken":3},{"event_name":"Golden Shrine","player_choice":"Pray","floor":12,"damage_taken":0},{"event_name":"Purifier","player_choice":"One Purge","floor":13,"damage_taken":0},{"event_name":"Cursed Tome","player_choice":"Obtained Book","floor":21,"damage_taken":0},{"event_name":"The Joust","player_choice":"Bet on Owner","floor":22,"damage_taken":0},{"event_name":"Forgotten Altar","player_choice":"Shed Blood","floor":27,"damage_taken":0},{"event_name":"Accursed Blacksmith","player_choice":"Ignore","floor":38,"damage_taken":0},{"event_name":"Falling","player_choice":"Removed Power","floor":39,"damage_taken":0},{"event_name":"Tomb of Lord Red Mask","player_choice":"Paid","floor":46,"damage_taken":0}],"boss_relics":[{"not_picked":["White Beast Statue","Mark of Pain"],"picked":"Black Star"},{"not_picked":["Busted Crown","Velvet Choker"],"picked":"Black Blood"}],"items_purged_floors":[],"is_endless":false,"potions_floor_spawned":[1,10,11,14,28,30,31,33,36,41,44,47],"killed_by":"Awakened One","ascension_level":0}