{"gold_per_floor":[117,129,27,47,58,58,58,84,84,9,19,34,84,101,101,177,177,148,22,22],"floor_reached":20,"playtime":654,"items_purged":["Strike_R","Strike_R"],"score":352,"play_id":"c289ad3c-1eba-4767-a2f6-0b7a99a05bbe","local_time":"20190310212448","is_ascension_mode":true,"campfire_choices":[{"data":"Carnage","floor":6,"key":"SMITH"},{"floor":15,"key":"REST"}],"neow_cost":"NONE","seed_source_timestamp":14859999048814,"circlet_count":0,"master_deck":["AscendersBane","Strike_R","Strike_R+1","Strike_R+1","Defend_R","Defend_R","Defend_R","Defend_R","Bash","Iron Wave","Headbutt","Carnage+1","True Grit","Wild Strike","Feel No Pain","Demon Form","Twin Strike","Shrug It Off"],"relics":["Burning Blood","Omamori","Bottled Flame","Runic Pyramid"],"potions_floor_usage":[8,12,16,16],"damage_taken":[{"damage":1,"enemies":"Cultist","floor":1,"turns":3},{"damage":9,"enemies":"Jaw Worm","floor":2,"turns":3},{"damage":8,"enemies":"Small Slimes","floor":4,"turns":3},{"damage":24,"enemies":"Exordium Thugs","floor":5,"turns":8},{"damage":28,"enemies":"Lagavulin","floor":8,"turns":5},{"damage":7,"enemies":"Looter","floor":11,"turns":3},{"damage":0,"enemies":"3 Louse","floor":12,"turns":3},{"damage":0,"enemies":"2 Fungi Beasts","floor":14,"turns":2},{"damage":41,"enemies":"Slime Boss","floor":16,"turns":12},{"damage":21,"enemies":"2 Thieves","floor":18,"turns":4},{"damage":55,"enemies":"3 Byrds","floor":20,"turns":6}],"seed_played":"-6538371340605176194","potions_obtained":[{"floor":4,"key":"SteroidPotion"},{"floor":8,"key":"SpeedPotion"},{"floor":12,"key":"Energy Potion"},{"floor":14,"key":"Regen Potion"},{"floor":18,"key":"Strength Potion"}],"is_trial":false,"path_per_floor":["M","M","$","M","M","R","?","E","T","$","M","M","?","M","R","B",null,"M","$","M"],"character_chosen":"IRONCLAD","items_purchased":["Carnage","True Grit","Shrug It Off"],"campfire_rested":1,"item_purchase_floors":[3,3,19],"current_hp_per_floor":[80,77,77,75,57,57,32,10,10,10,9,15,15,21,45,25,68,53,53,0],"gold":22,"neow_bonus":"TEN_PERCENT_HP_BONUS","is_prod":false,"is_daily":false,"chose_seed":false,"campfire_upgraded":1,"win_rate":0,"timestamp":1552267488,"path_taken":["M","M","$","M","M","R","?","E","T","?","M","M","?","M","R","BOSS","M","$","M"],"build_version":"2019-01-23","purchased_purges":2,"victory":false,"max_hp_per_floor":[82,82,82,82,82,82,82,82,82,82,82,82,82,82,82,82,82,82,82,82],"card_choices":[{"not_picked":["Thunderclap","Flex"],"picked":"Iron Wave","floor":1},{"not_picked":["Havoc","Iron Wave"],"picked":"Headbutt","floor":2},{"not_picked":["Thunderclap","Entrench","Warcry"],"picked":"SKIP","floor":4},{"not_picked":["Thunderclap","Havoc","Sword Boomerang"],"picked":"SKIP","floor":5},{"not_picked":["Thunderclap","Rampage"],"picked":"Wild Strike","floor":8},{"not_picked":["Thunderclap","Body Slam","Headbutt"],"picked":"SKIP","floor":11},{"not_picked":["Body Slam","Intimidate"],"picked":"Feel No Pain","floor":12},{"not_picked":["Sentinel","Limit Break","Perfected Strike"],"picked":"SKIP","floor":14},{"not_picked":["Juggernaut","Reaper"],"picked":"Demon Form","floor":16},{"not_picked":["Inflame","Rampage"],"picked":"Twin Strike","floor":18}],"player_experience":839567,"relics_obtained":[{"floor":8,"key":"Omamori"},{"floor":9,"key":"Bottled Flame"}],"event_choices":[{"damage_healed":0,"gold_gain":0,"player_choice":"Entered Light","damage_taken":25,"max_hp_gain":0,"max_hp_loss":0,"event_name":"Shining Light","floor":7,"gold_loss":0,"cards_upgraded":["Strike_R","Strike_R"]},{"damage_healed":0,"gold_gain":50,"player_choice":"Pray","damage_taken":0,"max_hp_gain":0,"max_hp_loss":0,"event_name":"Golden Shrine","floor":13,"gold_loss":0}],"is_beta":false,"boss_relics":[{"not_picked":["Velvet Choker","Ectoplasm"],"picked":"Runic Pyramid"}],"items_purged_floors":[10,19],"is_endless":false,"potions_floor_spawned":[4,8,12,14,18],"killed_by":"3 Byrds","ascension_level":20}