{"gold_per_floor":[167,92,104,104,30,30,68,68,136,136,136,136,170,184,184,280,280,303,303,323,336,360,360,374,374,397,82,96,117,117,135,135,224,224,245,145,168,293,293,329,329,329,329,329,365,379,404,24,24,24],"floor_reached":51,"playtime":3626,"items_purged":["Injury","Strike_G"],"score":1233,"play_id":"486e680d-6093-483a-a9b9-89a83c3f1718","local_time":"20190228034132","is_ascension_mode":true,"campfire_choices":[{"data":"Footwork","floor":6,"key":"SMITH"},{"floor":8,"key":"REST"},{"floor":11,"key":"REST"},{"data":"Bouncing Flask","floor":15,"key":"SMITH"},{"floor":23,"key":"REST"},{"floor":25,"key":"REST"},{"data":"Burst","floor":30,"key":"SMITH"},{"data":"Crippling Poison","floor":32,"key":"SMITH"},{"floor":42,"key":"REST"},{"data":"Catalyst","floor":49,"key":"SMITH"}],"neow_cost":"NONE","seed_source_timestamp":920700520789251,"circlet_count":0,"master_deck":["AscendersBane","Defend_G","Defend_G","Defend_G","Defend_G","Defend_G","Strike_G","Strike_G","Strike_G+1","Survivor","Neutralize+1","Bouncing Flask+1","Poisoned Stab","Deflect","Footwork+1","Dash","Poisoned Stab","Burst+1","Backflip","PiercingWail","Crippling Poison+1","Backflip+1","Deadly Poison+1","Leg Sweep+1","Caltrops","Catalyst+1","Caltrops"],"special_seed":0,"relics":["Tiny House","Golden Idol","Bottled Tornado","Bottled Flame","Ginger","Velvet Choker","Centennial Puzzle","Paper Crane","Lizard Tail","The Specimen","Strawberry","Pocketwatch","Mercury Hourglass","Mango"],"potions_floor_usage":[7,13,16,18,33,33,40,40,50],"damage_taken":[{"damage":0,"enemies":"Small Slimes","floor":1,"turns":3},{"damage":6,"enemies":"2 Louse","floor":3,"turns":3},{"damage":45,"enemies":"3 Sentries","floor":7,"turns":17},{"damage":14,"enemies":"Gremlin Nob","floor":13,"turns":4},{"damage":0,"enemies":"Jaw Worm","floor":14,"turns":4},{"damage":23,"enemies":"Hexaghost","floor":16,"turns":12},{"damage":7,"enemies":"Chosen","floor":18,"turns":6},{"damage":0,"enemies":"3 Byrds","floor":20,"turns":8},{"damage":1,"enemies":"3 Cultists","floor":21,"turns":8},{"damage":28,"enemies":"Shelled Parasite and Fungi","floor":22,"turns":8},{"damage":4,"enemies":"Centurion and Healer","floor":24,"turns":7},{"damage":0,"enemies":"Snecko","floor":28,"turns":6},{"damage":1,"enemies":"3 Cultists","floor":29,"turns":6},{"damage":6,"enemies":"Snake Plant","floor":31,"turns":4},{"damage":23,"enemies":"Automaton","floor":33,"turns":10},{"damage":5,"enemies":"3 Shapes","floor":35,"turns":4},{"damage":1,"enemies":"3 Darklings","floor":37,"turns":6},{"damage":1,"enemies":"Mind Bloom Boss Battle","floor":38,"turns":7},{"damage":89,"enemies":"Giant Head","floor":40,"turns":12},{"damage":2,"enemies":"Nemesis","floor":45,"turns":11},{"damage":0,"enemies":"Maw","floor":46,"turns":6},{"damage":1,"enemies":"Sphere and 2 Shapes","floor":47,"turns":5},{"damage":24,"enemies":"Awakened One","floor":50,"turns":17}],"seed_played":"560677045593533437","potions_obtained":[{"floor":0.0,"key":"SteroidPotion"},{"floor":1,"key":"SteroidPotion"},{"floor":7,"key":"SpeedPotion"},{"floor":13,"key":"SpeedPotion"},{"floor":21,"key":"Explosive Potion"},{"floor":28,"key":"EssenceOfSteel"},{"floor":35,"key":"FearPotion"},{"floor":38,"key":"Explosive Potion"},{"floor":40,"key":"Poison Potion"},{"floor":45,"key":"SteroidPotion"},{"floor":46,"key":"Fire Potion"}],"is_trial":false,"path_per_floor":["M","?","M","?","$","R","E","R","T","?","R","?","E","M","R","B",null,"M","?","M","M","M","R","M","R","T","$","M","M","R","M","R","B",null,"M","$","M","?","?","E","?","R","T","T","E","M","M","$","R","B",null],"character_chosen":"THE_SILENT","items_purchased":["Footwork","Paper Crane","Mango","Caltrops"],"campfire_rested":5,"item_purchase_floors":[5,27,48,48],"current_hp_per_floor":[64,64,58,58,58,58,13,34,34,34,55,55,41,41,41,18,58,51,41,41,40,12,33,29,50,50,50,50,49,49,43,43,20,58,53,53,52,51,51,40,40,62,62,62,60,60,59,73,73,49],"gold":24,"neow_bonus":"BOSS_RELIC","is_prod":false,"is_daily":false,"chose_seed":false,"campfire_upgraded":5,"win_rate":0,"timestamp":1551346892,"path_taken":["M","?","M","?","$","R","E","R","T","?","R","?","E","M","R","BOSS","M","?","M","M","M","R","M","R","T","$","M","M","R","?","R","BOSS","M","$","M","?","?","E","?","R","T","?","E","?","M","$","R","BOSS"],"build_version":"2019-01-23","purchased_purges":2,"victory":true,"max_hp_per_floor":[71,71,71,71,71,71,71,71,71,71,71,71,71,71,71,71,71,71,71,71,71,71,71,71,71,71,71,71,71,71,71,71,71,71,71,71,71,71,67,74,74,74,74,74,74,74,74,88,88,88],"card_choices":[{"not_picked":["Prepared","Predator"],"picked":"Bouncing Flask","floor":0.0},{"not_picked":["Deadly Poison","Escape Plan"],"picked":"Poisoned Stab","floor":1},{"not_picked":["Prepared","Dagger Throw"],"picked":"Deflect","floor":3},{"not_picked":["Deflect","PiercingWail"],"picked":"Dash","floor":7},{"not_picked":["Bouncing Flask","Blade Dance"],"picked":"Poisoned Stab","floor":13},{"not_picked":["Flying Knee","Dagger Spray","Dagger Throw"],"picked":"SKIP","floor":14},{"not_picked":["Bullet Time","Phantasmal Killer"],"picked":"Burst","floor":16},{"not_picked":["Bouncing Flask","Masterful Stab+1","Sucker Punch"],"picked":"SKIP","floor":18},{"not_picked":["Slice","Quick Slash"],"picked":"Backflip","floor":20},{"not_picked":["Quick Slash","Underhanded Strike"],"picked":"PiercingWail","floor":21},{"not_picked":["Slice","Glass Knife"],"picked":"Crippling Poison","floor":22},{"not_picked":["Poisoned Stab","Finisher"],"picked":"Backflip+1","floor":24},{"not_picked":["PiercingWail","Slice","Backstab"],"picked":"SKIP","floor":28},{"not_picked":["Deflect","Backflip"],"picked":"Deadly Poison+1","floor":29},{"not_picked":["Setup","Sucker Punch+1","Acrobatics"],"picked":"SKIP","floor":31},{"not_picked":["Dash","Dagger Throw"],"picked":"Leg Sweep+1","floor":35},{"not_picked":["Dagger Spray","Poisoned Stab","Backflip+1"],"picked":"SKIP","floor":37},{"not_picked":["Deflect","Poisoned Stab+1","Underhanded Strike+1"],"picked":"SKIP","floor":40},{"not_picked":["Dagger Throw","Setup","Finisher"],"picked":"SKIP","floor":45},{"not_picked":["Well Laid Plans","Heel Hook"],"picked":"Caltrops","floor":46},{"not_picked":["Bouncing Flask+1","Dagger Spray"],"picked":"Catalyst","floor":47}],"player_experience":618323,"relics_obtained":[{"floor":7,"key":"Bottled Tornado"},{"floor":9,"key":"Bottled Flame"},{"floor":13,"key":"Ginger"},{"floor":26,"key":"Centennial Puzzle"},{"floor":38,"key":"The Specimen"},{"floor":40,"key":"Strawberry"},{"floor":44,"key":"Pocketwatch"},{"floor":45,"key":"Mercury Hourglass"}],"event_choices":[{"cards_removed":["Strike_G"],"damage_healed":0,"gold_gain":0,"player_choice":"Card Removal","damage_taken":0,"max_hp_gain":0,"max_hp_loss":0,"event_name":"The Cleric","floor":2,"gold_loss":75},{"damage_healed":0,"gold_gain":0,"player_choice":"Take Wound","damage_taken":0,"relics_obtained":["Golden Idol"],"max_hp_gain":0,"max_hp_loss":0,"event_name":"Golden Idol","floor":4,"gold_loss":0,"cards_obtained":["Injury"]},{"damage_healed":0,"gold_gain":0,"player_choice":"Ignored","damage_taken":0,"max_hp_gain":0,"max_hp_loss":0,"event_name":"Liars Game","floor":10,"gold_loss":0},{"damage_healed":0,"gold_gain":0,"player_choice":"Grow","damage_taken":0,"max_hp_gain":0,"max_hp_loss":0,"event_name":"Living Wall","floor":12,"gold_loss":0,"cards_upgraded":["Neutralize"]},{"damage_healed":0,"gold_gain":0,"player_choice":"Damaged","damage_taken":10,"max_hp_gain":0,"max_hp_loss":0,"event_name":"Wheel of Change","floor":19,"gold_loss":0},{"damage_healed":0,"gold_gain":0,"player_choice":"Fight","damage_taken":0,"max_hp_gain":0,"max_hp_loss":0,"event_name":"MindBloom","floor":38,"gold_loss":0},{"damage_healed":0,"gold_gain":0,"player_choice":"Max HP","damage_taken":0,"max_hp_gain":0,"max_hp_loss":4,"event_name":"Winding Halls","floor":39,"gold_loss":0},{"damage_healed":0,"gold_gain":0,"player_choice":"Ignored","damage_taken":0,"max_hp_gain":0,"max_hp_loss":0,"event_name":"Tomb of Lord Red Mask","floor":41,"gold_loss":0}],"is_beta":false,"boss_relics":[{"not_picked":["Empty Cage","Pandora\u0027s Box"],"picked":"Velvet Choker"},{"not_picked":["Busted Crown","Astrolabe"],"picked":"Lizard Tail"}],"items_purged_floors":[27,36],"is_endless":false,"potions_floor_spawned":[1,7,13,21,28,35,38,40,45,46],"ascension_level":15}