{"gold_per_floor":[116,132,143,218,268,268,295,312,312,332,345,363,380,57,57,132,132,151,151,166,198,98,98,127,127,211,50,50,80,80,80,80,154,154,172,185,185,196,196,196,227,14,66,79,110,110,110,124,124,124],"floor_reached":50,"playtime":2683,"items_purged":["Concentrate","Eviscerate"],"score":1107,"play_id":"e9a32ee7-525c-4f7b-a7e3-83c258f1e3ba","local_time":"20190304065537","is_ascension_mode":true,"campfire_choices":[{"data":"Neutralize","floor":6.0,"key":"SMITH"},{"floor":15.0,"key":"REST"},{"data":"Catalyst","floor":23.0,"key":"SMITH"},{"data":"Footwork","floor":32.0,"key":"SMITH"},{"floor":40.0,"key":"REST"},{"floor":47.0,"key":"REST"},{"floor":49.0,"key":"RECALL"}],"neow_cost":"NONE","seed_source_timestamp":1278561474723038,"circlet_count":0,"master_deck":["AscendersBane","Survivor","Neutralize+1","Deflect","Escape Plan","Corpse Explosion+1","Deadly Poison","All Out Attack","Unload","Heel Hook","Leg Sweep","Heel Hook","Cloak And Dagger","Catalyst+1","Backflip+1","Poisoned Stab","Deflect","Noxious Fumes+1","Adrenaline","Dash","Footwork+1","Footwork+1","Burst","PiercingWail","Escape Plan","Parasite","Noxious Fumes","Cloak And Dagger+1","Finesse","Escape Plan"],"special_seed":0,"relics":["Pandora\u0027s Box","Oddly Smooth Stone","PreservedInsect","Blood Vial","Philosopher\u0027s Stone","Red Mask","Matryoshka","War Paint","Tiny Chest","Juzu Bracelet","Girya","Sozu","Snake Skull","OrangePellets","Pen Nib","Ginger"],"potions_floor_usage":[50],"damage_taken":[{"damage":0.0,"enemies":"Cultist","floor":1.0,"turns":3.0},{"damage":6.0,"enemies":"2 Louse","floor":2.0,"turns":2.0},{"damage":4.0,"enemies":"Small Slimes","floor":3.0,"turns":3.0},{"damage":3.0,"enemies":"3 Sentries","floor":7.0,"turns":4.0},{"damage":3.0,"enemies":"Exordium Thugs","floor":8.0,"turns":2.0},{"damage":0.0,"enemies":"Looter","floor":10.0,"turns":3.0},{"damage":21.0,"enemies":"3 Louse","floor":11.0,"turns":2.0},{"damage":2.0,"enemies":"Blue Slaver","floor":12.0,"turns":3.0},{"damage":5.0,"enemies":"Gremlin Gang","floor":13.0,"turns":3.0},{"damage":26.0,"enemies":"Slime Boss","floor":16.0,"turns":7.0},{"damage":12.0,"enemies":"2 Thieves","floor":18.0,"turns":3.0},{"damage":9.0,"enemies":"Shell Parasite","floor":20.0,"turns":5.0},{"damage":0.0,"enemies":"Masked Bandits","floor":21.0,"turns":2.0},{"damage":0.0,"enemies":"Book of Stabbing","floor":24.0,"turns":5.0},{"damage":0.0,"enemies":"Gremlin Leader","floor":29.0,"turns":4.0},{"damage":21.0,"enemies":"Collector","floor":33.0,"turns":7.0},{"damage":9.0,"enemies":"3 Darklings","floor":35.0,"turns":2.0},{"damage":5.0,"enemies":"3 Shapes","floor":36.0,"turns":3.0},{"damage":30.0,"enemies":"Spire Growth","floor":38.0,"turns":5.0},{"damage":8.0,"enemies":"Reptomancer","floor":41.0,"turns":6.0},{"damage":0.0,"enemies":"Writhing Mass","floor":44.0,"turns":4.0},{"damage":3.0,"enemies":"Nemesis","floor":45.0,"turns":5.0},{"damage":30.0,"enemies":"Jaw Worm Horde","floor":48.0,"turns":3.0},{"damage":36,"enemies":"Awakened One","floor":50,"turns":12}],"seed_played":"5813797486130732861","potions_obtained":[{"floor":1.0,"key":"Swift Potion"},{"floor":2.0,"key":"SkillPotion"},{"floor":7.0,"key":"Regen Potion"},{"floor":12.0,"key":"Ancient Potion"},{"floor":18.0,"key":"SteroidPotion"},{"floor":21.0,"key":"Energy Potion"},{"floor":33.0,"key":"GamblersBrew"}],"is_trial":false,"path_per_floor":["M","M","M","?","?","R","E","M","T","M","M","M","M","$","R","B",null,"M","?","M","?","$","R","E","?","T","$","?","E","?","?","R","B",null,"M","M","?","M","?","R","E","$","T","M","E","?","R","M","R","B"],"character_chosen":"THE_SILENT","items_purchased":["Noxious Fumes","Blood Vial","Juzu Bracelet","OrangePellets"],"campfire_rested":3,"item_purchase_floors":[14,14,27,42],"current_hp_per_floor":[59,53,49,38,38,38,35,32,32,32,11,21,16,16,35,11,52,42,42,35,37,37,37,39,39,39,39,39,41,41,54,54,35,58,51,48,48,20,20,39,33,33,33,35,34,34,53,25,25,0],"gold":124,"neow_bonus":"BOSS_RELIC","is_prod":false,"is_daily":false,"chose_seed":false,"campfire_upgraded":3,"win_rate":0,"timestamp":1551704137,"path_taken":["M","M","?","?","?","R","E","?","T","M","M","M","M","$","R","BOSS","M","?","M","?","$","R","E","?","T","$","?","E","?","?","R","BOSS","M","M","?","M","?","R","E","$","T","M","E","?","R","M","R","BOSS"],"build_version":"2019-01-23","purchased_purges":2,"victory":false,"max_hp_per_floor":[66,66,66,66,66,66,66,66,66,66,66,66,66,66,66,66,66,66,66,66,66,66,66,66,66,66,66,66,66,66,66,66,66,66,66,66,66,66,66,66,66,66,66,66,66,66,66,66,66,66],"card_choices":[{"not_picked":["Escape Plan","Well Laid Plans"],"picked":"Heel Hook","floor":1.0},{"not_picked":["Dagger Spray","Dagger Throw"],"picked":"Cloak And Dagger","floor":2.0},{"not_picked":["Calculated Gamble","Endless Agony","Heel Hook"],"picked":"SKIP","floor":3.0},{"not_picked":["Setup","Concentrate","Predator"],"picked":"SKIP","floor":7.0},{"not_picked":["Bane","Quick Slash"],"picked":"Catalyst","floor":8.0},{"not_picked":["Distraction","Acrobatics","Skewer"],"picked":"SKIP","floor":10.0},{"not_picked":["Calculated Gamble","Dagger Spray"],"picked":"Backflip","floor":11.0},{"not_picked":["Outmaneuver","Storm of Steel"],"picked":"Poisoned Stab","floor":12.0},{"not_picked":["Backflip","Dagger Spray"],"picked":"Deflect","floor":13.0},{"not_picked":["Grand Finale","Corpse Explosion"],"picked":"Adrenaline","floor":16.0},{"not_picked":["Expertise","Prepared"],"picked":"Dash","floor":18.0},{"not_picked":["Blade Dance","Cloak And Dagger"],"picked":"Footwork","floor":20.0},{"not_picked":["Distraction+1","Dodge and Roll","Envenom"],"picked":"SKIP","floor":24.0},{"not_picked":["Expertise","Poisoned Stab"],"picked":"Footwork","floor":29.0},{"not_picked":["Venomology","A Thousand Cuts"],"picked":"Burst","floor":33.0},{"not_picked":["Backflip","Backstab"],"picked":"PiercingWail","floor":35.0},{"not_picked":["Predator","Outmaneuver","Quick Slash+1"],"picked":"SKIP","floor":36.0},{"not_picked":["Skewer+1","Sucker Punch"],"picked":"Escape Plan","floor":38.0},{"not_picked":["PiercingWail","Flying Knee","Quick Slash"],"picked":"SKIP","floor":41.0},{"not_picked":["Masterful Stab","Skewer"],"picked":"Noxious Fumes","floor":44.0},{"not_picked":["Infinite Blades","Setup"],"picked":"Cloak And Dagger+1","floor":45.0},{"not_picked":["PanicButton","Impatience"],"picked":"Finesse","floor":46.0},{"not_picked":["Underhanded Strike","Deadly Poison+1"],"picked":"Escape Plan","floor":48.0}],"player_experience":626006,"relics_obtained":[{"floor":7.0,"key":"Oddly Smooth Stone"},{"floor":9.0,"key":"PreservedInsect"},{"floor":21.0,"key":"Red Mask"},{"floor":24.0,"key":"Matryoshka"},{"floor":26.0,"key":"War Paint"},{"floor":26.0,"key":"Tiny Chest"},{"floor":29.0,"key":"Girya"},{"floor":41.0,"key":"Snake Skull"},{"floor":43.0,"key":"Pen Nib"},{"floor":45.0,"key":"Ginger"}],"event_choices":[{"damage_healed":0.0,"max_hp_gain":0.0,"max_hp_loss":0.0,"gold_gain":75.0,"event_name":"World of Goop","player_choice":"Gather Gold","floor":4.0,"gold_loss":0.0,"damage_taken":11.0},{"damage_healed":0.0,"max_hp_gain":0.0,"max_hp_loss":0.0,"gold_gain":50.0,"event_name":"Golden Shrine","player_choice":"Pray","floor":5.0,"gold_loss":0.0,"damage_taken":0.0},{"damage_healed":0.0,"max_hp_gain":0.0,"max_hp_loss":0.0,"gold_gain":0.0,"event_name":"Vampires","player_choice":"Ignored","floor":19.0,"gold_loss":0.0,"damage_taken":0.0},{"damage_healed":0.0,"max_hp_gain":0.0,"max_hp_loss":0.0,"gold_gain":0.0,"event_name":"Masked Bandits","player_choice":"Fought Bandits","floor":21.0,"gold_loss":0.0,"damage_taken":0.0},{"damage_healed":0.0,"max_hp_gain":0.0,"max_hp_loss":0.0,"gold_gain":0.0,"event_name":"Transmorgrifier","player_choice":"Ignored","floor":25.0,"gold_loss":0.0,"damage_taken":0.0},{"damage_healed":0.0,"max_hp_gain":0.0,"max_hp_loss":0.0,"gold_gain":0.0,"event_name":"Accursed Blacksmith","player_choice":"Forge","floor":28.0,"gold_loss":0.0,"damage_taken":0.0,"cards_upgraded":["Noxious Fumes"]},{"damage_healed":0.0,"max_hp_gain":0.0,"max_hp_loss":0.0,"gold_gain":0.0,"event_name":"Ghosts","player_choice":"Ignored","floor":30.0,"gold_loss":0.0,"damage_taken":0.0},{"damage_healed":13.0,"max_hp_gain":0.0,"max_hp_loss":0.0,"gold_gain":0.0,"event_name":"The Library","player_choice":"Heal","floor":31.0,"gold_loss":0.0,"damage_taken":0.0},{"damage_healed":0.0,"max_hp_gain":0.0,"max_hp_loss":0.0,"gold_gain":0.0,"event_name":"Upgrade Shrine","player_choice":"Upgraded","floor":37.0,"gold_loss":0.0,"damage_taken":0.0,"cards_upgraded":["Footwork"]},{"damage_healed":0.0,"max_hp_gain":0.0,"max_hp_loss":0.0,"gold_gain":0.0,"event_name":"Mysterious Sphere","player_choice":"Ignored","floor":39.0,"gold_loss":0.0,"damage_taken":0.0},{"damage_healed":0.0,"max_hp_gain":0.0,"max_hp_loss":0.0,"gold_gain":0.0,"event_name":"SensoryStone","player_choice":"Memory 1","floor":46.0,"gold_loss":0.0,"damage_taken":0.0}],"is_beta":false,"boss_relics":[{"not_picked":["Black Star","Fusion Hammer"],"picked":"Philosopher\u0027s Stone"},{"not_picked":["White Beast Statue","Calling Bell"],"picked":"Sozu"}],"items_purged_floors":[14,22],"is_endless":false,"potions_floor_spawned":[1,2,7,11,12,13,18,21,29,33,35,44,48],"killed_by":"Awakened One","ascension_level":16}