{"gold_per_floor":[112,112,132,207,207,207,220,220,246,262,274,308,82,95,95,170,170,188,205,120,132,169,192,204,216,228,252,264,294,231,14,14,88,88,100,111,3,54,54,54,74,84,111,111,123,137,137,19,19,19],"floor_reached":51,"playtime":3837,"items_purged":["Strike_R","Strike_R"],"score":1336,"play_id":"1d043d54-d0f1-42f3-9847-be531c9380fc","local_time":"20190121172308","is_ascension_mode":true,"campfire_choices":[{"data":"Cleave","floor":6.0,"key":"SMITH"},{"data":"Clothesline","floor":8.0,"key":"SMITH"},{"data":"Immolate","floor":15.0,"key":"SMITH"},{"data":"Warcry","floor":24.0,"key":"SMITH"},{"data":"RitualDagger","floor":28.0,"key":"SMITH"},{"data":"Feel No Pain","floor":32.0,"key":"SMITH"},{"floor":40.0,"key":"REST"},{"data":"Limit Break","floor":44.0,"key":"SMITH"},{"data":"Impervious","floor":47.0,"key":"SMITH"},{"data":"Second Wind","floor":49,"key":"SMITH"}],"neow_cost":"TEN_PERCENT_HP_LOSS","seed_source_timestamp":220027629741121,"circlet_count":0,"master_deck":["AscendersBane","Strike_R","Strike_R","Defend_R","Defend_R","Defend_R","Defend_R","Bash","Cleave+1","Shrug It Off","Clothesline+1","Second Wind+1","Headbutt","Corruption","Warcry+1","Immolate+1","Havoc","Reaper","Shrug It Off","Writhe","Shrug It Off","RitualDagger+1","Body Slam","Shrug It Off","Feel No Pain+1","Impervious+1","Warcry","Burning Pact","Limit Break+1","Warcry+1","Spot Weakness+1"],"special_seed":0,"relics":["Black Blood","Dead Branch","Art of War","Bag of Marbles","Sundial","Snecko Eye","MawBank","Du-Vu Doll","PreservedInsect","The Courier","Membership Card","Vajra","Calipers","Centennial Puzzle","Ice Cream"],"potions_floor_usage":[],"damage_taken":[{"damage":3.0,"enemies":"2 Louse","floor":1.0,"turns":3.0},{"damage":5.0,"enemies":"Small Slimes","floor":3.0,"turns":3.0},{"damage":7.0,"enemies":"Cultist","floor":7.0,"turns":5.0},{"damage":0.0,"enemies":"Gremlin Gang","floor":10.0,"turns":2.0},{"damage":0.0,"enemies":"3 Louse","floor":11.0,"turns":4.0},{"damage":24.0,"enemies":"Gremlin Nob","floor":12.0,"turns":4.0},{"damage":5.0,"enemies":"Blue Slaver","floor":14.0,"turns":3.0},{"damage":4.0,"enemies":"Slime Boss","floor":16.0,"turns":5.0},{"damage":3.0,"enemies":"Chosen","floor":18.0,"turns":2.0},{"damage":3.0,"enemies":"Spheric Guardian","floor":19.0,"turns":2.0},{"damage":0.0,"enemies":"Centurion and Healer","floor":23.0,"turns":1.0},{"damage":3.0,"enemies":"Shelled Parasite and Fungi","floor":27.0,"turns":2.0},{"damage":12.0,"enemies":"Snake Plant","floor":29.0,"turns":2.0},{"damage":25.0,"enemies":"Champ","floor":33.0,"turns":5.0},{"damage":0.0,"enemies":"Orb Walker","floor":35.0,"turns":3.0},{"damage":0.0,"enemies":"3 Darklings","floor":36.0,"turns":1.0},{"damage":61.0,"enemies":"2 Orb Walkers","floor":38.0,"turns":5.0},{"damage":8.0,"enemies":"Transient","floor":41.0,"turns":5.0},{"damage":6.0,"enemies":"Jaw Worm Horde","floor":42.0,"turns":5.0},{"damage":3.0,"enemies":"Sphere and 2 Shapes","floor":45.0,"turns":4.0},{"damage":8.0,"enemies":"Spire Growth","floor":46.0,"turns":2.0},{"damage":4,"enemies":"Time Eater","floor":50,"turns":5}],"seed_played":"1788118954342392826","potions_obtained":[{"floor":7.0,"key":"SkillPotion"},{"floor":11.0,"key":"Regen Potion"},{"floor":16.0,"key":"Swift Potion"},{"floor":23.0,"key":"Block Potion"},{"floor":35.0,"key":"EssenceOfSteel"},{"floor":36.0,"key":"SkillPotion"},{"floor":41.0,"key":"Regen Potion"}],"is_trial":false,"path_per_floor":["M","?","M","?","?","R","M","R","T","M","M","E","$","M","R","B",null,"M","M","?","?","T","M","R","?","T","M","R","M","?","$","R","B",null,"M","M","$","?","?","R","M","M","T","R","M","M","R","$","R","B",null],"character_chosen":"IRONCLAD","items_purchased":["Warcry","Immolate","Havoc","Membership Card","Feel No Pain","Vajra","Ice Cream"],"campfire_rested":1,"item_purchase_floors":[13,13,13,31,31,37,48],"current_hp_per_floor":[68,68,68,57,57,57,56,56,56,62,68,50,50,51,51,61,66,68,68,68,68,68,68,68,62,62,68,68,62,62,62,62,49,63,68,68,68,24,24,44,56,68,68,68,68,68,68,68,68,68],"gold":19,"neow_bonus":"ONE_RARE_RELIC","is_prod":false,"is_daily":false,"chose_seed":false,"campfire_upgraded":9,"win_rate":0,"timestamp":1548109388,"path_taken":["M","?","M","?","?","R","?","R","T","M","M","E","$","M","R","BOSS","M","?","?","?","?","M","R","?","T","M","R","M","?","$","R","BOSS","M","M","$","?","?","R","M","M","T","R","M","M","R","$","R","BOSS"],"build_version":"2019-01-17v2","purchased_purges":2,"victory":true,"max_hp_per_floor":[68,68,68,68,68,68,68,68,68,68,68,68,68,68,68,68,68,68,68,68,68,68,68,68,68,68,68,68,68,68,68,68,68,68,68,68,68,68,68,68,68,68,68,68,68,68,68,68,68,68],"card_choices":[{"not_picked":["Clash","Dropkick"],"picked":"Cleave","floor":1.0},{"not_picked":["Searing Blow","Twin Strike"],"picked":"Shrug It Off","floor":3.0},{"not_picked":["Headbutt","Bloodletting"],"picked":"Clothesline","floor":7.0},{"not_picked":["Iron Wave","Infernal Blade"],"picked":"Second Wind","floor":10.0},{"not_picked":["Flex","Ghostly Armor"],"picked":"Headbutt","floor":11.0},{"not_picked":["Sword Boomerang","Thunderclap"],"picked":"Corruption","floor":12.0},{"not_picked":["Pommel Strike","Clothesline"],"picked":"Reaper","floor":14.0},{"not_picked":["Searing Blow","Anger","Pommel Strike"],"picked":"SKIP","floor":18.0},{"not_picked":["Flex","Pummel"],"picked":"Shrug It Off","floor":19.0},{"not_picked":["Heavy Blade","Clash"],"picked":"Shrug It Off","floor":23.0},{"not_picked":["Heavy Blade","Flex"],"picked":"Body Slam","floor":27.0},{"not_picked":["Infernal Blade","Sever Soul"],"picked":"Shrug It Off","floor":29.0},{"not_picked":["Immolate","Bludgeon"],"picked":"Impervious","floor":33.0},{"not_picked":["Dropkick+1","Flex","Headbutt"],"picked":"SKIP","floor":35.0},{"not_picked":["Clash","Pommel Strike+1","Flex+1"],"picked":"SKIP","floor":36.0},{"not_picked":["Burning Pact","Havoc"],"picked":"Warcry","floor":38.0},{"not_picked":["Wild Strike+1","Sword Boomerang"],"picked":"Burning Pact","floor":41.0},{"not_picked":["Cleave","Shrug It Off"],"picked":"Limit Break","floor":42.0},{"not_picked":["Iron Wave","Sword Boomerang"],"picked":"Warcry+1","floor":45.0},{"not_picked":["Armaments","Twin Strike"],"picked":"Spot Weakness+1","floor":46.0}],"player_experience":544015,"relics_obtained":[{"floor":5.0,"key":"Art of War"},{"floor":9.0,"key":"Bag of Marbles"},{"floor":12.0,"key":"Sundial"},{"floor":22.0,"key":"PreservedInsect"},{"floor":26.0,"key":"The Courier"},{"floor":38.0,"key":"Calipers"},{"floor":43.0,"key":"Centennial Puzzle"}],"event_choices":[{"damage_healed":0.0,"max_hp_gain":0.0,"max_hp_loss":0.0,"gold_gain":0.0,"event_name":"The Cleric","player_choice":"Leave","floor":2.0,"gold_loss":0.0,"damage_taken":0.0},{"damage_healed":0.0,"max_hp_gain":0.0,"max_hp_loss":0.0,"gold_gain":75.0,"event_name":"World of Goop","player_choice":"Gather Gold","floor":4.0,"gold_loss":0.0,"damage_taken":11.0},{"damage_healed":0.0,"max_hp_gain":0.0,"max_hp_loss":0.0,"gold_gain":0.0,"event_name":"Wheel of Change","player_choice":"Relic","floor":5.0,"gold_loss":0.0,"damage_taken":0.0},{"damage_healed":0.0,"max_hp_gain":0.0,"max_hp_loss":0.0,"gold_gain":0.0,"event_name":"Addict","player_choice":"Obtained Relic","floor":20.0,"gold_loss":85.0,"damage_taken":0.0,"relics_obtained":["MawBank"]},{"damage_healed":0.0,"max_hp_gain":0.0,"max_hp_loss":0.0,"gold_gain":0.0,"event_name":"The Mausoleum","player_choice":"Opened","floor":21.0,"gold_loss":0.0,"damage_taken":0.0,"relics_obtained":["Du-Vu Doll"],"cards_obtained":["Writhe"]},{"damage_healed":0.0,"max_hp_gain":0.0,"max_hp_loss":0.0,"gold_gain":0.0,"event_name":"Nest","player_choice":"Joined the Cult","floor":25.0,"gold_loss":0.0,"damage_taken":6.0,"cards_obtained":["RitualDagger"]},{"cards_removed":["Strike_R"],"damage_healed":0.0,"max_hp_gain":0.0,"max_hp_loss":0.0,"gold_gain":0.0,"event_name":"Beggar","player_choice":"Gave Gold","floor":30.0,"gold_loss":75.0,"damage_taken":0.0},{"damage_healed":0.0,"max_hp_gain":0.0,"max_hp_loss":0.0,"gold_gain":0.0,"event_name":"Mysterious Sphere","player_choice":"Fight","floor":38.0,"gold_loss":0.0,"damage_taken":0.0},{"damage_healed":0.0,"max_hp_gain":0.0,"max_hp_loss":0.0,"gold_gain":0.0,"event_name":"SecretPortal","player_choice":"Ignored","floor":39.0,"gold_loss":0.0,"damage_taken":0.0}],"is_beta":false,"boss_relics":[{"not_picked":["Pandora\u0027s Box","Velvet Choker"],"picked":"Snecko Eye"},{"not_picked":["Black Star","Coffee Dripper"],"picked":"Black Blood"}],"items_purged_floors":[31,37],"is_endless":false,"potions_floor_spawned":[7,11,14,16,18,23,27,35,36,41],"ascension_level":15}