{"gold_per_floor":[117,128,203,4,16,16,16,47,47,62,77,77,89,114,114,114],"floor_reached":16,"playtime":1089,"items_purged":[],"score":151,"play_id":"58f858da-946c-4aae-9f5f-acc413f167e5","local_time":"20190502163250","is_ascension_mode":true,"campfire_choices":[{"data":"Prepared","floor":6,"key":"SMITH"},{"floor":12,"key":"REST"},{"floor":15,"key":"REST"}],"neow_cost":"NONE","seed_source_timestamp":731327058645090,"circlet_count":0,"master_deck":["Defend_G","Defend_G","Defend_G","Defend_G","Defend_G","Strike_G","Strike_G","Strike_G","Strike_G","Strike_G","Survivor","Neutralize","Accuracy","Accuracy","Footwork","Tactician","Prepared+1","Reflex","Pain","Storm of Steel","Cloak And Dagger","Unload","Blade Dance","Envenom"],"relics":["Ring of the Snake","WarpedTongs","Shuriken","Ice Cream","Molten Egg 2"],"potions_floor_usage":[8,8,14,14],"damage_taken":[{"damage":2,"enemies":"Small Slimes","floor":1,"turns":5},{"damage":4,"enemies":"Cultist","floor":2,"turns":5},{"damage":0,"enemies":"Jaw Worm","floor":5,"turns":5},{"damage":25,"enemies":"Gremlin Nob","floor":8,"turns":4},{"damage":3,"enemies":"Exordium Thugs","floor":10,"turns":5},{"damage":9,"enemies":"Blue Slaver","floor":11,"turns":4},{"damage":4,"enemies":"Looter","floor":13,"turns":3},{"damage":16,"enemies":"3 Sentries","floor":14,"turns":5},{"damage":43,"enemies":"The Guardian","floor":16,"turns":13}],"seed_played":"-8172211391778797694","potions_obtained":[{"floor":2,"key":"SteroidPotion"},{"floor":5,"key":"SkillPotion"},{"floor":11,"key":"Poison Potion"},{"floor":13,"key":"Explosive Potion"}],"is_trial":false,"path_per_floor":["M","M","?","$","M","R","?","E","T","M","M","R","M","E","R","B"],"character_chosen":"THE_SILENT","items_purchased":["Footwork","Tactician","Prepared"],"campfire_rested":2,"item_purchase_floors":[4,4,4],"current_hp_per_floor":[68,64,53,53,53,53,53,28,28,25,16,39,35,19,42,0],"gold":114,"neow_bonus":"TEN_PERCENT_HP_BONUS","is_prod":false,"is_daily":false,"chose_seed":false,"campfire_upgraded":1,"win_rate":0,"timestamp":1556811170,"path_taken":["M","M","?","$","M","R","?","E","T","M","M","R","?","E","R","BOSS"],"build_version":"2019-01-23","purchased_purges":0,"victory":false,"max_hp_per_floor":[77,77,77,77,77,77,77,77,77,77,77,77,77,77,77,77],"card_choices":[{"not_picked":["Prepared","Cloak And Dagger"],"picked":"Accuracy","floor":1},{"not_picked":["Bouncing Flask","Poisoned Stab"],"picked":"Accuracy","floor":2},{"not_picked":["Poisoned Stab","Dagger Spray"],"picked":"Reflex","floor":5},{"not_picked":["Catalyst","Dagger Throw"],"picked":"Storm of Steel","floor":8},{"not_picked":["Distraction","Deflect"],"picked":"Cloak And Dagger","floor":10},{"not_picked":["Slice","Expertise"],"picked":"Unload","floor":11},{"not_picked":["Predator","Endless Agony"],"picked":"Blade Dance","floor":13},{"not_picked":["Quick Slash","Endless Agony"],"picked":"Envenom","floor":14}],"player_experience":583306,"relics_obtained":[{"floor":8,"key":"Shuriken"},{"floor":9,"key":"Ice Cream"},{"floor":14,"key":"Molten Egg 2"}],"event_choices":[{"damage_healed":0,"gold_gain":75,"player_choice":"Gather Gold","damage_taken":11,"max_hp_gain":0,"max_hp_loss":0,"event_name":"World of Goop","floor":3,"gold_loss":0},{"damage_healed":0,"gold_gain":0,"player_choice":"Rummage","damage_taken":0,"relics_obtained":["WarpedTongs"],"max_hp_gain":0,"max_hp_loss":0,"event_name":"Accursed Blacksmith","floor":7,"gold_loss":0,"cards_obtained":["Pain"]}],"is_beta":false,"boss_relics":[],"items_purged_floors":[],"is_endless":false,"potions_floor_spawned":[2,5,11,13],"killed_by":"The Guardian","ascension_level":7}