{"gold_per_floor":[114,189,16,33,33,60,80,111,158,189,202,102,102,135,135,232,232,245,345,358,358,373,404,418,452,452,452,463,463,493,82,82,183,183,202,220,236,0,18,49,49,65,65,92,124,165,188,253,265,277,289,301,4,29,29],"floor_reached":55,"playtime":5382,"items_purged":["Normality","Strike_R","Strike_R"],"score":988,"play_id":"ed1d1959-82ee-4319-9ee3-2940eec42b59","local_time":"20190427171550","is_ascension_mode":true,"campfire_choices":[{"data":"Armaments","floor":15,"key":"SMITH"},{"data":"Pommel Strike","floor":27,"key":"SMITH"},{"data":"Defend_R","floor":29,"key":"SMITH"},{"data":"Defend_R","floor":32,"key":"SMITH"},{"floor":41,"key":"RECALL"},{"data":"Defend_R","floor":49,"key":"SMITH"},{"data":"Pommel Strike","floor":52,"key":"SMITH"}],"neow_cost":"CURSE","seed_source_timestamp":707607729065000,"circlet_count":0,"master_deck":["Strike_R","Strike_R","Strike_R","Defend_R+1","Defend_R+1","Defend_R+1","Defend_R+1","Bash+1","Flash of Steel","Pommel Strike+1","Armaments+1","Shockwave+1","Pommel Strike+1","Feed","Offering","Shrug It Off"],"relics":["Burning Blood","FossilizedHelix","Paper Frog","Orichalcum","Centennial Puzzle","War Paint","Busted Crown","Du-Vu Doll","Shuriken","Mercury Hourglass","Bird Faced Urn","Potion Belt","Sundial","Dodecahedron","Ice Cream","Black Star","Red Mask","Ginger","Pantograph","Darkstone Periapt","Anchor","MawBank","Lantern","Prayer Wheel","StoneCalendar","Strawberry","Bottled Lightning"],"potions_floor_usage":[16,16,19,25,33,44,46,48,50,54,54,54,55,55,55],"damage_taken":[{"damage":0,"enemies":"Jaw Worm","floor":1,"turns":3},{"damage":0,"enemies":"Cultist","floor":4,"turns":4},{"damage":14,"enemies":"Gremlin Nob","floor":6,"turns":4},{"damage":0,"enemies":"Small Slimes","floor":7,"turns":2},{"damage":19,"enemies":"3 Sentries","floor":8,"turns":12},{"damage":0,"enemies":"Gremlin Nob","floor":10,"turns":3},{"damage":3,"enemies":"Gremlin Gang","floor":11,"turns":5},{"damage":9,"enemies":"3 Sentries","floor":14,"turns":7},{"damage":27,"enemies":"Slime Boss","floor":16,"turns":11},{"damage":0,"enemies":"Shell Parasite","floor":18,"turns":4},{"damage":2,"enemies":"Colosseum Slavers","floor":19,"turns":3},{"damage":14,"enemies":"Colosseum Nobs","floor":19,"turns":5},{"damage":0,"enemies":"Chosen","floor":20,"turns":3},{"damage":0,"enemies":"3 Cultists","floor":22,"turns":4},{"damage":4,"enemies":"Gremlin Leader","floor":23,"turns":5},{"damage":10,"enemies":"Shelled Parasite and Fungi","floor":24,"turns":4},{"damage":19,"enemies":"Slavers","floor":25,"turns":5},{"damage":2,"enemies":"Centurion and Healer","floor":28,"turns":4},{"damage":18,"enemies":"Gremlin Leader","floor":30,"turns":5},{"damage":18,"enemies":"Collector","floor":33,"turns":8},{"damage":0,"enemies":"3 Shapes","floor":35,"turns":4},{"damage":0,"enemies":"Orb Walker","floor":36,"turns":2},{"damage":0,"enemies":"Sphere and 2 Shapes","floor":37,"turns":5},{"damage":0,"enemies":"Spire Growth","floor":39,"turns":4},{"damage":14,"enemies":"Nemesis","floor":40,"turns":5},{"damage":0,"enemies":"3 Darklings","floor":42,"turns":5},{"damage":12,"enemies":"Reptomancer","floor":44,"turns":7},{"damage":2,"enemies":"Writhing Mass","floor":45,"turns":5},{"damage":16,"enemies":"Giant Head","floor":46,"turns":7},{"damage":0,"enemies":"Spire Growth","floor":47,"turns":5},{"damage":0,"enemies":"2 Orb Walkers","floor":48,"turns":4},{"damage":49,"enemies":"Donu and Deca","floor":50,"turns":10},{"damage":4,"enemies":"Shield and Spear","floor":54,"turns":4},{"damage":163,"enemies":"The Heart","floor":55,"turns":9}],"seed_played":"-8599883223163150783","potions_obtained":[{"floor":6,"key":"GamblersBrew"},{"floor":7,"key":"LiquidBronze"},{"floor":11,"key":"Dexterity Potion"},{"floor":16,"key":"Fruit Juice"},{"floor":20,"key":"SteroidPotion"},{"floor":24,"key":"Fire Potion"},{"floor":28,"key":"Fire Potion"},{"floor":30,"key":"Weak Potion"},{"floor":40,"key":"GamblersBrew"},{"floor":42,"key":"Weak Potion"},{"floor":45,"key":"Strength Potion"},{"floor":46,"key":"Strength Potion"},{"floor":47,"key":"Regen Potion"},{"floor":54,"key":"EssenceOfSteel"}],"is_trial":false,"path_per_floor":["M","?","$","M","?","E","M","E","T","E","M","$","?","E","R","B",null,"M","?","M","?","M","E","M","E","T","R","M","R","E","$","R","B",null,"M","M","M","?","M","E","R","M","T","E","M","E","M","?","R","B",null,"R","$","E","B"],"character_chosen":"IRONCLAD","items_purchased":["Flash of Steel","Ice Cream","Offering","Shrug It Off","Weak Potion","Energy Potion"],"campfire_rested":0,"item_purchase_floors":[3,31,53,53,53,53],"current_hp_per_floor":[80,69,69,75,75,67,73,60,60,66,69,69,69,66,66,45,80,83,87,96,96,101,104,103,93,93,93,100,100,91,91,91,82,119,122,125,129,129,132,127,127,133,133,127,134,128,134,145,145,102,145,145,145,155,0],"gold":29,"neow_bonus":"ONE_RARE_RELIC","is_prod":false,"is_daily":false,"chose_seed":false,"campfire_upgraded":6,"win_rate":0,"timestamp":1556378150,"path_taken":["M","?","$","M","?","E","M","E","T","E","?","$","?","E","R","BOSS","M","?","M","?","M","E","M","E","T","R","M","R","E","$","R","BOSS","M","?","M","?","M","E","R","M","T","E","M","E","M","?","R","BOSS","R","$","E","BOSS"],"build_version":"2019-01-23","purchased_purges":3,"victory":false,"max_hp_per_floor":[80,80,80,80,80,80,80,80,80,80,80,80,80,80,80,80,80,83,95,98,98,101,104,107,110,110,110,113,113,116,116,116,119,119,122,125,129,129,132,135,135,135,135,135,138,142,142,145,145,145,145,145,145,155,155],"card_choices":[{"not_picked":["True Grit","Pummel","Cleave"],"picked":"SKIP","floor":1},{"not_picked":["Thunderclap","Whirlwind"],"picked":"Pommel Strike","floor":4},{"not_picked":["Havoc","Dropkick","Feel No Pain"],"picked":"SKIP","floor":6},{"not_picked":["Havoc","Dropkick","Feel No Pain"],"picked":"SKIP","floor":6},{"not_picked":["Spot Weakness","Thunderclap"],"picked":"Armaments","floor":7},{"not_picked":["Clothesline","Combust"],"picked":"Shockwave","floor":8},{"not_picked":["Havoc","Anger","Brutality"],"picked":"SKIP","floor":10},{"not_picked":["Clash","Twin Strike"],"picked":"Pommel Strike","floor":11},{"not_picked":["Iron Wave","Cleave","Warcry"],"picked":"SKIP","floor":14},{"not_picked":["Reaper","Berserk"],"picked":"Feed","floor":16},{"not_picked":["Clash"],"picked":"SKIP","floor":18},{"not_picked":["Clothesline"],"picked":"SKIP","floor":20},{"not_picked":["Entrench+1"],"picked":"SKIP","floor":22},{"not_picked":["Iron Wave+1"],"picked":"SKIP","floor":23},{"not_picked":["Combust"],"picked":"SKIP","floor":24},{"not_picked":["Headbutt"],"picked":"SKIP","floor":25},{"not_picked":["Shockwave"],"picked":"SKIP","floor":28},{"not_picked":["Cleave"],"picked":"SKIP","floor":30},{"not_picked":["Sentinel+1"],"picked":"SKIP","floor":35},{"not_picked":["Bloodletting"],"picked":"SKIP","floor":36},{"not_picked":["Wild Strike"],"picked":"SKIP","floor":37},{"not_picked":["Carnage"],"picked":"SKIP","floor":39},{"not_picked":["Thunderclap"],"picked":"SKIP","floor":40},{"not_picked":["Feel No Pain+1"],"picked":"SKIP","floor":42},{"not_picked":["Flex+1"],"picked":"SKIP","floor":44},{"not_picked":["Anger"],"picked":"SKIP","floor":45},{"not_picked":["Armaments"],"picked":"SKIP","floor":46},{"not_picked":["Feel No Pain+1"],"picked":"SKIP","floor":47},{"not_picked":["Rupture+1"],"picked":"SKIP","floor":47},{"not_picked":["Sword Boomerang"],"picked":"SKIP","floor":54},{"not_picked":["Sword Boomerang"],"picked":"SKIP","floor":54}],"player_experience":231959,"relics_obtained":[{"floor":6,"key":"Paper Frog"},{"floor":8,"key":"Orichalcum"},{"floor":10,"key":"Centennial Puzzle"},{"floor":14,"key":"War Paint"},{"floor":19,"key":"Du-Vu Doll"},{"floor":19,"key":"Shuriken"},{"floor":23,"key":"Bird Faced Urn"},{"floor":25,"key":"Potion Belt"},{"floor":26,"key":"Sundial"},{"floor":30,"key":"Dodecahedron"},{"floor":40,"key":"Ginger"},{"floor":40,"key":"Pantograph"},{"floor":43,"key":"Darkstone Periapt"},{"floor":44,"key":"Anchor"},{"floor":44,"key":"MawBank"},{"floor":46,"key":"Lantern"},{"floor":46,"key":"Prayer Wheel"},{"floor":48,"key":"StoneCalendar"},{"floor":54,"key":"Strawberry"},{"floor":54,"key":"Bottled Lightning"}],"event_choices":[{"damage_healed":0,"gold_gain":75,"player_choice":"Gather Gold","damage_taken":11,"max_hp_gain":0,"max_hp_loss":0,"event_name":"World of Goop","floor":2,"gold_loss":0},{"damage_healed":0,"gold_gain":0,"player_choice":"Forge","damage_taken":0,"max_hp_gain":0,"max_hp_loss":0,"event_name":"Accursed Blacksmith","floor":5,"gold_loss":0,"cards_upgraded":["Bash"]},{"damage_healed":0,"gold_gain":0,"player_choice":"Ignored","damage_taken":0,"max_hp_gain":0,"max_hp_loss":0,"event_name":"NoteForYourself","floor":13,"gold_loss":0},{"damage_healed":0,"gold_gain":0,"player_choice":"Fight","damage_taken":0,"max_hp_gain":0,"max_hp_loss":0,"event_name":"Colosseum","floor":19,"gold_loss":0},{"damage_healed":0,"gold_gain":0,"player_choice":"Fought Nobs","damage_taken":0,"max_hp_gain":0,"max_hp_loss":0,"event_name":"Colosseum","floor":19,"gold_loss":0},{"damage_healed":0,"gold_gain":0,"player_choice":"Gave Potion","damage_taken":0,"relics_obtained":["Mercury Hourglass"],"max_hp_gain":0,"max_hp_loss":0,"event_name":"WeMeetAgain","floor":21,"gold_loss":0},{"damage_healed":0,"gold_gain":0,"player_choice":"Paid","damage_taken":0,"relics_obtained":["Red Mask"],"max_hp_gain":0,"max_hp_loss":0,"event_name":"Tomb of Lord Red Mask","floor":38,"gold_loss":236},{"damage_healed":0,"gold_gain":0,"player_choice":"Fight","damage_taken":0,"max_hp_gain":0,"max_hp_loss":0,"event_name":"Mysterious Sphere","floor":48,"gold_loss":0}],"is_beta":false,"boss_relics":[{"not_picked":["Pandora\u0027s Box","Runic Cube"],"picked":"Busted Crown"},{"not_picked":["Orrery","Fusion Hammer"],"picked":"Black Star"}],"items_purged_floors":[3,12,31],"is_endless":false,"potions_floor_spawned":[6,7,11,16,20,24,28,30,40,42,45,46,47,54],"killed_by":"The Heart","ascension_level":1}