{"gold_per_floor":[114,128,140,215,180,214,214,214,214,249,275,303,343,355,367,453,465,489,84,95,105,17,17],"floor_reached":23,"playtime":1437,"items_purged":["Strike_R"],"score":422,"play_id":"60b3a55e-f04b-46c0-8532-bc237937343c","local_time":"20190404223952","is_ascension_mode":true,"campfire_choices":[{"data":"Bludgeon","floor":15.0,"key":"SMITH"}],"neow_cost":"NONE","seed_source_timestamp":0,"circlet_count":0,"master_deck":["AscendersBane","Strike_R","Strike_R","Strike_R","Defend_R","Defend_R","Defend_R","Defend_R","Bash","Clothesline","Anger","Feel No Pain","Sever Soul","Feed","True Grit","Havoc","Intimidate","Bludgeon+1","Dark Embrace","Body Slam+1","Corruption","Seeing Red","Havoc","Flame Barrier","Seeing Red","Reckless Charge"],"special_seed":0,"relics":["Burning Blood","Bottled Tornado","Smiling Mask","MawBank","Paper Frog","Sozu","Strawberry"],"potions_floor_usage":[23],"damage_taken":[{"damage":13.0,"enemies":"2 Louse","floor":1.0,"turns":3.0},{"damage":10.0,"enemies":"Small Slimes","floor":2.0,"turns":4.0},{"damage":4.0,"enemies":"Cultist","floor":3.0,"turns":3.0},{"damage":29.0,"enemies":"3 Sentries","floor":6.0,"turns":10.0},{"damage":35.0,"enemies":"Lagavulin","floor":10.0,"turns":7.0},{"damage":23.0,"enemies":"Exordium Wildlife","floor":11.0,"turns":4.0},{"damage":6.0,"enemies":"Looter","floor":12.0,"turns":4.0},{"damage":6.0,"enemies":"3 Sentries","floor":13.0,"turns":14.0},{"damage":28.0,"enemies":"Slime Boss","floor":16.0,"turns":10.0},{"damage":11.0,"enemies":"Spheric Guardian","floor":18.0,"turns":4.0},{"damage":13.0,"enemies":"Shell Parasite","floor":20.0,"turns":3.0},{"damage":19.0,"enemies":"Centurion and Healer","floor":21.0,"turns":10.0},{"damage":59,"enemies":"Gremlin Leader","floor":23,"turns":5}],"seed_played":"-2566110443652077879","potions_obtained":[{"floor":10.0,"key":"Weak Potion"},{"floor":11.0,"key":"FairyPotion"},{"floor":12.0,"key":"Block Potion"},{"floor":13.0,"key":"Fire Potion"},{"floor":16.0,"key":"Dexterity Potion"}],"is_trial":false,"path_per_floor":["M","M","M","?","?","E","?","?","T","E","M","M","E","?","R","B",null,"M","$","M","M","$","E"],"character_chosen":"IRONCLAD","items_purchased":["Corruption","Seeing Red","Havoc","Strawberry","Reckless Charge"],"campfire_rested":0,"item_purchase_floors":[19,19,19,19,22],"current_hp_per_floor":[61,57,59,48,66,43,68,68,68,39,25,25,25,18,18,11,64,59,66,62,52,52,0],"gold":17,"neow_bonus":"THREE_CARDS","is_prod":false,"is_daily":false,"chose_seed":false,"campfire_upgraded":1,"win_rate":0,"timestamp":1554431992,"path_taken":["M","M","M","?","?","E","?","?","T","E","M","M","E","?","R","BOSS","M","$","M","M","$","E"],"build_version":"2019-01-23","purchased_purges":1,"victory":false,"max_hp_per_floor":[75,75,75,75,75,75,75,75,75,75,78,78,78,78,78,81,81,81,88,91,94,94,94],"card_choices":[{"not_picked":["Body Slam","Wild Strike"],"picked":"Clothesline","floor":0.0},{"not_picked":["Body Slam","Sword Boomerang"],"picked":"Anger","floor":1.0},{"not_picked":["Thunderclap","Flame Barrier"],"picked":"Feel No Pain","floor":2.0},{"not_picked":["Inflame","Warcry"],"picked":"Sever Soul","floor":3.0},{"not_picked":["Sword Boomerang","Evolve"],"picked":"Feed","floor":6.0},{"not_picked":["Thunderclap","Iron Wave"],"picked":"True Grit","floor":10.0},{"not_picked":["Headbutt","Pommel Strike"],"picked":"Havoc","floor":11.0},{"not_picked":["Havoc","Blood for Blood"],"picked":"Intimidate","floor":12.0},{"not_picked":["Entrench","Uppercut"],"picked":"Bludgeon","floor":13.0},{"not_picked":["Juggernaut","Impervious"],"picked":"Dark Embrace","floor":16.0},{"not_picked":["Intimidate","Armaments"],"picked":"Body Slam+1","floor":18.0},{"not_picked":["Dropkick","Sword Boomerang"],"picked":"Flame Barrier","floor":20.0},{"not_picked":["Headbutt","Inflame"],"picked":"Seeing Red","floor":21.0}],"player_experience":853255,"relics_obtained":[{"floor":6.0,"key":"Bottled Tornado"},{"floor":9.0,"key":"Smiling Mask"},{"floor":10.0,"key":"MawBank"},{"floor":13.0,"key":"Paper Frog"}],"event_choices":[{"damage_healed":0.0,"max_hp_gain":0.0,"max_hp_loss":0.0,"gold_gain":75.0,"event_name":"World of Goop","player_choice":"Gather Gold","floor":4.0,"gold_loss":0.0,"damage_taken":11.0},{"damage_healed":18.0,"max_hp_gain":0.0,"max_hp_loss":0.0,"gold_gain":0.0,"event_name":"The Cleric","player_choice":"Healed","floor":5.0,"gold_loss":35.0,"damage_taken":0.0},{"damage_healed":25.0,"max_hp_gain":0.0,"max_hp_loss":0.0,"gold_gain":0.0,"event_name":"Big Fish","player_choice":"Banana","floor":7.0,"gold_loss":0.0,"damage_taken":0.0},{"damage_healed":0.0,"max_hp_gain":0.0,"max_hp_loss":0.0,"gold_gain":0.0,"event_name":"Liars Game","player_choice":"Ignored","floor":8.0,"gold_loss":0.0,"damage_taken":0.0},{"cards_removed":["Strike_R"],"damage_healed":0.0,"max_hp_gain":0.0,"max_hp_loss":0.0,"gold_gain":0.0,"event_name":"Golden Wing","player_choice":"Card Removal","floor":14.0,"gold_loss":0.0,"damage_taken":7.0}],"is_beta":false,"boss_relics":[{"not_picked":["Eternal Feather","Astrolabe"],"picked":"Sozu"}],"items_purged_floors":[19],"is_endless":false,"potions_floor_spawned":[10,11,12,13,16,18,21],"killed_by":"Gremlin Leader","ascension_level":20}