{"gold_per_floor":[114,389,406,87,100,130,130,146,221,221,233,233,253,264,264,361,361,374,388,388,219,229,245,277,277,277,152,163,163,188,188,188,188],"floor_reached":33,"playtime":1327,"items_purged":["Regret","Strike_B","Strike_B"],"score":269,"play_id":"cbb43ad9-7a6e-4cc9-90af-059c162d966a","local_time":"20190425183322","is_ascension_mode":false,"campfire_choices":[{"data":"Doom and Gloom","floor":7.0,"key":"SMITH"},{"data":"Recycle","floor":15.0,"key":"SMITH"},{"data":"Reboot","floor":25.0,"key":"SMITH"},{"data":"Self Repair","floor":29.0,"key":"SMITH"},{"data":"Dualcast","floor":32.0,"key":"SMITH"}],"neow_cost":"NONE","seed_source_timestamp":5467881452300,"circlet_count":0,"master_deck":["Strike_B+1","Defend_B+1","Defend_B+1","Defend_B+1","Defend_B+1","Zap","Dualcast+1","Meteor Strike","Doom and Gloom+1","Ball Lightning","Hologram+1","Recycle+1","Reboot+1","Conserve Battery+1","White Noise+1","Double Energy","Self Repair+1","Meteor Strike"],"special_seed":0,"relics":["Cracked Core","Question Card","FossilizedHelix","Coffee Dripper","War Paint","Juzu Bracelet","Red Mask"],"potions_floor_usage":[],"damage_taken":[{"damage":5.0,"enemies":"Small Slimes","floor":1.0,"turns":2.0},{"damage":3.0,"enemies":"Cultist","floor":3.0,"turns":3.0},{"damage":6.0,"enemies":"Jaw Worm","floor":5.0,"turns":3.0},{"damage":30.0,"enemies":"3 Sentries","floor":6.0,"turns":5.0},{"damage":0.0,"enemies":"Looter","floor":8.0,"turns":2.0},{"damage":9.0,"enemies":"Exordium Thugs","floor":11.0,"turns":4.0},{"damage":0.0,"enemies":"Large Slime","floor":13.0,"turns":4.0},{"damage":0.0,"enemies":"Red Slaver","floor":14.0,"turns":3.0},{"damage":11.0,"enemies":"Hexaghost","floor":16.0,"turns":9.0},{"damage":4.0,"enemies":"3 Byrds","floor":18.0,"turns":3.0},{"damage":2.0,"enemies":"Shell Parasite","floor":19.0,"turns":5.0},{"damage":21.0,"enemies":"Snake Plant","floor":22.0,"turns":4.0},{"damage":0.0,"enemies":"Snecko","floor":23.0,"turns":3.0},{"damage":30.0,"enemies":"Book of Stabbing","floor":24.0,"turns":6.0},{"damage":18.0,"enemies":"Sentry and Sphere","floor":28.0,"turns":6.0},{"damage":9.0,"enemies":"Masked Bandits","floor":30.0,"turns":3.0},{"damage":24,"enemies":"Collector","floor":33,"turns":7}],"seed_played":"6412594469265166342","potions_obtained":[{"floor":1.0,"key":"LiquidBronze"},{"floor":5.0,"key":"Regen Potion"},{"floor":6.0,"key":"Weak Potion"},{"floor":18.0,"key":"FearPotion"},{"floor":19.0,"key":"Energy Potion"},{"floor":30.0,"key":"FearPotion"}],"is_trial":false,"path_per_floor":["M","?","M","$","M","E","R","M","T","?","M","?","M","M","R","B",null,"M","M","?","$","M","M","E","R","T","$","M","R","?","?","R","B"],"character_chosen":"DEFECT","items_purchased":["Question Card","Double Energy"],"campfire_rested":0,"item_purchase_floors":[4,21],"current_hp_per_floor":[70,70,67,67,61,31,31,31,31,31,22,22,22,22,22,11,75,71,69,69,69,48,48,18,18,18,18,22,22,23,23,23,0],"gold":188,"neow_bonus":"ONE_RANDOM_RARE_CARD","is_prod":false,"is_daily":false,"chose_seed":false,"campfire_upgraded":5,"win_rate":0,"timestamp":1556231602,"path_taken":["M","?","M","$","?","E","R","M","T","?","M","?","?","M","R","BOSS","M","M","?","$","M","M","E","R","T","$","M","R","?","?","R","BOSS"],"build_version":"2019-01-23","purchased_purges":3,"victory":false,"max_hp_per_floor":[75,75,75,75,75,75,75,75,75,75,75,75,75,75,75,75,75,75,75,75,75,75,75,75,75,75,75,75,75,75,75,75,75],"card_choices":[{"not_picked":["Hello World","Go for the Eyes","Redo"],"picked":"SKIP","floor":1.0},{"not_picked":["Barrage","Doom and Gloom","Compile Driver"],"picked":"SKIP","floor":3.0},{"not_picked":["Barrage","Compile Driver"],"picked":"Doom and Gloom","floor":3.0},{"not_picked":["Conserve Battery","Loop","Coolheaded"],"picked":"Ball Lightning","floor":5.0},{"not_picked":["Ball Lightning","Beam Cell","Force Field","Compile Driver"],"picked":"SKIP","floor":6.0},{"not_picked":["Beam Cell","Compile Driver","Conserve Battery"],"picked":"Hologram","floor":8.0},{"not_picked":["Defragment","Barrage","Sunder"],"picked":"Recycle","floor":11.0},{"not_picked":["Loop","White Noise","Redo","Amplify"],"picked":"SKIP","floor":13.0},{"not_picked":["Cold Snap","Self Repair","Compile Driver","Ball Lightning"],"picked":"SKIP","floor":14.0},{"not_picked":["Thunder Strike","Biased Cognition","Multi-Cast"],"picked":"Reboot","floor":16.0},{"not_picked":["Stack","Steam","Storm","Capacitor"],"picked":"SKIP","floor":18.0},{"not_picked":["Stack","Steam","Storm","Capacitor"],"picked":"SKIP","floor":18.0},{"not_picked":["Genetic Algorithm","Compile Driver","Chaos"],"picked":"Conserve Battery+1","floor":19.0},{"not_picked":["Go for the Eyes+1","Cold Snap","Steam Power","Steam"],"picked":"SKIP","floor":22.0},{"not_picked":["Coolheaded","Gash","Rebound+1","Barrage"],"picked":"SKIP","floor":23.0},{"not_picked":["Barrage+1","Heatsinks","White Noise"],"picked":"Self Repair","floor":24.0},{"not_picked":["Compile Driver","Tempest","Chaos"],"picked":"Meteor Strike","floor":28.0}],"player_experience":694092,"relics_obtained":[{"floor":6.0,"key":"FossilizedHelix"},{"floor":24.0,"key":"War Paint"},{"floor":26.0,"key":"Juzu Bracelet"},{"floor":30.0,"key":"Red Mask"}],"event_choices":[{"damage_healed":0.0,"max_hp_gain":0.0,"max_hp_loss":0.0,"gold_gain":275.0,"event_name":"Golden Shrine","player_choice":"Desecrate","floor":2.0,"gold_loss":0.0,"damage_taken":0.0,"cards_obtained":["Regret"]},{"damage_healed":0.0,"max_hp_gain":0.0,"max_hp_loss":0.0,"gold_gain":0.0,"event_name":"Liars Game","player_choice":"Ignored","floor":10.0,"gold_loss":0.0,"damage_taken":0.0},{"damage_healed":0.0,"max_hp_gain":0.0,"max_hp_loss":0.0,"gold_gain":0.0,"event_name":"Shining Light","player_choice":"Ignored","floor":12.0,"gold_loss":0.0,"damage_taken":0.0},{"damage_healed":0.0,"max_hp_gain":0.0,"max_hp_loss":0.0,"gold_gain":0.0,"cards_transformed":["Strike_B"],"event_name":"Transmorgrifier","player_choice":"Transformed","floor":20.0,"gold_loss":0.0,"damage_taken":0.0,"cards_obtained":["White Noise"]},{"damage_healed":0.0,"max_hp_gain":0.0,"max_hp_loss":0.0,"gold_gain":0.0,"event_name":"Masked Bandits","player_choice":"Fought Bandits","floor":30.0,"gold_loss":0.0,"damage_taken":0.0},{"damage_healed":0.0,"max_hp_gain":0.0,"max_hp_loss":0.0,"gold_gain":0.0,"event_name":"Back to Basics","player_choice":"Simplicity","floor":31.0,"gold_loss":0.0,"damage_taken":0.0,"cards_upgraded":["Strike_B","Defend_B","Defend_B","Defend_B","Defend_B"]}],"is_beta":false,"boss_relics":[{"not_picked":["White Beast Statue","Empty Cage"],"picked":"Coffee Dripper"}],"items_purged_floors":[4,21,27],"is_endless":false,"potions_floor_spawned":[1,5,6,14,18,19,22,30],"killed_by":"Collector","ascension_level":0}