{"gold_per_floor":[114,114,131,144,161,161,176,195,195,370,370,386,386,405,405,500,500,517,517,6,6,20,20,20,20,102,113,113],"floor_reached":28,"playtime":1038,"items_purged":[],"score":212,"play_id":"be919ce5-f692-43a4-bede-c5241c0a255c","local_time":"20180722143220","is_ascension_mode":false,"campfire_choices":[{"data":"Bludgeon","floor":6,"key":"SMITH"},{"floor":13,"key":"REST"},{"floor":15,"key":"REST"},{"floor":23,"key":"REST"}],"neow_cost":"NONE","seed_source_timestamp":28392592652804,"circlet_count":0,"master_deck":["Strike_R","Strike_R","Strike_R","Strike_R","Strike_R","Defend_R","Defend_R","Defend_R","Defend_R","Bash","Bludgeon+1","Ghostly Armor","Thunderclap","Shrug It Off","Flex","Barricade","Clothesline","Thunderclap","Evolve","Demon Form","Headbutt+1","Inflame","Flex","Clothesline","Carnage","Armaments"],"relics":["Burning Blood","The Courier","Dodecahedron","Black Star","Meat on the Bone","Sling","Shuriken"],"potions_floor_usage":[7,16,16,16,22,27],"damage_taken":[{"damage":0,"enemies":"Small Slimes","floor":1,"turns":2},{"damage":6,"enemies":"Jaw Worm","floor":3,"turns":2},{"damage":6,"enemies":"Cultist","floor":4,"turns":3},{"damage":1,"enemies":"Exordium Wildlife","floor":5,"turns":3},{"damage":12,"enemies":"3 Louse","floor":7,"turns":2},{"damage":31,"enemies":"Gremlin Gang","floor":8,"turns":5},{"damage":16,"enemies":"Blue Slaver","floor":12,"turns":4},{"damage":23,"enemies":"Exordium Wildlife","floor":14,"turns":5},{"damage":65,"enemies":"Hexaghost","floor":16,"turns":10},{"damage":35,"enemies":"3 Byrds","floor":18,"turns":7},{"damage":44,"enemies":"Spheric Guardian","floor":22,"turns":6},{"damage":52,"enemies":"3 Cultists","floor":27,"turns":6},{"damage":27,"enemies":"Chosen and Byrds","floor":28,"turns":4}],"seed_played":"6768729195507625443","potions_obtained":[{"floor":3,"key":"FearPotion"},{"floor":4,"key":"AttackPotion"},{"floor":8,"key":"Swift Potion"},{"floor":12,"key":"SneckoOil"},{"floor":22,"key":"Poison Potion"}],"is_trial":false,"path_per_floor":["M","?","M","M","M","R","M","M","T","?","T","M","R","M","R","B",null,"M","?","$","?","M","R","$","?","T","M"],"character_chosen":"IRONCLAD","items_purchased":["Meat on the Bone","Sling","Inflame","Flex","Clothesline","FearPotion"],"campfire_rested":3,"item_purchase_floors":[20,20,20,20,20,20],"current_hp_per_floor":[80,85,85,85,85,85,79,54,54,54,54,44,69,52,77,18,85,56,56,56,56,30,55,55,55,55,21,0],"gold":113,"neow_bonus":"ONE_RANDOM_RARE_CARD","is_prod":false,"is_daily":false,"chose_seed":false,"campfire_upgraded":1,"win_rate":0,"timestamp":1532262740,"path_taken":["M","?","M","?","M","R","M","M","T","?","?","?","R","M","R","BOSS","M","?","?","?","M","R","$","?","T","M","M"],"build_version":"2018-07-19v2","purchased_purges":0,"victory":false,"max_hp_per_floor":[80,85,85,85,85,85,85,85,85,85,85,85,85,85,85,85,85,85,85,85,85,85,85,85,85,85,85,85],"card_choices":[{"not_picked":["Clash","Rampage"],"picked":"Ghostly Armor","floor":1},{"not_picked":["Wild Strike","Second Wind"],"picked":"Thunderclap","floor":3},{"not_picked":["Clash","Thunderclap"],"picked":"Shrug It Off","floor":4},{"not_picked":["Anger","Whirlwind"],"picked":"Flex","floor":5},{"not_picked":["Sword Boomerang","Metallicize"],"picked":"Barricade","floor":7},{"not_picked":["Havoc","Burning Pact"],"picked":"Clothesline","floor":8},{"not_picked":["Sever Soul","Wild Strike"],"picked":"Thunderclap","floor":12},{"not_picked":["Armaments","Anger"],"picked":"Evolve","floor":14},{"not_picked":["Juggernaut","Brutality"],"picked":"Demon Form","floor":16},{"not_picked":["Seeing Red","Second Wind"],"picked":"Headbutt+1","floor":18},{"not_picked":["Fire Breathing+1","Anger"],"picked":"Carnage","floor":22},{"not_picked":["Seeing Red","Dual Wield"],"picked":"Armaments","floor":27}],"player_experience":100853,"relics_obtained":[{"floor":9,"key":"The Courier"},{"floor":11,"key":"Dodecahedron"},{"floor":26,"key":"Shuriken"}],"event_choices":[{"event_name":"Big Fish","player_choice":"Donut","floor":2,"damage_taken":0},{"event_name":"Liars Game","player_choice":"agreed","floor":10,"damage_taken":0},{"event_name":"Back to Basics","player_choice":"Elegance","floor":19,"damage_taken":0},{"event_name":"Beggar","player_choice":"Ignored","floor":21,"damage_taken":0},{"event_name":"Ghosts","player_choice":"Ignored","floor":25,"damage_taken":0}],"is_beta":false,"boss_relics":[{"not_picked":["Philosopher\u0027s Stone","Busted Crown"],"picked":"Black Star"}],"items_purged_floors":[],"is_endless":false,"potions_floor_spawned":[3,4,8,12,22],"killed_by":"Chosen and Byrds","ascension_level":0}