{"gold_per_floor":[114,114,134,153,153,153,167,207,207,125,138,156,10,34,34,34],"floor_reached":16,"playtime":1600,"items_purged":["Strike_R"],"score":104,"play_id":"a35d1d32-921f-4186-b9b9-d1fe0f13d480","local_time":"20190228223659","is_ascension_mode":false,"campfire_choices":[{"data":"Dual Wield","floor":6,"key":"SMITH"},{"floor":15,"key":"REST"}],"neow_cost":"NONE","seed_source_timestamp":541760606126105,"circlet_count":0,"master_deck":["Strike_R","Strike_R","Strike_R","Defend_R","Defend_R","Defend_R","Defend_R","Bash","Limit Break","Flex","Fiend Fire","Perfected Strike","Dual Wield+1","Sever Soul","Blood for Blood","Blind+1","Pummel","Headbutt","Rage+1","Whirlwind"],"relics":["Burning Blood","Golden Idol","Toxic Egg 2","Ornamental Fan"],"potions_floor_usage":[],"damage_taken":[{"damage":8,"enemies":"Cultist","floor":1,"turns":6},{"damage":6,"enemies":"Jaw Worm","floor":3,"turns":2},{"damage":7,"enemies":"Small Slimes","floor":4,"turns":4},{"damage":16,"enemies":"Red Slaver","floor":7,"turns":4},{"damage":21,"enemies":"Gremlin Nob","floor":8,"turns":4},{"damage":30,"enemies":"Gremlin Gang","floor":11,"turns":4},{"damage":15,"enemies":"Lots of Slimes","floor":12,"turns":5},{"damage":4,"enemies":"Blue Slaver","floor":14,"turns":3},{"damage":54,"enemies":"Slime Boss","floor":16,"turns":7}],"seed_played":"-8919933803887796488","potions_obtained":[{"floor":8,"key":"GamblersBrew"},{"floor":11,"key":"GamblersBrew"},{"floor":12,"key":"Poison Potion"}],"is_trial":false,"path_per_floor":["M","?","M","M","?","R","M","E","T","$","M","M","$","M","R","B"],"character_chosen":"IRONCLAD","items_purchased":["Blind+1","Rage+1"],"campfire_rested":1,"item_purchase_floors":[10,13],"current_hp_per_floor":[78,78,78,77,74,74,64,49,49,49,25,16,16,18,40,0],"gold":34,"neow_bonus":"ONE_RANDOM_RARE_CARD","is_prod":false,"is_daily":false,"chose_seed":false,"campfire_upgraded":1,"win_rate":0.0,"timestamp":1551418619,"path_taken":["M","?","?","M","?","R","M","E","T","?","?","?","$","M","R","BOSS"],"build_version":"2019-01-23","purchased_purges":1,"victory":false,"max_hp_per_floor":[80,80,80,80,74,74,74,74,74,74,74,74,74,74,74,74],"card_choices":[{"not_picked":["True Grit","Combust"],"picked":"Flex","floor":1},{"not_picked":["Body Slam","Sword Boomerang"],"picked":"Perfected Strike","floor":3},{"not_picked":["Rampage","Combust"],"picked":"Dual Wield","floor":4},{"not_picked":["Rampage","Combust"],"picked":"Sever Soul","floor":7},{"not_picked":["Iron Wave","Hemokinesis"],"picked":"Blood for Blood","floor":8},{"not_picked":["True Grit+1","Brutality"],"picked":"Pummel","floor":11},{"not_picked":["Corruption","Burning Pact+1"],"picked":"Headbutt","floor":12},{"not_picked":["Power Through+1","Headbutt"],"picked":"Whirlwind","floor":14}],"player_experience":13226,"relics_obtained":[{"floor":8,"key":"Toxic Egg 2"},{"floor":9,"key":"Ornamental Fan"}],"event_choices":[{"damage_healed":0,"gold_gain":0,"cards_transformed":["Strike_R"],"player_choice":"Transformed","damage_taken":0,"max_hp_gain":0,"max_hp_loss":0,"event_name":"Transmorgrifier","floor":2,"gold_loss":0,"cards_obtained":["Fiend Fire"]},{"damage_healed":0,"gold_gain":0,"player_choice":"Lose Max HP","damage_taken":0,"relics_obtained":["Golden Idol"],"max_hp_gain":0,"max_hp_loss":6,"event_name":"Golden Idol","floor":5,"gold_loss":0}],"is_beta":false,"boss_relics":[],"items_purged_floors":[13],"is_endless":false,"potions_floor_spawned":[8,11,12],"killed_by":"Slime Boss","ascension_level":0}