{"gold_per_floor":[110,130,147,162,178,213,223,253,253,253,253,288,308,322,322,322],"floor_reached":16,"playtime":1280,"items_purged":[],"score":126,"play_id":"a2e380df-b638-4b80-86ce-2206463baa66","local_time":"20190502223546","is_ascension_mode":false,"campfire_choices":[{"data":"Immolate","floor":10.0,"key":"SMITH"},{"data":"Double Tap","floor":15.0,"key":"SMITH"}],"neow_cost":"NONE","seed_source_timestamp":507530778813700,"circlet_count":0,"master_deck":["Strike_R","Strike_R","Strike_R","Strike_R","Strike_R","Defend_R","Defend_R","Defend_R","Defend_R","Bash","Thunderclap","Cleave","Double Tap+1","Anger","Perfected Strike","Immolate+1","Feel No Pain","Perfected Strike","Immolate","Seeing Red","Shrug It Off"],"special_seed":0,"relics":["Burning Blood","Orichalcum","Smiling Mask","PreservedInsect","Ancient Tea Set","Omamori"],"potions_floor_usage":[16],"damage_taken":[{"damage":0.0,"enemies":"Cultist","floor":1.0,"turns":3.0},{"damage":5.0,"enemies":"Jaw Worm","floor":2.0,"turns":4.0},{"damage":0.0,"enemies":"2 Louse","floor":3.0,"turns":2.0},{"damage":11.0,"enemies":"Large Slime","floor":4.0,"turns":4.0},{"damage":4.0,"enemies":"Looter","floor":5.0,"turns":2.0},{"damage":24.0,"enemies":"3 Sentries","floor":6.0,"turns":7.0},{"damage":0.0,"enemies":"2 Fungi Beasts","floor":7.0,"turns":2.0},{"damage":24.0,"enemies":"Lagavulin","floor":8.0,"turns":6.0},{"damage":15.0,"enemies":"3 Sentries","floor":12.0,"turns":4.0},{"damage":2.0,"enemies":"Red Slaver","floor":13.0,"turns":4.0},{"damage":4.0,"enemies":"Looter","floor":14.0,"turns":3.0},{"damage":50,"enemies":"The Guardian","floor":16,"turns":7}],"seed_played":"-8720428570306342069","potions_obtained":[{"floor":1.0,"key":"FairyPotion"},{"floor":3.0,"key":"Dexterity Potion"},{"floor":4.0,"key":"EssenceOfSteel"},{"floor":8.0,"key":"Block Potion"},{"floor":12.0,"key":"Ancient Potion"}],"is_trial":false,"path_per_floor":["M","M","M","M","M","E","M","E","T","R","?","E","M","M","R","B"],"character_chosen":"IRONCLAD","items_purchased":[],"campfire_rested":0,"item_purchase_floors":[],"current_hp_per_floor":[80,80,80,75,77,59,65,47,47,47,47,38,42,44,44,0],"gold":322,"neow_bonus":"RANDOM_COMMON_RELIC","is_prod":false,"is_daily":false,"chose_seed":false,"campfire_upgraded":2,"win_rate":0,"timestamp":1556850946,"path_taken":["M","M","?","?","M","E","M","E","T","R","?","E","?","M","R","BOSS"],"build_version":"2019-01-23","purchased_purges":0,"victory":false,"max_hp_per_floor":[80,80,80,80,80,80,80,80,80,80,80,80,80,80,80,80],"card_choices":[{"not_picked":["Metallicize","Cleave"],"picked":"Thunderclap","floor":1.0},{"not_picked":["Clothesline","Perfected Strike"],"picked":"Cleave","floor":2.0},{"not_picked":["Armaments","Corruption"],"picked":"Double Tap","floor":3.0},{"not_picked":["Twin Strike","Rupture"],"picked":"Anger","floor":4.0},{"not_picked":["Cleave","Shrug It Off"],"picked":"Perfected Strike","floor":5.0},{"not_picked":["Cleave","Flex"],"picked":"Immolate","floor":6.0},{"not_picked":["Havoc","Twin Strike"],"picked":"Feel No Pain","floor":7.0},{"not_picked":["Havoc","Flex"],"picked":"Perfected Strike","floor":8.0},{"not_picked":["Spot Weakness","Whirlwind"],"picked":"Immolate","floor":12.0},{"not_picked":["Iron Wave","Thunderclap"],"picked":"Seeing Red","floor":13.0},{"not_picked":["Headbutt","Cleave"],"picked":"Shrug It Off","floor":14.0}],"player_experience":332784,"relics_obtained":[{"floor":6.0,"key":"Smiling Mask"},{"floor":8.0,"key":"PreservedInsect"},{"floor":12.0,"key":"Omamori"}],"event_choices":[{"damage_healed":0.0,"max_hp_gain":0.0,"max_hp_loss":0.0,"gold_gain":0.0,"event_name":"WeMeetAgain","player_choice":"Gave Potion","floor":11.0,"gold_loss":0.0,"damage_taken":0.0,"relics_obtained":["Ancient Tea Set"]}],"is_beta":false,"boss_relics":[],"items_purged_floors":[],"is_endless":false,"potions_floor_spawned":[1,3,4,8,12],"killed_by":"The Guardian","ascension_level":0}