{"gold_per_floor":[110,110,123,123,139,170,182,19,46,75,75,106,76,86,86,189,189,199,199,218,218],"floor_reached":21,"playtime":1108,"items_purged":["Strike_G"],"score":246,"play_id":"a61b44eb-4e1b-40b6-9bac-a41ba02b1464","local_time":"20190423135831","is_ascension_mode":true,"campfire_choices":[{"data":"Accuracy","floor":7,"key":"SMITH"},{"floor":11,"key":"REST"},{"floor":15,"key":"REST"}],"neow_cost":"NONE","seed_source_timestamp":489720684199838,"circlet_count":0,"master_deck":["Defend_G","Defend_G","Defend_G","Defend_G","Defend_G","Strike_G","Strike_G","Strike_G","Survivor","Neutralize+1","Flying Knee","Cloak And Dagger","Caltrops","Accuracy+1","Accuracy","Backflip","Catalyst","Bouncing Flask","Well Laid Plans","Corpse Explosion","Cloak And Dagger","Caltrops"],"relics":["Black Star","MawBank","Centennial Puzzle","Blood Vial","Juzu Bracelet","Bronze Scales","Potion Belt","Snake Skull","Runic Pyramid"],"potions_floor_usage":[6,10,10,16],"damage_taken":[{"damage":3,"enemies":"Small Slimes","floor":1,"turns":4},{"damage":0,"enemies":"2 Louse","floor":3,"turns":2},{"damage":2,"enemies":"Jaw Worm","floor":5,"turns":6},{"damage":26,"enemies":"Lagavulin","floor":6,"turns":8},{"damage":23,"enemies":"Gremlin Nob","floor":10,"turns":4},{"damage":28,"enemies":"Lagavulin","floor":12,"turns":10},{"damage":0,"enemies":"Looter","floor":13,"turns":4},{"damage":4,"enemies":"3 Louse","floor":14,"turns":4},{"damage":25,"enemies":"Slime Boss","floor":16,"turns":8},{"damage":36,"enemies":"2 Thieves","floor":18,"turns":3},{"damage":12,"enemies":"Spheric Guardian","floor":20,"turns":4},{"damage":14,"enemies":"Cultist and Chosen","floor":21,"turns":5}],"seed_played":"2812983538118429967","potions_obtained":[{"floor":3,"key":"Swift Potion"},{"floor":5,"key":"PowerPotion"},{"floor":6,"key":"FearPotion"},{"floor":14,"key":"GamblersBrew"},{"floor":16,"key":"SteroidPotion"}],"is_trial":false,"path_per_floor":["M","?","M","?","M","E","R","$","T","E","R","E","M","M","R","B",null,"M","?","M","M"],"character_chosen":"THE_SILENT","items_purchased":["Accuracy","Backflip"],"campfire_rested":2,"item_purchase_floors":[8,8],"current_hp_per_floor":[67,60,60,60,58,32,32,32,32,11,32,6,8,6,27,4,54,20,20,10,0],"gold":218,"neow_bonus":"BOSS_RELIC","is_prod":false,"is_daily":false,"chose_seed":false,"campfire_upgraded":1,"win_rate":0,"timestamp":1556024311,"path_taken":["M","?","M","?","M","E","R","$","T","E","R","E","M","M","R","BOSS","M","?","M","M"],"build_version":"2019-01-23","purchased_purges":1,"victory":false,"max_hp_per_floor":[70,70,70,70,70,70,70,70,70,70,70,70,70,70,70,70,70,70,70,70,70],"card_choices":[{"not_picked":["Deflect","Choke"],"picked":"Flying Knee","floor":1},{"not_picked":["Crippling Poison","Dodge and Roll"],"picked":"Cloak And Dagger","floor":3},{"not_picked":["Distraction","Slice"],"picked":"Caltrops","floor":5},{"not_picked":["Dagger Throw","Bane"],"picked":"Accuracy","floor":6},{"not_picked":["Calculated Gamble","Slice"],"picked":"Catalyst","floor":10},{"not_picked":["Acrobatics","Catalyst"],"picked":"Bouncing Flask","floor":12},{"not_picked":["Flying Knee","Cloak And Dagger"],"picked":"Well Laid Plans","floor":13},{"not_picked":["Dagger Spray","Backflip","Cloak And Dagger"],"picked":"SKIP","floor":14},{"not_picked":["Tools of the Trade","Night Terror"],"picked":"Corpse Explosion","floor":16},{"not_picked":["Dagger Throw+1","Prepared"],"picked":"Cloak And Dagger","floor":18},{"not_picked":["Reflex","Deflect"],"picked":"Caltrops","floor":20}],"player_experience":521458,"relics_obtained":[{"floor":6,"key":"MawBank"},{"floor":6,"key":"Centennial Puzzle"},{"floor":9,"key":"Blood Vial"},{"floor":10,"key":"Juzu Bracelet"},{"floor":10,"key":"Bronze Scales"},{"floor":12,"key":"Potion Belt"},{"floor":12,"key":"Snake Skull"}],"event_choices":[{"cards_removed":["Strike_G"],"damage_healed":0,"gold_gain":0,"player_choice":"Card Removal","damage_taken":7,"max_hp_gain":0,"max_hp_loss":0,"event_name":"Golden Wing","floor":2,"gold_loss":0},{"damage_healed":0,"gold_gain":0,"player_choice":"Grow","damage_taken":0,"max_hp_gain":0,"max_hp_loss":0,"event_name":"Living Wall","floor":4,"gold_loss":0,"cards_upgraded":["Neutralize"]},{"damage_healed":0,"gold_gain":0,"player_choice":"Ignored","damage_taken":0,"max_hp_gain":0,"max_hp_loss":0,"event_name":"Cursed Tome","floor":19,"gold_loss":0}],"is_beta":false,"boss_relics":[{"not_picked":["HoveringKite","Snecko Eye"],"picked":"Runic Pyramid"}],"items_purged_floors":[8],"is_endless":false,"potions_floor_spawned":[3,5,6,14,16],"killed_by":"Cultist and Chosen","ascension_level":5}