{"gold_per_floor":[111,386,406,420,274,305,321,321,403,423,423,433,465,465,465,570,570,582,582,256,269,295,330,330,330,330,330,344,378,390,402,414,521,533,563,255,255,265,265,296,296,296,296,296,83,83,101,101,101,101,101,101,19,45,45],"floor_reached":55,"playtime":2485,"items_purged":["Regret","Strike_G","Strike_G"],"score":739,"play_id":"da438ffd-6e15-4ae3-b99e-25402a4bd47f","local_time":"20190426191440","is_ascension_mode":false,"campfire_choices":[{"floor":8.0,"key":"DIG"},{"floor":11.0,"key":"DIG"},{"data":"Noxious Fumes","floor":15.0,"key":"SMITH"},{"data":"Corpse Explosion","floor":24.0,"key":"SMITH"},{"floor":27.0,"key":"RECALL"},{"floor":30.0,"key":"REST"},{"floor":32.0,"key":"DIG"},{"data":"Burst","floor":41.0,"key":"SMITH"},{"floor":44.0,"key":"DIG"},{"data":"Footwork","floor":46.0,"key":"SMITH"},{"data":"Deflect","floor":49.0,"key":"SMITH"},{"data":"Dodge and Roll","floor":52.0,"key":"SMITH"}],"neow_cost":"NONE","seed_source_timestamp":0,"circlet_count":0,"master_deck":["Defend_G","Defend_G","Defend_G","Defend_G+1","Defend_G","Strike_G","Strike_G","Survivor","Neutralize+1","Dagger Spray","Poisoned Stab","Crippling Poison","Noxious Fumes+1","Predator","Dodge and Roll+1","Deflect","Corpse Explosion+1","Crippling Poison+1","Enlightenment+1","Backflip","Burst+1","Dodge and Roll+1","Catalyst+1","Purity","Footwork+1","Deflect+1","Good Instincts","Dodge and Roll+1"],"special_seed":0,"relics":["Ring of the Serpent","Shovel","Omamori","Mercury Hourglass","Strawberry","Bag of Marbles","Velvet Choker","Calipers","Centennial Puzzle","War Paint","Prayer Wheel","MawBank","Ice Cream","TwistedFunnel","Potion Belt","Turnip","Bronze Scales","Snake Skull","Nunchaku"],"potions_floor_usage":[55,55,55,55],"damage_taken":[{"damage":1.0,"enemies":"Cultist","floor":1.0,"turns":4.0},{"damage":3.0,"enemies":"Jaw Worm","floor":3.0,"turns":3.0},{"damage":0.0,"enemies":"Small Slimes","floor":4.0,"turns":2.0},{"damage":17.0,"enemies":"3 Sentries","floor":6.0,"turns":6.0},{"damage":10.0,"enemies":"Exordium Wildlife","floor":7.0,"turns":6.0},{"damage":3.0,"enemies":"Large Slime","floor":10.0,"turns":6.0},{"damage":0.0,"enemies":"2 Fungi Beasts","floor":12.0,"turns":2.0},{"damage":34.0,"enemies":"Gremlin Nob","floor":13.0,"turns":5.0},{"damage":4.0,"enemies":"The Guardian","floor":16.0,"turns":11.0},{"damage":6.0,"enemies":"2 Thieves","floor":18.0,"turns":3.0},{"damage":2.0,"enemies":"Shell Parasite","floor":21.0,"turns":5.0},{"damage":19.0,"enemies":"Book of Stabbing","floor":23.0,"turns":6.0},{"damage":13.0,"enemies":"Snecko","floor":28.0,"turns":4.0},{"damage":8.0,"enemies":"Gremlin Leader","floor":29.0,"turns":6.0},{"damage":44.0,"enemies":"Collector","floor":33.0,"turns":10.0},{"damage":25.0,"enemies":"3 Darklings","floor":35.0,"turns":3.0},{"damage":0.0,"enemies":"3 Shapes","floor":38.0,"turns":2.0},{"damage":22.0,"enemies":"Nemesis","floor":40.0,"turns":5.0},{"damage":0.0,"enemies":"Sphere and 2 Shapes","floor":47.0,"turns":2.0},{"damage":5.0,"enemies":"Time Eater","floor":50.0,"turns":7.0},{"damage":12.0,"enemies":"Shield and Spear","floor":54.0,"turns":2.0},{"damage":56,"enemies":"The Heart","floor":55,"turns":8}],"seed_played":"7019190078359851905","potions_obtained":[{"floor":1.0,"key":"Block Potion"},{"floor":6.0,"key":"SteroidPotion"},{"floor":10.0,"key":"Regen Potion"},{"floor":13.0,"key":"EssenceOfSteel"},{"floor":18.0,"key":"Strength Potion"},{"floor":28.0,"key":"SteroidPotion"},{"floor":33.0,"key":"Strength Potion"},{"floor":40.0,"key":"SpeedPotion"}],"is_trial":false,"path_per_floor":["M","?","M","M","$","E","M","R","T","M","R","M","E","?","R","B",null,"M","?","$","M","T","E","R","?","T","R","M","E","R","?","R","B",null,"M","$","?","M","?","E","R","?","T","R","$","R","M","$","R","B",null,"R","$","E","B"],"character_chosen":"THE_SILENT","items_purchased":["Noxious Fumes","Centennial Puzzle","Enlightenment","TwistedFunnel","Snake Skull","Footwork","Good Instincts"],"campfire_rested":1,"item_purchase_floors":[5,20,20,36,45,45,53],"current_hp_per_floor":[69,69,66,66,66,49,39,39,39,36,43,43,23,23,23,19,77,71,71,71,69,69,50,50,50,50,50,37,29,52,52,52,8,77,52,52,52,52,52,30,30,67,67,67,67,67,67,67,67,62,67,67,67,55,0],"gold":45,"neow_bonus":"UPGRADE_CARD","is_prod":false,"is_daily":false,"chose_seed":false,"campfire_upgraded":6,"win_rate":0,"timestamp":1556320480,"path_taken":["M","?","?","M","$","E","M","R","T","M","R","M","E","?","R","BOSS","M","?","$","M","?","E","R","?","T","R","M","E","R","?","R","BOSS","M","$","?","?","?","E","R","?","T","R","$","R","M","?","R","BOSS","R","$","E","BOSS"],"build_version":"2019-01-23","purchased_purges":3,"victory":false,"max_hp_per_floor":[70,70,70,70,70,70,70,70,70,70,77,77,77,77,77,77,77,77,77,77,77,77,77,77,77,77,77,77,77,77,77,77,77,77,77,77,77,77,77,77,77,67,67,67,67,67,67,67,67,67,67,67,67,67,67],"card_choices":[{"not_picked":["Blade Dance","PiercingWail"],"picked":"Dagger Spray","floor":1.0},{"not_picked":["Sucker Punch","Distraction"],"picked":"Poisoned Stab","floor":3.0},{"not_picked":["Reflex","Outmaneuver"],"picked":"Crippling Poison","floor":4.0},{"not_picked":["Caltrops","Tactician","Flying Knee"],"picked":"SKIP","floor":6.0},{"not_picked":["Choke","Outmaneuver"],"picked":"Predator","floor":7.0},{"not_picked":["Backflip","Reflex"],"picked":"Dodge and Roll","floor":10.0},{"not_picked":["Tactician","Dagger Spray"],"picked":"Deflect","floor":12.0},{"not_picked":["Eviscerate","Dagger Throw","Riddle With Holes"],"picked":"SKIP","floor":13.0},{"not_picked":["Tools of the Trade","Bullet Time"],"picked":"Corpse Explosion","floor":16.0},{"not_picked":["Endless Agony+1","Flying Knee"],"picked":"Crippling Poison+1","floor":18.0},{"not_picked":["Slice+1","Flying Knee","Dagger Throw"],"picked":"SKIP","floor":21.0},{"not_picked":["Sucker Punch","Well Laid Plans","Endless Agony+1"],"picked":"SKIP","floor":23.0},{"not_picked":["Quick Slash","Outmaneuver","Storm of Steel"],"picked":"SKIP","floor":28.0},{"not_picked":["Backflip","Dagger Spray+1","Terror"],"picked":"SKIP","floor":28.0},{"not_picked":["Dagger Spray+1","Terror"],"picked":"Backflip","floor":28.0},{"not_picked":["Quick Slash","Outmaneuver","Storm of Steel"],"picked":"SKIP","floor":28.0},{"not_picked":["Crippling Poison","Bane","Expertise"],"picked":"SKIP","floor":29.0},{"not_picked":["Wraith Form v2","A Thousand Cuts"],"picked":"Burst","floor":33.0},{"not_picked":["Deadly Poison+1","PiercingWail"],"picked":"Dodge and Roll+1","floor":35.0},{"not_picked":["Underhanded Strike","Expertise+1","PiercingWail+1"],"picked":"SKIP","floor":35.0},{"not_picked":["Blur+1","Outmaneuver+1"],"picked":"Catalyst+1","floor":38.0},{"not_picked":["Bane+1","Dagger Throw","Dodge and Roll"],"picked":"SKIP","floor":38.0},{"not_picked":["Dark Shackles","Good Instincts"],"picked":"Purity","floor":39.0},{"not_picked":["Escape Plan","Prepared","Underhanded Strike"],"picked":"SKIP","floor":40.0},{"not_picked":["Calculated Gamble","Caltrops+1"],"picked":"Deflect","floor":47.0},{"not_picked":["Slice+1","Accuracy","Burst"],"picked":"SKIP","floor":47.0},{"not_picked":["Flying Knee+1","Bane+1"],"picked":"Dodge and Roll+1","floor":54.0}],"player_experience":699865,"relics_obtained":[{"floor":6.0,"key":"Shovel"},{"floor":8.0,"key":"Omamori"},{"floor":9.0,"key":"Mercury Hourglass"},{"floor":11.0,"key":"Strawberry"},{"floor":13.0,"key":"Bag of Marbles"},{"floor":22.0,"key":"War Paint"},{"floor":23.0,"key":"Prayer Wheel"},{"floor":29.0,"key":"MawBank"},{"floor":32.0,"key":"Ice Cream"},{"floor":40.0,"key":"Potion Belt"},{"floor":43.0,"key":"Turnip"},{"floor":44.0,"key":"Bronze Scales"},{"floor":54.0,"key":"Nunchaku"}],"event_choices":[{"damage_healed":0.0,"max_hp_gain":0.0,"max_hp_loss":0.0,"gold_gain":275.0,"event_name":"Golden Shrine","player_choice":"Desecrate","floor":2.0,"gold_loss":0.0,"damage_taken":0.0,"cards_obtained":["Regret"]},{"damage_healed":0.0,"max_hp_gain":0.0,"max_hp_loss":0.0,"gold_gain":0.0,"event_name":"Liars Game","player_choice":"Ignored","floor":14.0,"gold_loss":0.0,"damage_taken":0.0},{"damage_healed":0.0,"max_hp_gain":0.0,"max_hp_loss":0.0,"gold_gain":0.0,"event_name":"The Mausoleum","player_choice":"Opened","floor":19.0,"gold_loss":0.0,"damage_taken":0.0,"relics_obtained":["Calipers"],"cards_obtained":["Writhe"]},{"damage_healed":0.0,"max_hp_gain":0.0,"max_hp_loss":0.0,"gold_gain":0.0,"event_name":"Ghosts","player_choice":"Ignored","floor":25.0,"gold_loss":0.0,"damage_taken":0.0},{"damage_healed":0.0,"max_hp_gain":0.0,"max_hp_loss":0.0,"gold_gain":0.0,"event_name":"Vampires","player_choice":"Ignored","floor":31.0,"gold_loss":0.0,"damage_taken":0.0},{"cards_removed":["Strike_G"],"damage_healed":0.0,"max_hp_gain":0.0,"max_hp_loss":0.0,"gold_gain":0.0,"event_name":"Bonfire Elementals","player_choice":"Offered Basic","floor":37.0,"gold_loss":0.0,"damage_taken":0.0},{"damage_healed":0.0,"max_hp_gain":0.0,"max_hp_loss":0.0,"gold_gain":0.0,"event_name":"SensoryStone","player_choice":"Memory 1","floor":39.0,"gold_loss":0.0,"damage_taken":0.0},{"damage_healed":67.0,"max_hp_gain":0.0,"max_hp_loss":10.0,"gold_gain":0.0,"event_name":"The Moai Head","player_choice":"Heal","floor":42.0,"gold_loss":0.0,"damage_taken":0.0}],"is_beta":false,"boss_relics":[{"not_picked":["Fusion Hammer","Lizard Tail"],"picked":"Velvet Choker"},{"not_picked":["Philosopher\u0027s Stone","Calling Bell"],"picked":"Ring of the Serpent"}],"items_purged_floors":[5,20,36],"is_endless":false,"potions_floor_spawned":[1,6,10,13,18,28,33,35,40],"killed_by":"The Heart","ascension_level":0}