{"gold_per_floor":[112,112,27,43,43,43,74,74,100,100],"floor_reached":10,"playtime":355,"items_purged":[],"score":128,"play_id":"8ce019f0-ce27-41ea-abdc-ebb9970332df","local_time":"20190412174141","is_ascension_mode":true,"campfire_choices":[{"data":"Body Slam","floor":6,"key":"SMITH"}],"neow_cost":"PERCENT_DAMAGE","seed_source_timestamp":201574322043879,"circlet_count":0,"master_deck":["AscendersBane","Strike_R","Strike_R","Strike_R","Strike_R","Defend_R","Defend_R","Defend_R","Defend_R","Bash","True Grit","Headbutt","True Grit","Body Slam+1","Immolate"],"relics":["Burning Blood","Bag of Preparation","The Courier","Regal Pillow"],"potions_floor_usage":[7],"damage_taken":[{"damage":5,"enemies":"Small Slimes","floor":1,"turns":3},{"damage":2,"enemies":"2 Louse","floor":4,"turns":4},{"damage":24,"enemies":"Gremlin Nob","floor":7,"turns":4},{"damage":13,"enemies":"Lagavulin","floor":10,"turns":3}],"seed_played":"3265234867006310637","potions_obtained":[{"floor":4,"key":"SkillPotion"}],"is_trial":false,"path_per_floor":["M","?","$","M","?","R","E","?","T","E"],"character_chosen":"IRONCLAD","items_purchased":["Headbutt","True Grit"],"campfire_rested":0,"item_purchase_floors":[3,3],"current_hp_per_floor":[65,30,30,34,27,27,9,9,9,0],"gold":100,"neow_bonus":"TWENTY_PERCENT_HP_BONUS","is_prod":false,"is_daily":false,"chose_seed":false,"campfire_upgraded":1,"win_rate":0,"timestamp":1555105301,"path_taken":["M","?","$","M","?","R","E","?","T","E"],"build_version":"2019-01-23","purchased_purges":0,"victory":false,"max_hp_per_floor":[89,89,89,89,89,89,89,89,89,89],"card_choices":[{"not_picked":["Flex","Second Wind"],"picked":"True Grit","floor":1},{"not_picked":["Dual Wield","Shrug It Off"],"picked":"Body Slam","floor":4},{"not_picked":["Whirlwind","Perfected Strike"],"picked":"Immolate","floor":7}],"player_experience":863439,"relics_obtained":[{"floor":7,"key":"The Courier"},{"floor":9,"key":"Regal Pillow"}],"event_choices":[{"damage_healed":0,"gold_gain":0,"player_choice":"Success","damage_taken":35,"relics_obtained":["Bag of Preparation"],"max_hp_gain":0,"max_hp_loss":0,"event_name":"Scrap Ooze","floor":2,"gold_loss":0},{"cards_removed":["Strike_R"],"damage_healed":0,"gold_gain":0,"player_choice":"Card Removal","damage_taken":7,"max_hp_gain":0,"max_hp_loss":0,"event_name":"Golden Wing","floor":5,"gold_loss":0},{"damage_healed":0,"gold_gain":0,"player_choice":"Ignored","damage_taken":0,"max_hp_gain":0,"max_hp_loss":0,"event_name":"Shining Light","floor":8,"gold_loss":0}],"is_beta":false,"boss_relics":[],"items_purged_floors":[],"is_endless":false,"potions_floor_spawned":[4],"killed_by":"Lagavulin","ascension_level":20}