{"gold_per_floor":[119,131,131,131,131,169,193,209,233,249,249,270,270,270,270,360,360,381,75,96,46,65,65,83,83,107,107,121,146,164,179,179,272,272,296,309,325,325,325,325,369,394,394,409,79,104,63,63,63,63],"floor_reached":51,"playtime":2838,"items_purged":["Defend_G"],"score":1246,"play_id":"6b15a6a8-7937-4328-b244-7e5526f87bab","local_time":"20190127000031","is_ascension_mode":true,"campfire_choices":[{"floor":11.0,"key":"REST"},{"data":"Noxious Fumes","floor":13.0,"key":"SMITH"},{"data":"Crippling Poison","floor":15.0,"key":"SMITH"},{"floor":23.0,"key":"REST"},{"data":"Leg Sweep","floor":27.0,"key":"SMITH"},{"floor":32.0,"key":"REST"},{"floor":40.0,"key":"REST"},{"data":"Catalyst","floor":49.0,"key":"SMITH"}],"neow_cost":"NONE","seed_source_timestamp":336336093057947,"circlet_count":0,"master_deck":["AscendersBane","Defend_G","Defend_G","Defend_G","Defend_G","Survivor","Neutralize","Cloak And Dagger","Dodge and Roll","Leg Sweep+1","Crippling Poison+1","Bane","Noxious Fumes+1","Riddle With Holes","Corpse Explosion+1","Night Terror+1","Quick Slash+1","Glass Knife+1","Blur","Noxious Fumes","Well Laid Plans","Poisoned Stab+1","Footwork","Bouncing Flask","Backflip+1","Catalyst+1"],"special_seed":0,"relics":["Philosopher\u0027s Stone","Golden Idol","Boot","PreservedInsect","TwistedFunnel","Nloth\u0027s Gift","Anchor","Sozu","Omamori","Centennial Puzzle","The Specimen"],"potions_floor_usage":[50],"damage_taken":[{"damage":3.0,"enemies":"Jaw Worm","floor":1.0,"turns":5.0},{"damage":5.0,"enemies":"Small Slimes","floor":2.0,"turns":3.0},{"damage":51.0,"enemies":"Lagavulin","floor":6.0,"turns":15.0},{"damage":0.0,"enemies":"Cultist","floor":7.0,"turns":4.0},{"damage":0.0,"enemies":"Looter","floor":8.0,"turns":4.0},{"damage":2.0,"enemies":"Blue Slaver","floor":10.0,"turns":4.0},{"damage":1.0,"enemies":"Red Slaver","floor":12.0,"turns":6.0},{"damage":4.0,"enemies":"The Guardian","floor":16.0,"turns":10.0},{"damage":5.0,"enemies":"3 Byrds","floor":18.0,"turns":2.0},{"damage":5.0,"enemies":"Shell Parasite","floor":20.0,"turns":5.0},{"damage":17.0,"enemies":"Snecko","floor":22.0,"turns":5.0},{"damage":2.0,"enemies":"Shelled Parasite and Fungi","floor":24.0,"turns":4.0},{"damage":1.0,"enemies":"Centurion and Healer","floor":28.0,"turns":4.0},{"damage":2.0,"enemies":"3 Cultists","floor":29.0,"turns":3.0},{"damage":14.0,"enemies":"Snake Plant","floor":30.0,"turns":3.0},{"damage":0.0,"enemies":"Centurion and Healer","floor":31.0,"turns":4.0},{"damage":38.0,"enemies":"Automaton","floor":33.0,"turns":9.0},{"damage":0.0,"enemies":"3 Shapes","floor":35.0,"turns":4.0},{"damage":3.0,"enemies":"3 Darklings","floor":36.0,"turns":4.0},{"damage":20.0,"enemies":"Writhing Mass","floor":37.0,"turns":7.0},{"damage":14.0,"enemies":"Nemesis","floor":41.0,"turns":5.0},{"damage":9.0,"enemies":"4 Shapes","floor":42.0,"turns":3.0},{"damage":6.0,"enemies":"Sphere and 2 Shapes","floor":44.0,"turns":4.0},{"damage":1.0,"enemies":"Maw","floor":46.0,"turns":6.0},{"damage":58,"enemies":"Awakened One","floor":50,"turns":13}],"seed_played":"-423199133563711762","potions_obtained":[{"floor":5.0,"key":"GamblersBrew"},{"floor":5.0,"key":"FairyPotion"},{"floor":6.0,"key":"PowerPotion"},{"floor":7.0,"key":"Block Potion"},{"floor":8.0,"key":"Fire Potion"},{"floor":22.0,"key":"PowerPotion"},{"floor":28.0,"key":"Dexterity Potion"},{"floor":29.0,"key":"Poison Potion"}],"is_trial":false,"path_per_floor":["M","M","?","?","?","E","M","M","T","M","R","M","R","?","R","B",null,"M","$","M","?","M","R","M","?","T","R","M","M","M","M","R","B",null,"M","M","M","?","?","R","E","M","T","M","$","M","$","?","R","B",null],"character_chosen":"THE_SILENT","items_purchased":["TwistedFunnel","The Specimen","Catalyst"],"campfire_rested":4,"item_purchase_floors":[19,45,47],"current_hp_per_floor":[56,51,51,51,51,6,6,6,6,4,22,21,21,41,41,37,54,49,49,44,44,27,45,43,43,43,43,42,40,26,26,44,6,47,47,44,24,24,24,42,28,19,19,13,13,12,12,60,60,2],"gold":63,"neow_bonus":"BOSS_RELIC","is_prod":false,"is_daily":false,"chose_seed":false,"campfire_upgraded":4,"win_rate":0,"timestamp":1548565231,"path_taken":["M","M","?","?","?","E","?","M","T","M","R","M","R","?","R","BOSS","M","$","M","?","?","R","M","?","T","R","?","M","M","M","R","BOSS","M","M","?","?","?","R","E","?","T","M","$","M","$","?","R","BOSS"],"build_version":"2019-01-23","purchased_purges":1,"victory":true,"max_hp_per_floor":[66,66,60,60,60,60,60,60,60,60,60,60,60,60,60,60,60,60,60,60,60,60,60,60,60,60,60,60,60,60,60,60,60,60,60,60,60,60,60,60,60,60,60,60,60,60,60,60,60,60],"card_choices":[{"not_picked":["Slice","Bane"],"picked":"Cloak And Dagger","floor":1.0},{"not_picked":["Flechettes","Concentrate"],"picked":"Dodge and Roll","floor":2.0},{"not_picked":["Flying Knee","Acrobatics"],"picked":"Crippling Poison","floor":6.0},{"not_picked":["Slice","Dodge and Roll"],"picked":"Bane","floor":7.0},{"not_picked":["Slice","Escape Plan"],"picked":"Noxious Fumes","floor":8.0},{"not_picked":["Setup","Deflect","Outmaneuver"],"picked":"SKIP","floor":10.0},{"not_picked":["Acrobatics","After Image"],"picked":"Riddle With Holes","floor":12.0},{"not_picked":["Adrenaline","Grand Finale"],"picked":"Corpse Explosion","floor":16.0},{"not_picked":["Outmaneuver","Riddle With Holes"],"picked":"Blur","floor":18.0},{"not_picked":["All Out Attack","Acrobatics"],"picked":"Noxious Fumes","floor":20.0},{"not_picked":["Underhanded Strike","Acrobatics"],"picked":"Well Laid Plans","floor":22.0},{"not_picked":["Endless Agony","Underhanded Strike+1"],"picked":"Poisoned Stab+1","floor":24.0},{"not_picked":["Accuracy","Acrobatics","Expertise"],"picked":"SKIP","floor":28.0},{"not_picked":["Choke","Setup","Bane"],"picked":"SKIP","floor":29.0},{"not_picked":["Riddle With Holes+1","Caltrops","Poisoned Stab"],"picked":"SKIP","floor":30.0},{"not_picked":["Infinite Blades","Dodge and Roll","Eviscerate"],"picked":"SKIP","floor":31.0},{"not_picked":["Escape Plan","Quick Slash+1"],"picked":"Footwork","floor":35.0},{"not_picked":["Reflex","Sucker Punch+1","Infinite Blades"],"picked":"SKIP","floor":36.0},{"not_picked":["Prepared","Quick Slash","Flechettes+1"],"picked":"SKIP","floor":37.0},{"not_picked":["Endless Agony","PiercingWail","Sucker Punch"],"picked":"SKIP","floor":41.0},{"not_picked":["Prepared","Malaise","Deflect"],"picked":"SKIP","floor":42.0},{"not_picked":["Poisoned Stab","Sucker Punch"],"picked":"Backflip+1","floor":44.0},{"not_picked":["Acrobatics","Quick Slash","Backstab"],"picked":"SKIP","floor":46.0}],"player_experience":577260,"relics_obtained":[{"floor":6.0,"key":"Boot"},{"floor":9.0,"key":"PreservedInsect"},{"floor":26.0,"key":"Anchor"},{"floor":41.0,"key":"Omamori"},{"floor":43.0,"key":"Centennial Puzzle"}],"event_choices":[{"damage_healed":0.0,"max_hp_gain":0.0,"max_hp_loss":6.0,"gold_gain":0.0,"event_name":"Golden Idol","player_choice":"Lose Max HP","floor":3.0,"gold_loss":0.0,"damage_taken":0.0,"relics_obtained":["Golden Idol"]},{"damage_healed":0.0,"max_hp_gain":0.0,"max_hp_loss":0.0,"gold_gain":0.0,"cards_transformed":["Strike_G"],"event_name":"Living Wall","player_choice":"Change","floor":4.0,"gold_loss":0.0,"damage_taken":0.0,"cards_obtained":["Leg Sweep"]},{"damage_healed":0.0,"max_hp_gain":0.0,"max_hp_loss":0.0,"gold_gain":0.0,"event_name":"Lab","player_choice":"Got Potions","floor":5.0,"gold_loss":0.0,"damage_taken":0.0},{"damage_healed":20.0,"max_hp_gain":0.0,"max_hp_loss":0.0,"gold_gain":0.0,"event_name":"Big Fish","player_choice":"Banana","floor":14.0,"gold_loss":0.0,"damage_taken":0.0},{"damage_healed":0.0,"max_hp_gain":0.0,"max_hp_loss":0.0,"gold_gain":0.0,"event_name":"Designer","player_choice":"Upgrade","floor":21.0,"gold_loss":50.0,"damage_taken":0.0,"cards_upgraded":["Corpse Explosion"]},{"damage_healed":0.0,"max_hp_gain":0.0,"max_hp_loss":0.0,"gold_gain":0.0,"event_name":"N\u0027loth","player_choice":"Traded Relic","floor":25.0,"relics_lost":["Astrolabe"],"gold_loss":0.0,"damage_taken":0.0,"relics_obtained":["Nloth\u0027s Gift"]},{"damage_healed":0.0,"max_hp_gain":0.0,"max_hp_loss":0.0,"gold_gain":0.0,"event_name":"SensoryStone","player_choice":"Memory 1","floor":38.0,"gold_loss":0.0,"damage_taken":0.0},{"damage_healed":0.0,"max_hp_gain":0.0,"max_hp_loss":0.0,"gold_gain":0.0,"cards_transformed":["Strike_G"],"event_name":"Transmorgrifier","player_choice":"Transformed","floor":39.0,"gold_loss":0.0,"damage_taken":0.0,"cards_obtained":["Bouncing Flask"]},{"damage_healed":48.0,"max_hp_gain":0.0,"max_hp_loss":0.0,"gold_gain":0.0,"event_name":"MindBloom","player_choice":"Heal","floor":48.0,"gold_loss":0.0,"damage_taken":0.0,"cards_obtained":["Doubt"]}],"is_beta":false,"boss_relics":[{"not_picked":["Fusion Hammer","White Beast Statue"],"picked":"Astrolabe"},{"not_picked":["Coffee Dripper","HoveringKite"],"picked":"Sozu"}],"items_purged_floors":[19],"is_endless":false,"potions_floor_spawned":[6,7,8,12,22,28,29,31,36,37,42,46],"ascension_level":17}