{"gold_per_floor":[119,79,154,115,128,128,128,154,154,164,164,164,164,179,179,305,305,329,217,142,163,12,12,31,31,56,56,69,84,174,1,1,122,122,147,147,161,182,203,203,217,342,367,367,385,0,18,18,18,18,18,18,18,49,49],"floor_reached":56,"playtime":3307,"items_purged":["Strike_G","Strike_G","Strike_G"],"score":1222,"play_id":"97c1dac8-90df-4830-a462-bd99177ce6dc","local_time":"20190427153930","is_ascension_mode":false,"campfire_choices":[{"data":"Noxious Fumes","floor":6.0,"key":"SMITH"},{"data":"Neutralize","floor":11.0,"key":"SMITH"},{"data":"Catalyst","floor":13.0,"key":"SMITH"},{"data":"Prepared","floor":15.0,"key":"SMITH"},{"data":"Catalyst","floor":23.0,"key":"SMITH"},{"data":"Deflect","floor":27.0,"key":"SMITH"},{"floor":32.0,"key":"REST"},{"floor":40.0,"key":"RECALL"},{"floor":44.0,"key":"REST"},{"floor":49.0,"key":"REST"},{"floor":52.0,"key":"REST"}],"neow_cost":"NONE","seed_source_timestamp":0,"circlet_count":0,"master_deck":["Defend_G","Defend_G","Defend_G","Defend_G","Strike_G","Survivor","Neutralize+1","Prepared+1","Noxious Fumes+1","Catalyst+1","Cloak And Dagger","All Out Attack","Deadly Poison","Bane","Doppelganger","Backflip+1","Catalyst+1","Dagger Spray","Bouncing Flask+1","Footwork+1","Deflect+1","Backflip","Blur+1","Deflect","Well Laid Plans+1","Footwork+1","Dodge and Roll","Burst","Backflip","Deadly Poison+1","Cloak And Dagger+1","Cloak And Dagger+1","Burst","Backflip","Dodge and Roll","After Image+1"],"special_seed":0,"relics":["Eternal Feather","Frozen Egg 2","Bottled Tornado","Golden Idol","Orrery","Blood Vial","Fusion Hammer","Calipers","Mummified Hand","Incense Burner"],"potions_floor_usage":[55,55,55],"damage_taken":[{"damage":0.0,"enemies":"2 Louse","floor":1.0,"turns":3.0},{"damage":5.0,"enemies":"Small Slimes","floor":5.0,"turns":4.0},{"damage":52.0,"enemies":"Gremlin Nob","floor":8.0,"turns":6.0},{"damage":0.0,"enemies":"Jaw Worm","floor":10.0,"turns":3.0},{"damage":15.0,"enemies":"Exordium Thugs","floor":14.0,"turns":4.0},{"damage":8.0,"enemies":"Hexaghost","floor":16.0,"turns":8.0},{"damage":7.0,"enemies":"Shell Parasite","floor":18.0,"turns":4.0},{"damage":0.0,"enemies":"Spheric Guardian","floor":21.0,"turns":3.0},{"damage":0.0,"enemies":"Shelled Parasite and Fungi","floor":24.0,"turns":5.0},{"damage":2.0,"enemies":"Snecko","floor":28.0,"turns":4.0},{"damage":20.0,"enemies":"Centurion and Healer","floor":29.0,"turns":6.0},{"damage":0.0,"enemies":"Automaton","floor":33.0,"turns":10.0},{"damage":9.0,"enemies":"3 Darklings","floor":35.0,"turns":6.0},{"damage":5.0,"enemies":"3 Shapes","floor":37.0,"turns":4.0},{"damage":1.0,"enemies":"Jaw Worm Horde","floor":38.0,"turns":6.0},{"damage":0.0,"enemies":"Spire Growth","floor":39.0,"turns":3.0},{"damage":12.0,"enemies":"Sphere and 2 Shapes","floor":41.0,"turns":5.0},{"damage":0.0,"enemies":"Mind Bloom Boss Battle","floor":42.0,"turns":5.0},{"damage":4.0,"enemies":"Writhing Mass","floor":45.0,"turns":2.0},{"damage":0.0,"enemies":"Spire Growth","floor":47.0,"turns":3.0},{"damage":46.0,"enemies":"Donu and Deca","floor":50.0,"turns":8.0},{"damage":29.0,"enemies":"Shield and Spear","floor":54.0,"turns":5.0},{"damage":19,"enemies":"The Heart","floor":55,"turns":10}],"seed_played":"-224603550348804876","potions_obtained":[{"floor":5.0,"key":"FearPotion"},{"floor":14.0,"key":"SneckoOil"},{"floor":24.0,"key":"SteroidPotion"},{"floor":29.0,"key":"GhostInAJar"},{"floor":41.0,"key":"EssenceOfSteel"},{"floor":42.0,"key":"PowerPotion"},{"floor":45.0,"key":"Swift Potion"}],"is_trial":false,"path_per_floor":["M","$","?","$","M","R","?","E","T","M","R","?","R","M","R","B",null,"M","$","?","M","$","R","M","?","T","R","M","M","?","$","R","B",null,"M","?","M","M","M","R","M","?","T","R","M","$","M","$","R","B",null,"R","$","E","B",null],"character_chosen":"THE_SILENT","items_purchased":["Noxious Fumes","Catalyst","Footwork+1","Backflip","Footwork+1","Dodge and Roll","GhostInAJar","Mummified Hand"],"campfire_rested":4,"item_purchase_floors":[2,4,19,22,31,31,31,46],"current_hp_per_floor":[70,70,59,59,54,63,56,4,4,4,13,13,22,7,16,8,65,58,58,58,58,58,65,65,65,65,65,63,45,33,33,65,65,65,56,56,53,54,56,65,53,55,55,65,61,61,63,63,65,19,65,65,65,36,19],"gold":49,"neow_bonus":"BOSS_RELIC","is_prod":false,"is_daily":false,"chose_seed":false,"campfire_upgraded":6,"win_rate":0,"timestamp":1556393970,"path_taken":["M","$","?","$","M","R","?","E","T","M","R","?","R","M","R","BOSS","M","$","?","M","$","R","M","?","T","R","?","?","?","?","R","BOSS","M","?","M","M","M","R","M","?","T","R","M","?","M","$","R","BOSS","R","$","E","BOSS"],"build_version":"2019-01-23","purchased_purges":3,"victory":true,"max_hp_per_floor":[70,70,70,70,70,70,70,70,70,70,70,65,65,65,65,65,65,65,65,65,65,65,65,65,65,65,65,65,65,65,65,65,65,65,65,65,65,65,65,65,65,65,65,65,65,65,65,65,65,65,65,65,65,65,65],"card_choices":[{"not_picked":["Poisoned Stab","Acrobatics"],"picked":"Prepared","floor":1.0},{"not_picked":["Outmaneuver","Caltrops"],"picked":"Cloak And Dagger","floor":5.0},{"not_picked":["Distraction","Calculated Gamble"],"picked":"All Out Attack","floor":8.0},{"not_picked":["Prepared","Dagger Throw"],"picked":"Deadly Poison","floor":10.0},{"not_picked":["Slice","Flying Knee"],"picked":"Bane","floor":14.0},{"not_picked":["Grand Finale","Storm of Steel"],"picked":"Doppelganger","floor":16.0},{"not_picked":["Flying Knee","Acrobatics"],"picked":"Backflip","floor":17.0},{"not_picked":["Setup","Deflect"],"picked":"Catalyst","floor":17.0},{"not_picked":["Accuracy+1","Bane"],"picked":"Dagger Spray","floor":17.0},{"not_picked":["Sucker Punch","Deadly Poison"],"picked":"Bouncing Flask+1","floor":18.0},{"not_picked":["Bouncing Flask","Quick Slash"],"picked":"Deflect","floor":21.0},{"not_picked":["Choke","Quick Slash+1"],"picked":"Blur+1","floor":24.0},{"not_picked":["Underhanded Strike+1","Poisoned Stab"],"picked":"Deflect","floor":28.0},{"not_picked":["Bullet Time","Prepared+1"],"picked":"Well Laid Plans+1","floor":29.0},{"not_picked":["Malaise","A Thousand Cuts+1"],"picked":"Burst","floor":33.0},{"not_picked":["Flying Knee+1","Predator+1"],"picked":"Backflip","floor":35.0},{"not_picked":["Finisher","Dagger Spray","Flechettes+1"],"picked":"SKIP","floor":37.0},{"not_picked":["PiercingWail","Underhanded Strike"],"picked":"Deadly Poison+1","floor":38.0},{"not_picked":["Predator","Heel Hook"],"picked":"Cloak And Dagger+1","floor":39.0},{"not_picked":["PiercingWail+1","Expertise"],"picked":"Cloak And Dagger+1","floor":41.0},{"not_picked":["Underhanded Strike+1","Masterful Stab+1"],"picked":"Burst","floor":42.0},{"not_picked":["Flying Knee+1","Infinite Blades+1"],"picked":"Backflip","floor":45.0},{"not_picked":["Underhanded Strike","Flechettes+1"],"picked":"Dodge and Roll","floor":47.0},{"not_picked":["Flying Knee+1","Tactician+1"],"picked":"After Image+1","floor":54.0}],"player_experience":702350,"relics_obtained":[{"floor":8.0,"key":"Frozen Egg 2"},{"floor":9.0,"key":"Bottled Tornado"},{"floor":26.0,"key":"Blood Vial"},{"floor":42.0,"key":"Calipers"},{"floor":54.0,"key":"Incense Burner"}],"event_choices":[{"damage_healed":0.0,"max_hp_gain":0.0,"max_hp_loss":0.0,"gold_gain":75.0,"event_name":"World of Goop","player_choice":"Gather Gold","floor":3.0,"gold_loss":0.0,"damage_taken":11.0},{"cards_removed":["Defend_G"],"damage_healed":0.0,"max_hp_gain":0.0,"max_hp_loss":0.0,"gold_gain":0.0,"event_name":"Golden Wing","player_choice":"Card Removal","floor":7.0,"gold_loss":0.0,"damage_taken":7.0},{"damage_healed":0.0,"max_hp_gain":0.0,"max_hp_loss":5.0,"gold_gain":0.0,"event_name":"Golden Idol","player_choice":"Lose Max HP","floor":12.0,"gold_loss":0.0,"damage_taken":0.0,"relics_obtained":["Golden Idol"]},{"cards_removed":["Strike_G"],"damage_healed":0.0,"max_hp_gain":0.0,"max_hp_loss":0.0,"gold_gain":0.0,"event_name":"Beggar","player_choice":"Gave Gold","floor":20.0,"gold_loss":75.0,"damage_taken":0.0},{"damage_healed":0.0,"max_hp_gain":0.0,"max_hp_loss":0.0,"gold_gain":0.0,"event_name":"Upgrade Shrine","player_choice":"Upgraded","floor":25.0,"gold_loss":0.0,"damage_taken":0.0,"cards_upgraded":["Backflip"]},{"damage_healed":0.0,"max_hp_gain":0.0,"max_hp_loss":0.0,"gold_gain":90.0,"event_name":"Knowing Skull","player_choice":"GOLD ","floor":30.0,"potions_obtained":[],"gold_loss":0.0,"damage_taken":12.0,"cards_obtained":[]},{"damage_healed":0.0,"max_hp_gain":0.0,"max_hp_loss":0.0,"gold_gain":0.0,"event_name":"Tomb of Lord Red Mask","player_choice":"Ignored","floor":36.0,"gold_loss":0.0,"damage_taken":0.0},{"damage_healed":0.0,"max_hp_gain":0.0,"max_hp_loss":0.0,"gold_gain":0.0,"event_name":"MindBloom","player_choice":"Fight","floor":42.0,"gold_loss":0.0,"damage_taken":0.0}],"is_beta":false,"boss_relics":[{"not_picked":["Calling Bell","Empty Cage"],"picked":"Orrery"},{"not_picked":["WristBlade","Lizard Tail"],"picked":"Fusion Hammer"}],"items_purged_floors":[19,22,46],"is_endless":false,"potions_floor_spawned":[5,14,24,29,41,42,45,47,54],"ascension_level":0}