{"gold_per_floor":[111,111,129,94,94,108,137,155,181,181,193,193,193,213,213,316,316,346,390,5,5],"floor_reached":21,"playtime":790,"items_purged":["Strike_B"],"score":311,"play_id":"2329f17b-cd1e-42dc-bda9-7880962e2b68","local_time":"20181229131204","is_ascension_mode":true,"campfire_choices":[{"data":"Chaos","floor":10.0,"key":"SMITH"},{"floor":12.0,"key":"REST"},{"data":"Doom and Gloom","floor":15.0,"key":"SMITH"}],"neow_cost":"NONE","seed_source_timestamp":365135533107159,"circlet_count":0,"master_deck":["AscendersBane","Strike_B","Strike_B","Defend_B","Defend_B","Defend_B","Defend_B","Zap","Dualcast","Echo Form","Doom and Gloom+1","Rebound","Conserve Battery","Defragment+1","Chaos+1","Cold Snap","Turbo","Biased Cognition+1","Decay","Normality","Decay","Loop+1","Capacitor+1","Cold Snap"],"special_seed":0,"relics":["Cracked Core","Frozen Egg 2","Lantern","Art of War","Calling Bell","MawBank","Pear","Girya","Red Mask","ClockworkSouvenir"],"potions_floor_usage":[],"damage_taken":[{"damage":8.0,"enemies":"Small Slimes","floor":1.0,"turns":4.0},{"damage":12.0,"enemies":"Jaw Worm","floor":3.0,"turns":3.0},{"damage":0.0,"enemies":"2 Louse","floor":6.0,"turns":2.0},{"damage":33.0,"enemies":"Gremlin Nob","floor":7.0,"turns":4.0},{"damage":8.0,"enemies":"Blue Slaver","floor":8.0,"turns":3.0},{"damage":6.0,"enemies":"3 Louse","floor":11.0,"turns":2.0},{"damage":9.0,"enemies":"2 Fungi Beasts","floor":14.0,"turns":3.0},{"damage":26.0,"enemies":"Hexaghost","floor":16.0,"turns":8.0},{"damage":19.0,"enemies":"Spheric Guardian","floor":18.0,"turns":5.0},{"damage":29.0,"enemies":"Masked Bandits","floor":19.0,"turns":4.0},{"damage":26,"enemies":"3 Byrds","floor":21,"turns":3}],"seed_played":"4541853882689861546","potions_obtained":[{"floor":1.0,"key":"PowerPotion"},{"floor":7.0,"key":"Poison Potion"},{"floor":11.0,"key":"Dexterity Potion"}],"is_trial":false,"path_per_floor":["M","?","M","?","T","M","E","M","T","R","M","R","?","M","R","B",null,"M","?","$","M"],"character_chosen":"DEFECT","items_purchased":["ClockworkSouvenir","Capacitor+1","Cold Snap"],"campfire_rested":1,"item_purchase_floors":[20,20,20],"current_hp_per_floor":[60,65,53,73,73,73,40,32,32,32,26,50,50,41,41,15,74,55,26,26,0],"gold":5,"neow_bonus":"ONE_RANDOM_RARE_CARD","is_prod":false,"is_daily":false,"chose_seed":false,"campfire_upgraded":2,"win_rate":0,"timestamp":1546107124,"path_taken":["M","?","M","?","?","M","E","M","T","R","?","R","?","M","R","BOSS","M","?","$","M"],"build_version":"2018-12-20","purchased_purges":1,"victory":false,"max_hp_per_floor":[75,80,80,80,80,80,80,80,80,80,80,80,80,80,80,80,90,90,90,90,90],"card_choices":[{"not_picked":["Storm","Chill"],"picked":"Doom and Gloom","floor":1.0},{"not_picked":["Steam","Stack"],"picked":"Rebound","floor":3.0},{"not_picked":["Go for the Eyes","Sweeping Beam"],"picked":"Conserve Battery","floor":6.0},{"not_picked":["Coolheaded","Sweeping Beam"],"picked":"Defragment+1","floor":7.0},{"not_picked":["Sweeping Beam","Gash"],"picked":"Chaos","floor":8.0},{"not_picked":["Steam","Defragment+1"],"picked":"Cold Snap","floor":11.0},{"not_picked":["Steam","Stack"],"picked":"Turbo","floor":14.0},{"not_picked":["Core Surge","Creative AI+1"],"picked":"Biased Cognition+1","floor":16.0},{"not_picked":["Melter","Beam Cell"],"picked":"Loop+1","floor":18.0}],"player_experience":451497,"relics_obtained":[{"floor":5.0,"key":"Frozen Egg 2"},{"floor":7.0,"key":"Lantern"},{"floor":9.0,"key":"Art of War"},{"floor":17.0,"key":"MawBank"},{"floor":17.0,"key":"Pear"},{"floor":17.0,"key":"Girya"},{"floor":19.0,"key":"Red Mask"}],"event_choices":[{"damage_healed":0.0,"max_hp_gain":5.0,"max_hp_loss":0.0,"gold_gain":0.0,"event_name":"Big Fish","player_choice":"Donut","floor":2.0,"gold_loss":0.0,"damage_taken":0.0},{"damage_healed":20.0,"max_hp_gain":0.0,"max_hp_loss":0.0,"gold_gain":0.0,"event_name":"The Cleric","player_choice":"Healed","floor":4.0,"gold_loss":35.0,"damage_taken":0.0},{"cards_removed":["Strike_B"],"damage_healed":0.0,"max_hp_gain":0.0,"max_hp_loss":0.0,"gold_gain":0.0,"event_name":"Living Wall","player_choice":"Forget","floor":13.0,"gold_loss":0.0,"damage_taken":0.0},{"damage_healed":0.0,"max_hp_gain":0.0,"max_hp_loss":0.0,"gold_gain":0.0,"event_name":"Masked Bandits","player_choice":"Fought Bandits","floor":19.0,"gold_loss":0.0,"damage_taken":0.0}],"is_beta":false,"boss_relics":[{"not_picked":["Runic Pyramid","Philosopher\u0027s Stone"],"picked":"Calling Bell"}],"items_purged_floors":[20],"is_endless":false,"potions_floor_spawned":[1,7,11],"killed_by":"3 Byrds","ascension_level":12}