{"gold_per_floor":[117,117,136,153,153,171,171,184,184,225,248,283,283,304,304,423,423,437,462,462,485,510,510,526,550,550,550],"floor_reached":27,"playtime":2351,"items_purged":[],"score":231,"play_id":"b5b42ffb-7680-46e0-943b-d9566a661235","local_time":"20180706213246","is_ascension_mode":false,"campfire_choices":[{"data":"Pommel Strike","floor":7.0,"key":"SMITH"},{"floor":15.0,"key":"REST"},{"floor":23,"key":"REST"}],"neow_cost":"","seed_source_timestamp":30192436625743,"circlet_count":0,"master_deck":["Strike_R","Strike_R","Strike_R","Strike_R","Defend_R","Defend_R","Defend_R","Defend_R","Bash","Battle Trance","Headbutt","Anger","Pommel Strike+1","Corruption","Ghostly Armor","Flex","Pommel Strike","Shrug It Off","Iron Wave","Rampage","Thunderclap","Pommel Strike","Anger+1","Clash","Carnage","Warcry","Shockwave+1","Second Wind"],"special_seed":0,"relics":["Burning Blood","Golden Idol","Dodecahedron","Orichalcum","Sundial","Orrery","Unceasing Top"],"potions_floor_usage":[25,27],"damage_taken":[{"damage":6.0,"enemies":"Jaw Worm","floor":1.0,"turns":3.0},{"damage":6.0,"enemies":"Cultist","floor":3.0,"turns":3.0},{"damage":2.0,"enemies":"Small Slimes","floor":4.0,"turns":3.0},{"damage":10.0,"enemies":"Gremlin Gang","floor":6.0,"turns":4.0},{"damage":21.0,"enemies":"3 Louse","floor":8.0,"turns":6.0},{"damage":16.0,"enemies":"Gremlin Nob","floor":10.0,"turns":3.0},{"damage":1.0,"enemies":"Large Slime","floor":11.0,"turns":3.0},{"damage":21.0,"enemies":"Lagavulin","floor":12.0,"turns":7.0},{"damage":6.0,"enemies":"Gremlin Gang","floor":14.0,"turns":5.0},{"damage":46.0,"enemies":"The Guardian","floor":16.0,"turns":5.0},{"damage":8,"enemies":"3 Byrds","floor":18,"turns":6},{"damage":11,"enemies":"Shell Parasite","floor":19,"turns":6},{"damage":16,"enemies":"Snecko","floor":21,"turns":5},{"damage":41,"enemies":"Slaver and Parasite","floor":22,"turns":7},{"damage":18,"enemies":"Centurion and Healer","floor":24,"turns":5},{"damage":28,"enemies":"Sentry and Sphere","floor":25,"turns":7},{"damage":40,"enemies":"Slavers","floor":27,"turns":3}],"seed_played":"5143958285735027074","potions_obtained":[{"floor":1.0,"key":"SkillPotion"},{"floor":4.0,"key":"Regen Potion"},{"floor":6.0,"key":"EntropicBrew"},{"floor":12.0,"key":"SkillPotion"},{"floor":14.0,"key":"Swift Potion"},{"floor":21,"key":"Block Potion"},{"floor":24,"key":"Strength Potion"}],"is_trial":false,"path_per_floor":["M","?","M","M","?","M","R","M","T","E","M","E","?","M","R","B",null,"M","M","?","M","M","R","M","M","T"],"character_chosen":"IRONCLAD","items_purchased":[],"campfire_rested":2,"item_purchase_floors":[],"current_hp_per_floor":[80,80,80,80,60,56,56,80,80,70,75,60,65,65,85,45,85,83,78,78,68,33,58,46,24,24,0],"gold":550,"neow_bonus":"","is_prod":false,"is_daily":false,"chose_seed":false,"campfire_upgraded":1,"win_rate":0.0,"timestamp":1530927166,"path_taken":["M","?","M","M","?","M","R","M","T","E","M","E","?","M","R","BOSS","M","?","?","M","M","R","M","M","T","E"],"build_version":"2018-07-05","purchased_purges":0,"victory":false,"max_hp_per_floor":[80,80,80,80,80,80,80,80,80,80,80,80,85,85,85,85,85,85,85,85,85,85,85,85,85,85,85],"card_choices":[{"not_picked":["Seeing Red","Sever Soul"],"picked":"Battle Trance","floor":1.0},{"not_picked":["Heavy Blade","Feel No Pain"],"picked":"Headbutt","floor":3.0},{"not_picked":["Rupture","Armaments"],"picked":"Anger","floor":4.0},{"not_picked":["Twin Strike","Rupture"],"picked":"Pommel Strike","floor":6.0},{"not_picked":["Clash","Juggernaut"],"picked":"Corruption","floor":8.0},{"not_picked":["Blood for Blood","Twin Strike"],"picked":"Ghostly Armor","floor":10.0},{"not_picked":["Twin Strike","Reckless Charge"],"picked":"Flex","floor":11.0},{"not_picked":["Rage","Bloodletting","Dual Wield"],"picked":"SKIP","floor":12.0},{"not_picked":["Reaper","Body Slam"],"picked":"Pommel Strike","floor":14.0},{"not_picked":["Armaments","Warcry"],"picked":"Shrug It Off","floor":17},{"not_picked":["Fire Breathing","Blood for Blood"],"picked":"Iron Wave","floor":17},{"not_picked":["Whirlwind","Warcry"],"picked":"Rampage","floor":17},{"not_picked":["Shrug It Off","Cleave"],"picked":"Thunderclap","floor":17},{"not_picked":["Clash","Warcry"],"picked":"Pommel Strike","floor":17},{"not_picked":["Armaments","Hemokinesis"],"picked":"Anger+1","floor":18},{"not_picked":["Entrench","Twin Strike","Iron Wave"],"picked":"SKIP","floor":19},{"not_picked":["Fire Breathing","Whirlwind"],"picked":"Carnage","floor":21},{"not_picked":["Infernal Blade","Armaments"],"picked":"Warcry","floor":22},{"not_picked":["Power Through","Uppercut"],"picked":"Shockwave+1","floor":24},{"not_picked":["Armaments","Sword Boomerang"],"picked":"Second Wind","floor":25}],"player_experience":11880,"relics_obtained":[{"floor":9.0,"key":"Dodecahedron"},{"floor":10.0,"key":"Orichalcum"},{"floor":12.0,"key":"Sundial"},{"floor":26,"key":"Unceasing Top"}],"event_choices":[{"event_name":"Bonfire Elementals","player_choice":"BASIC","floor":2.0,"damage_taken":0.0},{"event_name":"Golden Idol","player_choice":"Take Damage","floor":5.0,"damage_taken":0.0},{"event_name":"Big Fish","player_choice":"Donut","floor":13.0,"damage_taken":0.0},{"event_name":"The Library","player_choice":"Read","floor":20,"damage_taken":0}],"boss_relics":[{"not_picked":["Eternal Feather","Runic Dome"],"picked":"Orrery"}],"items_purged_floors":[],"is_endless":false,"potions_floor_spawned":[1,4,6,12,14,21,24],"killed_by":"Slavers","ascension_level":0}