{"gold_per_floor":[116,116,191,191,204,204,216,245,296,323,342,376,376,396,396,469,469,489,502,517,517,34,59,59,59,85,114,114,53,73,73,73,149,149,160,172,172,189,189,189,189,189,215,225,256,256,289,389,389,389,389,389,389,30,62,62],"floor_reached":57,"playtime":5246,"items_purged":["Writhe"],"score":2832,"play_id":"ad34be0d-ec55-4def-a8ab-444d007ec676","local_time":"20190425162509","is_ascension_mode":true,"campfire_choices":[{"data":"Crippling Poison","floor":6.0,"key":"SMITH"},{"floor":13.0,"key":"REST"},{"data":"All Out Attack","floor":15.0,"key":"SMITH"},{"floor":24.0,"key":"REST"},{"data":"Wraith Form v2","floor":28.0,"key":"SMITH"},{"data":"Catalyst","floor":32.0,"key":"SMITH"},{"floor":40.0,"key":"RECALL"},{"data":"Footwork","floor":42.0,"key":"SMITH"},{"data":"Noxious Fumes","floor":49.0,"key":"SMITH"},{"floor":53,"key":"REST"}],"neow_cost":"NONE","seed_source_timestamp":0,"circlet_count":0,"master_deck":["AscendersBane","Defend_G+1","Defend_G+1","Defend_G+1","Defend_G+1","Defend_G+1","Strike_G+1","Strike_G+1","Strike_G+1","Survivor","Neutralize+1","Sucker Punch","Dagger Throw+1","Crippling Poison+1","Backstab","PiercingWail","Escape Plan","Choke","Terror","All Out Attack+1","Wraith Form v2+1","Escape Plan","Deflect","Catalyst+1","PiercingWail","Footwork+1","Footwork","Cloak And Dagger","Cloak And Dagger","PiercingWail","Bouncing Flask+1","Noxious Fumes+1","Backflip","Bouncing Flask","Noxious Fumes","Dodge and Roll"],"special_seed":0,"relics":["Ring of the Snake","Art of War","Bag of Marbles","The Courier","Turnip","Runic Pyramid","PreservedInsect","Oddly Smooth Stone","OrangePellets","Pen Nib","Strawberry","Bronze Scales","Bag of Preparation","HoveringKite","Pear","Kunai","Gambling Chip","Paper Crane","Whetstone"],"potions_floor_usage":[56,56],"damage_taken":[{"damage":2.0,"enemies":"Jaw Worm","floor":1.0,"turns":5.0},{"damage":0.0,"enemies":"2 Louse","floor":5.0,"turns":5.0},{"damage":0.0,"enemies":"Cultist","floor":7.0,"turns":3.0},{"damage":23.0,"enemies":"Gremlin Nob","floor":8.0,"turns":5.0},{"damage":4.0,"enemies":"3 Sentries","floor":10.0,"turns":7.0},{"damage":0.0,"enemies":"3 Louse","floor":11.0,"turns":1.0},{"damage":15.0,"enemies":"Lagavulin","floor":12.0,"turns":4.0},{"damage":0.0,"enemies":"Blue Slaver","floor":14.0,"turns":2.0},{"damage":12.0,"enemies":"Slime Boss","floor":16.0,"turns":9.0},{"damage":11.0,"enemies":"2 Thieves","floor":18.0,"turns":4.0},{"damage":1.0,"enemies":"Spheric Guardian","floor":19.0,"turns":6.0},{"damage":26.0,"enemies":"Shelled Parasite and Fungi","floor":20.0,"turns":5.0},{"damage":6.0,"enemies":"Book of Stabbing","floor":23.0,"turns":6.0},{"damage":0.0,"enemies":"Gremlin Leader","floor":27.0,"turns":5.0},{"damage":1.0,"enemies":"Centurion and Healer","floor":30.0,"turns":6.0},{"damage":8.0,"enemies":"Collector","floor":33.0,"turns":11.0},{"damage":0.0,"enemies":"3 Shapes","floor":35.0,"turns":3.0},{"damage":29.0,"enemies":"3 Darklings","floor":36.0,"turns":7.0},{"damage":0.0,"enemies":"Spire Growth","floor":38.0,"turns":6.0},{"damage":0.0,"enemies":"4 Shapes","floor":44.0,"turns":3.0},{"damage":0.0,"enemies":"Nemesis","floor":45.0,"turns":7.0},{"damage":2.0,"enemies":"Reptomancer","floor":47.0,"turns":7.0},{"damage":11.0,"enemies":"Mind Bloom Boss Battle","floor":48.0,"turns":5.0},{"damage":41.0,"enemies":"Awakened One","floor":50.0,"turns":28.0},{"damage":20,"enemies":"Donu and Deca","floor":51,"turns":13},{"damage":6,"enemies":"Shield and Spear","floor":55,"turns":6},{"damage":53,"enemies":"The Heart","floor":56,"turns":10}],"seed_played":"-191610767214377151","potions_obtained":[{"floor":1.0,"key":"Explosive Potion"},{"floor":7.0,"key":"Block Potion"},{"floor":11.0,"key":"LiquidBronze"},{"floor":14.0,"key":"Strength Potion"},{"floor":23.0,"key":"SteroidPotion"}],"is_trial":false,"path_per_floor":["M","?","?","?","M","R","M","E","T","E","M","E","R","M","R","B",null,"M","M","M","?","$","E","R","?","T","E","R","$","M","?","R","B",null,"M","M","?","M","$","R","?","R","T","M","E","?","E","?","R","B","B",null,"R","$","E","B",null],"character_chosen":"THE_SILENT","items_purchased":["PreservedInsect","Oddly Smooth Stone","SteroidPotion","OrangePellets","Footwork","Paper Crane","Noxious Fumes"],"campfire_rested":3,"item_purchase_floors":[22,22,22,22,29,54,54],"current_hp_per_floor":[63,63,52,52,52,52,52,29,29,25,25,10,31,31,31,19,59,48,47,21,21,21,15,36,16,23,23,23,23,22,22,22,14,67,67,38,38,38,38,38,84,84,84,84,94,89,87,76,76,35,15,71,89,89,83,30],"gold":62,"neow_bonus":"TEN_PERCENT_HP_BONUS","is_prod":false,"is_daily":false,"chose_seed":false,"campfire_upgraded":6,"win_rate":0,"timestamp":1556227509,"path_taken":["M","?","?","?","M","R","M","E","T","E","M","E","R","M","R","BOSS","M","?","M","?","$","E","R","?","T","E","R","$","M","?","R","BOSS","M","M","?","M","$","R","?","R","T","?","E","?","E","?","R","BOSS","BOSS","R","$","E","BOSS"],"build_version":"2019-01-23","purchased_purges":1,"victory":true,"max_hp_per_floor":[72,72,72,72,72,72,72,72,72,72,72,72,72,72,72,72,72,72,72,72,72,72,72,72,77,84,84,84,84,84,84,84,84,84,84,84,84,84,84,84,84,84,84,84,94,89,89,89,89,89,89,89,89,89,89,89],"card_choices":[{"not_picked":["Tactician","Dodge and Roll"],"picked":"Well Laid Plans","floor":1.0},{"not_picked":["Predator","Deflect"],"picked":"Crippling Poison","floor":5.0},{"not_picked":["Predator","Deflect"],"picked":"Backstab","floor":7.0},{"not_picked":["Outmaneuver","Deflect"],"picked":"PiercingWail","floor":8.0},{"not_picked":["PiercingWail","Tactician"],"picked":"Escape Plan","floor":10.0},{"not_picked":["Reflex","Blade Dance"],"picked":"Choke","floor":11.0},{"not_picked":["Grand Finale","Infinite Blades"],"picked":"Terror","floor":12.0},{"not_picked":["Leg Sweep","Dodge and Roll"],"picked":"All Out Attack","floor":14.0},{"not_picked":["A Thousand Cuts","Doppelganger"],"picked":"Wraith Form v2","floor":16.0},{"not_picked":["Terror+1","Backflip"],"picked":"Escape Plan","floor":18.0},{"not_picked":["Cloak And Dagger","Dodge and Roll"],"picked":"Deflect","floor":19.0},{"not_picked":["Terror","Underhanded Strike"],"picked":"Catalyst","floor":20.0},{"not_picked":["Slice","Leg Sweep"],"picked":"PiercingWail","floor":23.0},{"not_picked":["Cloak And Dagger","All Out Attack"],"picked":"Footwork","floor":27.0},{"not_picked":["Eviscerate","Blade Dance+1"],"picked":"Cloak And Dagger","floor":30.0},{"not_picked":["Heel Hook","Outmaneuver"],"picked":"Cloak And Dagger","floor":35.0},{"not_picked":["Cloak And Dagger","Choke"],"picked":"PiercingWail","floor":36.0},{"not_picked":["Flying Knee","Deflect"],"picked":"Bouncing Flask+1","floor":38.0},{"not_picked":["Predator","Footwork"],"picked":"Noxious Fumes","floor":44.0},{"not_picked":["Masterful Stab","Dagger Throw","Dagger Spray"],"picked":"SKIP","floor":45.0},{"not_picked":["Eviscerate","Tactician"],"picked":"Backflip","floor":47.0},{"not_picked":["Tactician","Dagger Throw"],"picked":"Bouncing Flask","floor":48.0},{"not_picked":["Deadly Poison","Choke"],"picked":"Dodge and Roll","floor":55}],"player_experience":1080722,"relics_obtained":[{"floor":8.0,"key":"Art of War"},{"floor":9.0,"key":"Bag of Marbles"},{"floor":10.0,"key":"The Courier"},{"floor":12.0,"key":"Turnip"},{"floor":23.0,"key":"Pen Nib"},{"floor":26.0,"key":"Strawberry"},{"floor":27.0,"key":"Bronze Scales"},{"floor":45.0,"key":"Pear"},{"floor":47.0,"key":"Kunai"},{"floor":48.0,"key":"Gambling Chip"},{"floor":55,"key":"Whetstone"}],"event_choices":[{"damage_healed":0.0,"max_hp_gain":0.0,"max_hp_loss":0.0,"gold_gain":0.0,"cards_transformed":["Strike_G"],"event_name":"Living Wall","player_choice":"Change","floor":2.0,"gold_loss":0.0,"damage_taken":0.0,"cards_obtained":["Sucker Punch"]},{"damage_healed":0.0,"max_hp_gain":0.0,"max_hp_loss":0.0,"gold_gain":75.0,"event_name":"World of Goop","player_choice":"Gather Gold","floor":3.0,"gold_loss":0.0,"damage_taken":11.0},{"damage_healed":0.0,"max_hp_gain":0.0,"max_hp_loss":0.0,"gold_gain":0.0,"cards_transformed":["Strike_G"],"event_name":"Transmorgrifier","player_choice":"Transformed","floor":4.0,"gold_loss":0.0,"damage_taken":0.0,"cards_obtained":["Dagger Throw"]},{"damage_healed":0.0,"max_hp_gain":0.0,"max_hp_loss":0.0,"gold_gain":0.0,"event_name":"Back to Basics","player_choice":"Simplicity","floor":21.0,"gold_loss":0.0,"damage_taken":0.0,"cards_upgraded":["Defend_G","Defend_G","Defend_G","Defend_G","Defend_G","Strike_G","Strike_G","Strike_G"]},{"damage_healed":0.0,"max_hp_gain":5.0,"max_hp_loss":0.0,"gold_gain":0.0,"event_name":"Forgotten Altar","player_choice":"Shed Blood","floor":25.0,"gold_loss":0.0,"damage_taken":25.0},{"damage_healed":0.0,"max_hp_gain":0.0,"max_hp_loss":0.0,"gold_gain":0.0,"event_name":"The Mausoleum","player_choice":"Opened","floor":31.0,"gold_loss":0.0,"damage_taken":0.0,"relics_obtained":["Bag of Preparation"],"cards_obtained":["Writhe"]},{"damage_healed":0.0,"max_hp_gain":0.0,"max_hp_loss":0.0,"gold_gain":0.0,"event_name":"The Moai Head","player_choice":"Ignored","floor":37.0,"gold_loss":0.0,"damage_taken":0.0},{"cards_removed":["Well Laid Plans"],"damage_healed":46.0,"max_hp_gain":0.0,"max_hp_loss":0.0,"gold_gain":0.0,"event_name":"Bonfire Elementals","player_choice":"Offered Uncommon","floor":41.0,"gold_loss":0.0,"damage_taken":0.0},{"damage_healed":0.0,"max_hp_gain":0.0,"max_hp_loss":5.0,"gold_gain":0.0,"event_name":"Winding Halls","player_choice":"Max HP","floor":46.0,"gold_loss":0.0,"damage_taken":0.0},{"damage_healed":0.0,"max_hp_gain":0.0,"max_hp_loss":0.0,"gold_gain":0.0,"event_name":"MindBloom","player_choice":"Fight","floor":48.0,"gold_loss":0.0,"damage_taken":0.0}],"is_beta":false,"boss_relics":[{"not_picked":["Busted Crown","WristBlade"],"picked":"Runic Pyramid"},{"not_picked":["Astrolabe","Eternal Feather"],"picked":"HoveringKite"}],"items_purged_floors":[54],"is_endless":false,"potions_floor_spawned":[1,7,11,14,23,30,33,44,47,48,55],"ascension_level":20}