{"gold_per_floor":[18,18,18,36,48,48,61,91,91,91,104,26,26,40,40,118,118,134,134,163,163,163,163,10,110,110,110,129,139,139,150,150,150],"floor_reached":33,"playtime":2638,"items_purged":["Accuracy"],"score":486,"play_id":"f2b365d3-1952-4a58-ba82-35b7c317bdc5","local_time":"20190124135129","is_ascension_mode":true,"campfire_choices":[{"data":"Prepared","floor":6.0,"key":"SMITH"},{"data":"Calculated Gamble","floor":13.0,"key":"SMITH"},{"data":"Eviscerate","floor":15.0,"key":"SMITH"},{"data":"Malaise","floor":23.0,"key":"SMITH"},{"data":"Underhanded Strike","floor":27,"key":"SMITH"},{"floor":30,"key":"REST"},{"floor":32,"key":"REST"}],"neow_cost":"NO_GOLD","seed_source_timestamp":128912001055929,"circlet_count":0,"master_deck":["AscendersBane","Survivor","Neutralize","Eviscerate+1","Terror","Dagger Spray","Acrobatics","Prepared+1","Underhanded Strike+1","Dagger Throw","Dodge and Roll","Calculated Gamble+1","Malaise+1","Sucker Punch","Setup","Corpse Explosion","Backflip","Burst","Tactician","Predator","Dodge and Roll+1","Leg Sweep"],"special_seed":0,"relics":["Ring of the Snake","StoneCalendar","Ninja Scroll","Singing Bowl","Pandora\u0027s Box","Red Mask","Nilry\u0027s Codex","Incense Burner","Mummified Hand","Shuriken","Bottled Flame"],"potions_floor_usage":[28],"damage_taken":[{"damage":0.0,"enemies":"2 Louse","floor":1.0,"turns":3.0},{"damage":3.0,"enemies":"Small Slimes","floor":4.0,"turns":5.0},{"damage":1.0,"enemies":"Cultist","floor":5.0,"turns":3.0},{"damage":0.0,"enemies":"Large Slime","floor":7.0,"turns":6.0},{"damage":17.0,"enemies":"Lagavulin","floor":8.0,"turns":4.0},{"damage":0.0,"enemies":"2 Fungi Beasts","floor":11.0,"turns":1.0},{"damage":0.0,"enemies":"Looter","floor":14.0,"turns":1.0},{"damage":23.0,"enemies":"The Guardian","floor":16.0,"turns":8.0},{"damage":0.0,"enemies":"Chosen","floor":18.0,"turns":5.0},{"damage":0.0,"enemies":"Masked Bandits","floor":20.0,"turns":1.0},{"damage":4.0,"enemies":"Colosseum Slavers","floor":25.0,"turns":3.0},{"damage":5.0,"enemies":"Colosseum Nobs","floor":25.0,"turns":4.0},{"damage":0,"enemies":"3 Byrds","floor":28,"turns":2},{"damage":0,"enemies":"3 Cultists","floor":29,"turns":2},{"damage":10,"enemies":"Cultist and Chosen","floor":31,"turns":4},{"damage":71,"enemies":"Collector","floor":33,"turns":7}],"seed_played":"-9125751365672089463","potions_obtained":[{"floor":1.0,"key":"GhostInAJar"},{"floor":8.0,"key":"Block Potion"},{"floor":18.0,"key":"LiquidBronze"}],"is_trial":false,"path_per_floor":["M","?","?","M","M","R","M","E","T","?","M","$","R","M","R","B",null,"M","?","?","?","$","R","$","?","T","R","M","M","R","M","R","B"],"character_chosen":"THE_SILENT","items_purchased":["Calculated Gamble","Leg Sweep"],"campfire_rested":2,"item_purchase_floors":[12,24],"current_hp_per_floor":[59,59,59,56,55,55,55,38,38,33,33,33,33,35,35,12,54,54,54,54,33,33,33,33,24,24,24,26,28,49,41,63,0],"gold":150,"neow_bonus":"TRANSFORM_TWO_CARDS","is_prod":false,"is_daily":false,"chose_seed":false,"campfire_upgraded":5,"win_rate":0,"timestamp":1548355889,"path_taken":["M","?","?","M","M","R","?","E","T","?","M","$","R","M","R","BOSS","M","?","?","?","?","R","$","?","T","R","M","M","R","M","R","BOSS"],"build_version":"2019-01-23","purchased_purges":1,"victory":false,"max_hp_per_floor":[66,66,66,66,66,66,66,66,66,66,66,66,66,68,68,68,68,68,68,68,68,68,68,68,68,68,68,70,72,72,74,74,74],"card_choices":[{"not_picked":["Distraction","Bane"],"picked":"Dagger Spray","floor":1.0},{"not_picked":["Sucker Punch","Outmaneuver"],"picked":"Acrobatics","floor":4.0},{"not_picked":["Outmaneuver","Burst"],"picked":"Prepared","floor":5.0},{"not_picked":["Noxious Fumes","Escape Plan"],"picked":"Underhanded Strike","floor":7.0},{"not_picked":["Masterful Stab","Deflect"],"picked":"Dagger Throw","floor":8.0},{"not_picked":["Noxious Fumes","Accuracy"],"picked":"Dodge and Roll","floor":11.0},{"not_picked":["Poisoned Stab","Deflect","Masterful Stab"],"picked":"Singing Bowl","floor":14.0},{"not_picked":["After Image","Grand Finale"],"picked":"Malaise","floor":16.0},{"not_picked":["Poisoned Stab","Flechettes"],"picked":"Predator","floor":18.0},{"not_picked":["Flechettes","Sucker Punch"],"picked":"Dodge and Roll+1","floor":20.0},{"not_picked":["Dagger Spray+1","Dagger Throw","Concentrate"],"picked":"Singing Bowl","floor":28},{"not_picked":["Deflect","Deadly Poison","Backstab"],"picked":"Singing Bowl","floor":29},{"not_picked":["Blade Dance","Deadly Poison","Predator"],"picked":"Singing Bowl","floor":31}],"player_experience":561181,"relics_obtained":[{"floor":8.0,"key":"StoneCalendar"},{"floor":9.0,"key":"Ninja Scroll"},{"floor":20.0,"key":"Red Mask"},{"floor":21.0,"key":"Nilry\u0027s Codex"},{"floor":25.0,"key":"Incense Burner"},{"floor":25.0,"key":"Mummified Hand"},{"floor":25.0,"key":"Shuriken"},{"floor":26,"key":"Bottled Flame"}],"event_choices":[{"damage_healed":0.0,"max_hp_gain":0.0,"max_hp_loss":0.0,"gold_gain":0.0,"event_name":"The Cleric","player_choice":"Leave","floor":2.0,"gold_loss":0.0,"damage_taken":0.0},{"cards_removed":["Defend_G"],"damage_healed":0.0,"max_hp_gain":0.0,"max_hp_loss":0.0,"gold_gain":0.0,"event_name":"Purifier","player_choice":"Purged","floor":3.0,"gold_loss":0.0,"damage_taken":0.0},{"damage_healed":0.0,"max_hp_gain":0.0,"max_hp_loss":0.0,"gold_gain":0.0,"event_name":"Scrap Ooze","player_choice":"Success","floor":10.0,"gold_loss":0.0,"damage_taken":5.0,"relics_obtained":["Singing Bowl"]},{"damage_healed":0.0,"max_hp_gain":0.0,"max_hp_loss":0.0,"gold_gain":0.0,"event_name":"Vampires","player_choice":"Ignored","floor":19.0,"gold_loss":0.0,"damage_taken":0.0},{"damage_healed":0.0,"max_hp_gain":0.0,"max_hp_loss":0.0,"gold_gain":0.0,"event_name":"Masked Bandits","player_choice":"Fought Bandits","floor":20.0,"gold_loss":0.0,"damage_taken":0.0},{"damage_healed":0.0,"max_hp_gain":0.0,"max_hp_loss":0.0,"gold_gain":0.0,"event_name":"Cursed Tome","player_choice":"Obtained Book","floor":21.0,"gold_loss":0.0,"damage_taken":21.0},{"damage_healed":0.0,"max_hp_gain":0.0,"max_hp_loss":0.0,"gold_gain":0.0,"event_name":"Colosseum","player_choice":"Fight","floor":25.0,"gold_loss":0.0,"damage_taken":0.0},{"damage_healed":0.0,"max_hp_gain":0.0,"max_hp_loss":0.0,"gold_gain":0.0,"event_name":"Colosseum","player_choice":"Fought Nobs","floor":25.0,"gold_loss":0.0,"damage_taken":0.0}],"is_beta":false,"boss_relics":[{"not_picked":["Runic Dome","Orrery"],"picked":"Pandora\u0027s Box"}],"items_purged_floors":[24],"is_endless":false,"potions_floor_spawned":[1,8,11,16,18,20],"killed_by":"Collector","ascension_level":16}