{"gold_per_floor":[114,114,9,9,19,45,63,74,74,74,94,14,46,63,63,134,134,154,154,166,184,184,184,184,184,235,235,254,265,278,36,36,36],"floor_reached":33,"playtime":1625,"items_purged":["Writhe"],"score":568,"play_id":"7da90285-0cec-4245-a61a-a04dbb1ef7e0","local_time":"20190316103525","is_ascension_mode":true,"campfire_choices":[{"data":"Disarm","floor":10,"key":"SMITH"},{"data":"Spot Weakness","floor":15,"key":"SMITH"},{"data":"Metallicize","floor":23,"key":"SMITH"},{"data":"Sword Boomerang","floor":25,"key":"SMITH"},{"data":"Armaments","floor":32,"key":"SMITH"}],"neow_cost":"NONE","seed_source_timestamp":492086811019297,"circlet_count":0,"master_deck":["AscendersBane","Strike_R","Strike_R","Strike_R","Strike_R","Strike_R","Defend_R","Defend_R","Defend_R","Defend_R","Bash","Battle Trance","Metallicize+1","Sword Boomerang+1","Shrug It Off","Spot Weakness+1","Battle Trance","Disarm+1","Shrug It Off","Armaments+1","Clothesline","Immolate","Sword Boomerang","Pummel","Sword Boomerang+1","Inflame","Fiend Fire","Exhume+1"],"relics":["Black Blood","NeowsBlessing","Pantograph","Blood Vial","Meat on the Bone","Question Card","Orichalcum","Mercury Hourglass","Bronze Scales","Toxic Egg 2"],"potions_floor_usage":[13,13,16,18,29,33,33],"damage_taken":[{"damage":0,"enemies":"Small Slimes","floor":1,"turns":1},{"damage":0,"enemies":"2 Louse","floor":5,"turns":1},{"damage":0,"enemies":"Gremlin Nob","floor":6,"turns":1},{"damage":11,"enemies":"Jaw Worm","floor":7,"turns":5},{"damage":11,"enemies":"Looter","floor":8,"turns":4},{"damage":11,"enemies":"Red Slaver","floor":11,"turns":6},{"damage":6,"enemies":"Lagavulin","floor":13,"turns":8},{"damage":19,"enemies":"3 Louse","floor":14,"turns":4},{"damage":13,"enemies":"Hexaghost","floor":16,"turns":10},{"damage":12,"enemies":"Chosen","floor":18,"turns":6},{"damage":23,"enemies":"2 Thieves","floor":20,"turns":4},{"damage":25,"enemies":"Centurion and Healer","floor":21,"turns":5},{"damage":4,"enemies":"Snecko","floor":28,"turns":6},{"damage":34,"enemies":"Cultist and Chosen","floor":29,"turns":6},{"damage":9,"enemies":"Centurion and Healer","floor":30,"turns":5},{"damage":93,"enemies":"Champ","floor":33,"turns":12}],"seed_played":"-7239858356052770167","potions_obtained":[{"floor":1,"key":"Energy Potion"},{"floor":7,"key":"SteroidPotion"},{"floor":13,"key":"LiquidBronze"},{"floor":14,"key":"Fire Potion"},{"floor":18,"key":"EssenceOfSteel"},{"floor":28,"key":"PowerPotion"},{"floor":29,"key":"LiquidBronze"}],"is_trial":false,"path_per_floor":["M","?","$","?","M","E","M","M","T","R","M","?","E","M","R","B",null,"M","T","M","M","?","R","?","R","T","T","M","M","M","$","R","B"],"character_chosen":"IRONCLAD","items_purchased":["Metallicize","Sword Boomerang","Exhume+1"],"campfire_rested":0,"item_purchase_floors":[3,3,31],"current_hp_per_floor":[74,48,48,48,54,60,57,54,54,54,51,51,53,54,54,68,73,73,73,62,49,49,49,49,49,49,49,57,47,50,50,50,0],"gold":36,"neow_bonus":"THREE_ENEMY_KILL","is_prod":false,"is_daily":false,"chose_seed":false,"campfire_upgraded":5,"win_rate":0,"timestamp":1552750525,"path_taken":["M","?","$","?","?","E","M","M","T","R","M","?","E","M","R","BOSS","M","?","M","M","?","R","?","R","T","?","M","M","M","$","R","BOSS"],"build_version":"2019-01-23","purchased_purges":1,"victory":false,"max_hp_per_floor":[75,75,75,75,75,75,75,75,75,75,75,75,75,75,75,75,75,75,75,75,75,75,75,75,75,75,75,75,75,75,75,75,75],"card_choices":[{"not_picked":["Uppercut","Thunderclap"],"picked":"Battle Trance","floor":1},{"not_picked":["Warcry","True Grit"],"picked":"Shrug It Off","floor":5},{"not_picked":["Whirlwind","Hemokinesis"],"picked":"Spot Weakness","floor":6},{"not_picked":["Body Slam","Fire Breathing"],"picked":"Battle Trance","floor":7},{"not_picked":["Evolve","Flex"],"picked":"Disarm","floor":8},{"not_picked":["Perfected Strike","Metallicize"],"picked":"Shrug It Off","floor":11},{"not_picked":["Bloodletting","True Grit","Corruption"],"picked":"Armaments","floor":13},{"not_picked":["Flex","Anger","True Grit"],"picked":"Clothesline","floor":14},{"not_picked":["Double Tap","Brutality","Dark Embrace"],"picked":"Immolate","floor":16},{"not_picked":["Perfected Strike","Anger","Flex"],"picked":"Sword Boomerang","floor":18},{"not_picked":["Power Through","Sword Boomerang","Pommel Strike"],"picked":"Pummel","floor":20},{"not_picked":["Rampage","Searing Blow","Armaments"],"picked":"Sword Boomerang+1","floor":21},{"not_picked":["Thunderclap","Wild Strike","Pummel"],"picked":"Inflame","floor":28},{"not_picked":["Body Slam","Seeing Red+1","Second Wind+1"],"picked":"Fiend Fire","floor":29},{"not_picked":["Heavy Blade","Body Slam","Seeing Red+1","Clash"],"picked":"SKIP","floor":30}],"player_experience":635676,"relics_obtained":[{"floor":6,"key":"Blood Vial"},{"floor":9,"key":"Meat on the Bone"},{"floor":13,"key":"Orichalcum"},{"floor":19,"key":"Mercury Hourglass"},{"floor":27,"key":"Toxic Egg 2"}],"event_choices":[{"damage_healed":0,"gold_gain":0,"player_choice":"Success","damage_taken":26,"relics_obtained":["Pantograph"],"max_hp_gain":0,"max_hp_loss":0,"event_name":"Scrap Ooze","floor":2,"gold_loss":0},{"damage_healed":0,"gold_gain":0,"player_choice":"Leave","damage_taken":0,"max_hp_gain":0,"max_hp_loss":0,"event_name":"The Cleric","floor":4,"gold_loss":0},{"damage_healed":0,"gold_gain":0,"player_choice":"Paid Gold","damage_taken":0,"relics_obtained":["Question Card"],"max_hp_gain":0,"max_hp_loss":0,"event_name":"WeMeetAgain","floor":12,"gold_loss":80},{"damage_healed":0,"gold_gain":0,"player_choice":"Ignored","damage_taken":0,"max_hp_gain":0,"max_hp_loss":0,"event_name":"Vampires","floor":22,"gold_loss":0},{"damage_healed":0,"gold_gain":0,"player_choice":"Opened","damage_taken":0,"relics_obtained":["Bronze Scales"],"max_hp_gain":0,"max_hp_loss":0,"event_name":"The Mausoleum","floor":24,"gold_loss":0,"cards_obtained":["Writhe"]}],"is_beta":false,"boss_relics":[{"not_picked":["Runic Pyramid","White Beast Statue"],"picked":"Black Blood"}],"items_purged_floors":[31],"is_endless":false,"potions_floor_spawned":[1,7,13,14,18,28,29],"killed_by":"Champ","ascension_level":20}