{"gold_per_floor":[114,127,147,158,172,207,207,242,268,24,51,71,7,7,7,103,153,171,121,139,151,171,200,200,231,261,261,261,286,286,4,4,4],"floor_reached":33,"playtime":2007,"items_purged":["Strike_G","Defend_G","Survivor"],"score":431,"play_id":"8df04523-c2bd-4916-b570-a4cfc469382f","local_time":"20180911232424","is_ascension_mode":true,"campfire_choices":[{"data":"Dash","floor":7.0,"key":"SMITH"},{"data":"Predator","floor":15.0,"key":"SMITH"},{"floor":24.0,"key":"REST"},{"floor":28.0,"key":"REST"},{"data":"Choke","floor":32.0,"key":"SMITH"}],"neow_cost":"NONE","seed_source_timestamp":999489155339610,"circlet_count":0,"master_deck":["Defend_G+1","Defend_G+1","Defend_G+1","Defend_G+1","Strike_G+1","Strike_G+1","Strike_G+1","Strike_G+1","Neutralize","Riddle With Holes","Distraction","Predator+1","Dash+1","Bouncing Flask","Backstab","Noxious Fumes","Backstab","Footwork","Phantasmal Killer","Quick Slash","Terror","Dash","Choke+1"],"special_seed":0,"relics":["Velvet Choker","Matryoshka","The Courier","Singing Bowl","Smiling Mask","Bag of Marbles","Oddly Smooth Stone","Sundial","Tiny House","Bag of Preparation","Lantern","Tiny Chest","Regal Pillow","Vajra","MutagenicStrength","Pantograph"],"potions_floor_usage":[33],"damage_taken":[{"damage":0.0,"enemies":"Small Slimes","floor":1.0,"turns":4.0},{"damage":0.0,"enemies":"Cultist","floor":2.0,"turns":4.0},{"damage":0.0,"enemies":"Jaw Worm","floor":3.0,"turns":3.0},{"damage":3.0,"enemies":"2 Fungi Beasts","floor":4.0,"turns":3.0},{"damage":1.0,"enemies":"Large Slime","floor":5.0,"turns":5.0},{"damage":27.0,"enemies":"Lagavulin","floor":6.0,"turns":8.0},{"damage":5.0,"enemies":"Gremlin Nob","floor":8.0,"turns":4.0},{"damage":5.0,"enemies":"3 Sentries","floor":11.0,"turns":5.0},{"damage":0.0,"enemies":"Gremlin Gang","floor":12.0,"turns":3.0},{"damage":17.0,"enemies":"Slime Boss","floor":16.0,"turns":6.0},{"damage":3.0,"enemies":"Spheric Guardian","floor":18.0,"turns":4.0},{"damage":0.0,"enemies":"3 Byrds","floor":20.0,"turns":4.0},{"damage":0.0,"enemies":"Snake Plant","floor":21.0,"turns":3.0},{"damage":33.0,"enemies":"Shelled Parasite and Fungi","floor":22.0,"turns":5.0},{"damage":9.0,"enemies":"Slavers","floor":23.0,"turns":6.0},{"damage":39.0,"enemies":"Gremlin Leader","floor":25.0,"turns":8.0},{"damage":2.0,"enemies":"Slavers","floor":29.0,"turns":4.0},{"damage":76,"enemies":"Champ","floor":33,"turns":9}],"seed_played":"-6396843407315648174","potions_obtained":[{"floor":2.0,"key":"Fire Potion"},{"floor":3.0,"key":"GhostInAJar"},{"floor":4.0,"key":"Explosive Potion"},{"floor":8.0,"key":"Regen Potion"},{"floor":11.0,"key":"SkillPotion"},{"floor":17.0,"key":"GamblersBrew"},{"floor":18.0,"key":"Ancient Potion"},{"floor":22.0,"key":"Energy Potion"},{"floor":25.0,"key":"LiquidBronze"}],"is_trial":false,"path_per_floor":["M","M","M","M","M","E","R","E","T","$","E","M","?","$","R","B",null,"M","$","M","M","M","E","R","E","T","?","R","E","?","$","R"],"character_chosen":"THE_SILENT","items_purchased":["Bag of Marbles","Backstab","Noxious Fumes","Pantograph","Choke"],"campfire_rested":2,"item_purchase_floors":[10,10,10,31,31],"current_hp_per_floor":[70,70,70,67,66,39,39,34,34,34,41,41,41,41,41,24,66,65,65,65,67,36,27,51,12,12,12,51,51,51,51,51,0],"gold":4,"neow_bonus":"BOSS_RELIC","is_prod":false,"is_daily":false,"chose_seed":false,"campfire_upgraded":3,"win_rate":0,"timestamp":1536722664,"path_taken":["M","M","M","M","M","E","R","E","T","$","E","M","?","?","R","BOSS","M","$","M","?","M","E","R","E","T","?","R","E","?","$","R","BOSS"],"build_version":"2018-09-06","purchased_purges":3,"victory":false,"max_hp_per_floor":[70,70,70,70,70,70,70,70,70,70,70,70,70,70,70,70,77,79,79,79,81,83,83,83,83,83,83,83,85,85,85,85,85],"card_choices":[{"not_picked":["Poisoned Stab","Blade Dance"],"picked":"Riddle With Holes","floor":1.0},{"not_picked":["Bane","Catalyst"],"picked":"Distraction","floor":2.0},{"not_picked":["Cloak And Dagger","Slice"],"picked":"Predator","floor":3.0},{"not_picked":["Backflip","Predator"],"picked":"Dash","floor":4.0},{"not_picked":["Acrobatics","Dagger Throw","Outmaneuver"],"picked":"SKIP","floor":5.0},{"not_picked":["Poisoned Stab","Deflect","Bane"],"picked":"SKIP","floor":6.0},{"not_picked":["Dodge and Roll","Escape Plan"],"picked":"Bouncing Flask","floor":8.0},{"not_picked":["PiercingWail","Distraction"],"picked":"Backstab","floor":11.0},{"not_picked":["Grand Finale","Noxious Fumes"],"picked":"Footwork","floor":12.0},{"not_picked":["Bullet Time","Tools of the Trade"],"picked":"Phantasmal Killer","floor":16.0},{"not_picked":["Setup","Blade Dance","Well Laid Plans"],"picked":"Singing Bowl","floor":17.0},{"not_picked":["Tactician+1","Deflect","Sucker Punch"],"picked":"Singing Bowl","floor":18.0},{"not_picked":["Blade Dance","Sucker Punch"],"picked":"Quick Slash","floor":20.0},{"not_picked":["Dagger Throw","Setup","Noxious Fumes"],"picked":"Singing Bowl","floor":21.0},{"not_picked":["Dodge and Roll","Outmaneuver","Flying Knee"],"picked":"Singing Bowl","floor":22.0},{"not_picked":["Cloak And Dagger+1","Infinite Blades+1"],"picked":"Terror","floor":23.0},{"not_picked":["Deadly Poison","Dodge and Roll+1"],"picked":"Dash","floor":25.0},{"not_picked":["Venomology","Phantasmal Killer","Expertise"],"picked":"Singing Bowl","floor":29.0}],"player_experience":235376,"relics_obtained":[{"floor":6.0,"key":"Matryoshka"},{"floor":8.0,"key":"The Courier"},{"floor":9.0,"key":"Singing Bowl"},{"floor":9.0,"key":"Smiling Mask"},{"floor":11.0,"key":"Oddly Smooth Stone"},{"floor":23.0,"key":"Bag of Preparation"},{"floor":25.0,"key":"Lantern"},{"floor":26.0,"key":"Tiny Chest"},{"floor":26.0,"key":"Regal Pillow"},{"floor":29.0,"key":"Vajra"}],"event_choices":[{"event_name":"WeMeetAgain","player_choice":"Gold","floor":13.0,"damage_taken":0.0},{"event_name":"Back to Basics","player_choice":"Simplicity","floor":27.0,"damage_taken":0.0},{"event_name":"Drug Dealer","player_choice":"Inject Mutagens","floor":30.0,"damage_taken":0.0}],"is_beta":false,"boss_relics":[{"not_picked":["Snecko Eye","Eternal Feather"],"picked":"Tiny House"}],"items_purged_floors":[10,19,31],"is_endless":false,"potions_floor_spawned":[2,3,4,8,11,18,22,25],"killed_by":"Champ","ascension_level":5}