{"gold_per_floor":[111,124,124,139,14,46,46,46,72,84,104,134,134,145,145,216,216,226,236,236,119,138,138,138,138],"floor_reached":25,"playtime":1017,"items_purged":["Defend_R"],"score":426,"play_id":"7e20c0c4-88a7-419c-8729-1875bff4c418","local_time":"20190312184336","is_ascension_mode":true,"campfire_choices":[{"data":"Perfected Strike","floor":7,"key":"SMITH"},{"floor":13,"key":"REST"},{"data":"Armaments","floor":15,"key":"SMITH"},{"data":"Demon Form","floor":23,"key":"SMITH"}],"neow_cost":"NONE","seed_source_timestamp":88549905979772,"circlet_count":0,"master_deck":["AscendersBane","Strike_R","Strike_R","Strike_R","Strike_R","Strike_R","Bash","Anger","Perfected Strike+1","Reckless Charge","True Grit","Flame Barrier","True Grit","Flame Barrier","Armaments+1","Demon Form+1","Battle Trance","Perfected Strike+1","Burning Pact","Corruption"],"relics":["Burning Blood","Centennial Puzzle","Oddly Smooth Stone","Regal Pillow","Velvet Choker"],"potions_floor_usage":[12,16,18,22],"damage_taken":[{"damage":6,"enemies":"Cultist","floor":1,"turns":3},{"damage":7,"enemies":"Jaw Worm","floor":2,"turns":3},{"damage":5,"enemies":"Small Slimes","floor":4,"turns":3},{"damage":58,"enemies":"3 Sentries","floor":6,"turns":8},{"damage":5,"enemies":"Blue Slaver","floor":10,"turns":3},{"damage":12,"enemies":"3 Louse","floor":11,"turns":3},{"damage":8,"enemies":"Lagavulin","floor":12,"turns":7},{"damage":0,"enemies":"2 Fungi Beasts","floor":14,"turns":4},{"damage":29,"enemies":"Slime Boss","floor":16,"turns":12},{"damage":0,"enemies":"3 Byrds","floor":18,"turns":4},{"damage":9,"enemies":"Shell Parasite","floor":19,"turns":6},{"damage":53,"enemies":"Shelled Parasite and Fungi","floor":22,"turns":5},{"damage":23,"enemies":"Snake Plant","floor":25,"turns":3}],"seed_played":"7699330722550089874","potions_obtained":[{"floor":6,"key":"Block Potion"},{"floor":12,"key":"Block Potion"},{"floor":14,"key":"FearPotion"},{"floor":16,"key":"GamblersBrew"},{"floor":22,"key":"Explosive Potion"}],"is_trial":false,"path_per_floor":["M","M","?","M","$","E","R","?","T","M","M","E","R","M","R","B",null,"M","M","?","$","M","R","?","M"],"character_chosen":"IRONCLAD","items_purchased":["True Grit","Burning Pact","Corruption"],"campfire_rested":1,"item_purchase_floors":[5,21,21],"current_hp_per_floor":[68,67,67,68,68,16,16,16,16,17,11,9,46,52,52,29,64,70,67,67,67,20,20,20,0],"gold":138,"neow_bonus":"REMOVE_CARD","is_prod":false,"is_daily":false,"chose_seed":false,"campfire_upgraded":3,"win_rate":0,"timestamp":1552430616,"path_taken":["M","M","?","M","?","E","R","?","T","M","?","E","R","M","R","BOSS","M","M","?","$","M","R","?","M"],"build_version":"2019-01-23","purchased_purges":1,"victory":false,"max_hp_per_floor":[75,75,75,75,75,75,75,75,75,75,75,75,75,75,75,75,75,75,75,75,75,75,75,75,75],"card_choices":[{"not_picked":["Pommel Strike","Shrug It Off"],"picked":"Anger","floor":1},{"not_picked":["Twin Strike","Body Slam"],"picked":"Perfected Strike","floor":2},{"not_picked":["Cleave","Sentinel"],"picked":"Reckless Charge","floor":4},{"not_picked":["True Grit","Blood for Blood"],"picked":"Flame Barrier","floor":6},{"not_picked":["Infernal Blade","Clothesline"],"picked":"True Grit","floor":10},{"not_picked":["Armaments","Combust"],"picked":"Flame Barrier","floor":11},{"not_picked":["Limit Break","Pummel"],"picked":"Armaments","floor":12},{"not_picked":["Rage","Clothesline","Cleave"],"picked":"SKIP","floor":14},{"not_picked":["Berserk","Limit Break"],"picked":"Demon Form","floor":16},{"not_picked":["Clothesline","Reckless Charge+1"],"picked":"Battle Trance","floor":18},{"not_picked":["Havoc+1","Hemokinesis"],"picked":"Perfected Strike+1","floor":19},{"not_picked":["Wild Strike","Clothesline+1","Thunderclap"],"picked":"SKIP","floor":22}],"player_experience":842991,"relics_obtained":[{"floor":6,"key":"Centennial Puzzle"},{"floor":9,"key":"Oddly Smooth Stone"},{"floor":12,"key":"Regal Pillow"}],"event_choices":[{"cards_removed":["Defend_R"],"damage_healed":0,"gold_gain":0,"player_choice":"Offered Basic","damage_taken":0,"max_hp_gain":0,"max_hp_loss":0,"event_name":"Bonfire Elementals","floor":3,"gold_loss":0},{"cards_removed":["Defend_R"],"damage_healed":0,"gold_gain":0,"player_choice":"Purged","damage_taken":0,"max_hp_gain":0,"max_hp_loss":0,"event_name":"Purifier","floor":8,"gold_loss":0},{"damage_healed":0,"gold_gain":0,"player_choice":"Ignored","damage_taken":0,"max_hp_gain":0,"max_hp_loss":0,"event_name":"Ghosts","floor":20,"gold_loss":0},{"damage_healed":0,"gold_gain":0,"player_choice":"Ignored","damage_taken":0,"max_hp_gain":0,"max_hp_loss":0,"event_name":"Vampires","floor":24,"gold_loss":0}],"is_beta":false,"boss_relics":[{"not_picked":["Coffee Dripper","Eternal Feather"],"picked":"Velvet Choker"}],"items_purged_floors":[5],"is_endless":false,"potions_floor_spawned":[6,12,14,16,22],"killed_by":"Snake Plant","ascension_level":20}