{"gold_per_floor":[119,132,152,167,242,267,267,283,283,299,317,317,317,351,351,454,454,473,473,78,89,106,106,132,132,156,176,176,192,192,220,220,220],"floor_reached":33,"playtime":1827,"items_purged":[],"score":324,"play_id":"b71a0693-41ca-4b27-a92f-096dc9bcb888","local_time":"20180719233905","is_ascension_mode":false,"campfire_choices":[{"data":"Heavy Blade","floor":7.0,"key":"SMITH"},{"floor":15.0,"key":"REST"},{"floor":23.0,"key":"DIG"},{"data":"Feed","floor":25.0,"key":"SMITH"},{"floor":30,"key":"REST"},{"floor":32,"key":"DIG"}],"neow_cost":"CURSE","seed_source_timestamp":0,"circlet_count":0,"master_deck":["Defend_R","Defend_R","Defend_R","Bash","Combust","Reckless Charge","Cleave","Flex","Heavy Blade+1","Double Tap","Cleave","Body Slam","Intimidate","Inflame","True Grit","Feed+1","Impervious+1","Clash+1","Spot Weakness+1","Power Through","Pummel","Shrug It Off","Flex+1","Iron Wave+1","Heavy Blade","Bite","Bite","Bite","Bite","Bite","Shrug It Off+1","Fire Breathing+1"],"special_seed":0,"relics":["Burning Blood","Torii","Gambling Chip","Sundial","Shovel","Astrolabe","Thread and Needle","Frozen Egg 2","Bag of Preparation","Lantern","Ginger","Shuriken"],"potions_floor_usage":[33,33],"damage_taken":[{"damage":14.0,"enemies":"Small Slimes","floor":1.0,"turns":3.0},{"damage":9.0,"enemies":"2 Louse","floor":2.0,"turns":3.0},{"damage":7.0,"enemies":"Cultist","floor":3.0,"turns":3.0},{"damage":9.0,"enemies":"Lots of Slimes","floor":4.0,"turns":2.0},{"damage":25.0,"enemies":"Gremlin Nob","floor":6.0,"turns":4.0},{"damage":0.0,"enemies":"2 Fungi Beasts","floor":8.0,"turns":2.0},{"damage":13.0,"enemies":"Red Slaver","floor":10.0,"turns":2.0},{"damage":7.0,"enemies":"Blue Slaver","floor":11.0,"turns":2.0},{"damage":12.0,"enemies":"3 Sentries","floor":14.0,"turns":3.0},{"damage":9.0,"enemies":"Slime Boss","floor":16.0,"turns":5.0},{"damage":17.0,"enemies":"Shell Parasite","floor":18.0,"turns":5.0},{"damage":11.0,"enemies":"Spheric Guardian","floor":21.0,"turns":4.0},{"damage":11.0,"enemies":"Cultist and Chosen","floor":22.0,"turns":6.0},{"damage":37.0,"enemies":"Gremlin Leader","floor":24.0,"turns":6.0},{"damage":25.0,"enemies":"Snecko","floor":27.0,"turns":6.0},{"damage":9,"enemies":"Centurion and Healer","floor":29,"turns":6},{"damage":10,"enemies":"Book of Stabbing","floor":31,"turns":5},{"damage":65,"enemies":"Automaton","floor":33,"turns":6}],"seed_played":"8709834760921242150","potions_obtained":[{"floor":2.0,"key":"AttackPotion"},{"floor":11.0,"key":"SteroidPotion"},{"floor":14.0,"key":"Fire Potion"},{"floor":16.0,"key":"Poison Potion"},{"floor":24.0,"key":"Weak Potion"},{"floor":29,"key":"GamblersBrew"},{"floor":31,"key":"PowerPotion"}],"is_trial":false,"path_per_floor":["M","M","M","M","?","E","R","M","T","M","M","?","?","E","R","B",null,"M","?","$","M","M","R","E","R","T","M","?","M","R","E","R"],"character_chosen":"IRONCLAD","items_purchased":["Pummel","Thread and Needle","Shrug It Off"],"campfire_rested":2,"item_purchase_floors":[20,20,20],"current_hp_per_floor":[72,69,68,65,54,35,35,41,41,34,33,33,30,24,48,45,80,69,69,69,64,62,62,31,31,31,12,12,27,45,49,49,0],"gold":220,"neow_bonus":"TRANSFORM_TWO_CARDS","is_prod":false,"is_daily":false,"chose_seed":false,"campfire_upgraded":2,"win_rate":0,"timestamp":1532057945,"path_taken":["M","M","M","M","?","E","R","?","T","?","M","?","?","E","R","BOSS","M","?","?","M","M","R","E","R","T","?","?","M","R","E","R","BOSS"],"build_version":"2018-07-19","purchased_purges":0,"victory":false,"max_hp_per_floor":[80,80,80,80,80,80,80,80,80,80,80,80,80,80,80,80,80,80,80,80,80,83,83,83,83,83,83,58,62,62,66,66,66],"card_choices":[{"not_picked":["Sentinel","Pommel Strike"],"picked":"Cleave","floor":1.0},{"not_picked":["Armaments","Clash","Disarm"],"picked":"SKIP","floor":2.0},{"not_picked":["Clash","Sever Soul"],"picked":"Flex","floor":3.0},{"not_picked":["Clothesline","Wild Strike"],"picked":"Heavy Blade","floor":4.0},{"not_picked":["Havoc","Brutality"],"picked":"Double Tap","floor":6.0},{"not_picked":["Warcry","Headbutt"],"picked":"Cleave","floor":8.0},{"not_picked":["Shrug It Off","Sword Boomerang"],"picked":"Body Slam","floor":10.0},{"not_picked":["Shockwave","Warcry"],"picked":"Intimidate","floor":11.0},{"not_picked":["Clash","Thunderclap"],"picked":"True Grit","floor":14.0},{"not_picked":["Exhume","Brutality"],"picked":"Feed","floor":16.0},{"not_picked":["Hemokinesis","Havoc"],"picked":"Power Through","floor":18.0},{"not_picked":["Anger","Thunderclap","Burning Pact+1"],"picked":"SKIP","floor":21.0},{"not_picked":["Blood for Blood","Iron Wave"],"picked":"Flex+1","floor":22.0},{"not_picked":["Offering","Exhume"],"picked":"Iron Wave+1","floor":24.0},{"not_picked":["Whirlwind","Rage"],"picked":"Heavy Blade","floor":27.0},{"not_picked":["Headbutt+1","Sever Soul"],"picked":"Shrug It Off+1","floor":29},{"not_picked":["Perfected Strike","Battle Trance"],"picked":"Fire Breathing+1","floor":31}],"player_experience":90904,"relics_obtained":[{"floor":6.0,"key":"Torii"},{"floor":9.0,"key":"Gambling Chip"},{"floor":14.0,"key":"Shovel"},{"floor":23.0,"key":"Frozen Egg 2"},{"floor":24.0,"key":"Bag of Preparation"},{"floor":26.0,"key":"Lantern"},{"floor":31,"key":"Ginger"},{"floor":32,"key":"Shuriken"}],"event_choices":[{"event_name":"World of Goop","player_choice":"Gather Gold","floor":5.0,"damage_taken":0.0},{"event_name":"Transmorgrifier","player_choice":"Transform","floor":12.0,"damage_taken":0.0},{"event_name":"Scrap Ooze","player_choice":"success","floor":13.0,"damage_taken":3.0},{"event_name":"Back to Basics","player_choice":"Elegance","floor":19.0,"damage_taken":0.0},{"event_name":"Vampires","player_choice":"Became a vampire","floor":28.0,"damage_taken":0.0}],"is_beta":false,"boss_relics":[{"not_picked":["Runic Cube","Empty Cage"],"picked":"Astrolabe"}],"items_purged_floors":[],"is_endless":false,"potions_floor_spawned":[2,11,14,16,24,29,31],"killed_by":"Automaton","ascension_level":0}