{"gold_per_floor":[113,388,56,56,68,98,109,119,172,189,207,221,221,241,241,318,318,331,381,29,29,29,42,42],"floor_reached":24,"playtime":1444,"items_purged":["Regret"],"score":380,"play_id":"25fe4a38-5f9e-4954-90e3-94d84ebd4a3d","local_time":"20190204222300","is_ascension_mode":true,"campfire_choices":[{"data":"Noxious Fumes","floor":13.0,"key":"SMITH"},{"data":"Footwork","floor":15.0,"key":"SMITH"}],"neow_cost":"CURSE","seed_source_timestamp":533450993018837,"circlet_count":0,"master_deck":["AscendersBane","Survivor","Neutralize","Corpse Explosion","Backflip","Poisoned Stab","Footwork+1","Bane","Footwork","Bouncing Flask","Escape Plan","Noxious Fumes+1","Deflect","Corpse Explosion","Malaise","Reflex","Skewer","Tools of the Trade","Acrobatics","Prepared","Leg Sweep","Caltrops","Storm of Steel","Blade Dance","A Thousand Cuts","Backflip","Leg Sweep","Bouncing Flask"],"special_seed":0,"relics":["Ring of the Snake","Lantern","Bottled Flame","Dream Catcher","Pandora\u0027s Box","Kunai"],"potions_floor_usage":[23],"damage_taken":[{"damage":0.0,"enemies":"2 Louse","floor":1.0,"turns":2.0},{"damage":1.0,"enemies":"Cultist","floor":5.0,"turns":3.0},{"damage":2.0,"enemies":"3 Sentries","floor":6.0,"turns":2.0},{"damage":2.0,"enemies":"Small Slimes","floor":7.0,"turns":4.0},{"damage":4.0,"enemies":"Red Slaver","floor":8.0,"turns":4.0},{"damage":17.0,"enemies":"Exordium Wildlife","floor":10.0,"turns":5.0},{"damage":5.0,"enemies":"Blue Slaver","floor":11.0,"turns":4.0},{"damage":5.0,"enemies":"3 Louse","floor":12.0,"turns":3.0},{"damage":15.0,"enemies":"Exordium Wildlife","floor":14.0,"turns":3.0},{"damage":1.0,"enemies":"Slime Boss","floor":16.0,"turns":8.0},{"damage":32,"enemies":"2 Thieves","floor":18,"turns":4},{"damage":16,"enemies":"Shell Parasite","floor":23,"turns":6},{"damage":7,"enemies":"Snake Plant","floor":24,"turns":3}],"seed_played":"-7391364894505384576","potions_obtained":[{"floor":5.0,"key":"SkillPotion"},{"floor":8.0,"key":"Regen Potion"},{"floor":11.0,"key":"GhostInAJar"},{"floor":12.0,"key":"Fire Potion"},{"floor":16.0,"key":"PowerPotion"}],"is_trial":false,"path_per_floor":["M","?","$","?","M","E","M","M","T","M","M","M","R","M","R","B",null,"M","?","$","?","$","M","M"],"character_chosen":"THE_SILENT","items_purchased":["Poisoned Stab","Lantern","Footwork","Kunai","Leg Sweep"],"campfire_rested":0,"item_purchase_floors":[3,3,3,20,20],"current_hp_per_floor":[59,59,59,59,58,56,54,50,50,33,42,37,37,22,22,21,55,23,23,23,23,23,7,0],"gold":42,"neow_bonus":"THREE_RARE_CARDS","is_prod":false,"is_daily":false,"chose_seed":false,"campfire_upgraded":2,"win_rate":0,"timestamp":1549336980,"path_taken":["M","?","?","?","M","E","M","M","T","M","?","M","R","M","R","BOSS","M","?","$","?","?","M","M"],"build_version":"2019-01-23","purchased_purges":1,"victory":false,"max_hp_per_floor":[66,66,66,66,66,66,66,66,66,66,66,66,66,66,66,66,66,66,66,66,66,66,66,66],"card_choices":[{"not_picked":["Adrenaline","A Thousand Cuts"],"picked":"Corpse Explosion","floor":0.0},{"not_picked":["Dodge and Roll","Outmaneuver"],"picked":"Backflip","floor":1.0},{"not_picked":["Acrobatics","Quick Slash"],"picked":"Bane","floor":5.0},{"not_picked":["Slice","Accuracy"],"picked":"Footwork","floor":6.0},{"not_picked":["Predator","Blade Dance"],"picked":"Bouncing Flask","floor":7.0},{"not_picked":["Choke","Deadly Poison"],"picked":"Escape Plan","floor":8.0},{"not_picked":["Tactician","Flying Knee","PiercingWail"],"picked":"SKIP","floor":10.0},{"not_picked":["Deflect","Backflip"],"picked":"Noxious Fumes","floor":11.0},{"not_picked":["Dagger Spray","Sucker Punch"],"picked":"Deflect","floor":12.0},{"not_picked":["Predator","Poisoned Stab"],"picked":"Corpse Explosion","floor":14.0},{"not_picked":["Night Terror","Doppelganger"],"picked":"Malaise","floor":16.0},{"not_picked":["Finisher","Caltrops"],"picked":"Backflip","floor":18},{"not_picked":["Noxious Fumes","Endless Agony"],"picked":"Bouncing Flask","floor":23}],"player_experience":619158,"relics_obtained":[{"floor":6.0,"key":"Bottled Flame"},{"floor":9.0,"key":"Dream Catcher"}],"event_choices":[{"damage_healed":0.0,"max_hp_gain":0.0,"max_hp_loss":0.0,"gold_gain":275.0,"event_name":"Golden Shrine","player_choice":"Desecrate","floor":2.0,"gold_loss":0.0,"damage_taken":0.0,"cards_obtained":["Regret"]},{"cards_removed":["Shame"],"damage_healed":0.0,"max_hp_gain":0.0,"max_hp_loss":0.0,"gold_gain":0.0,"event_name":"Purifier","player_choice":"Purged","floor":4.0,"gold_loss":0.0,"damage_taken":0.0},{"damage_healed":0,"gold_gain":50,"player_choice":"Stole From Cult","damage_taken":0,"max_hp_gain":0,"max_hp_loss":0,"event_name":"Nest","floor":19,"gold_loss":0},{"damage_healed":0,"gold_gain":0,"player_choice":"Ignored","damage_taken":0,"max_hp_gain":0,"max_hp_loss":0,"event_name":"Vampires","floor":21,"gold_loss":0}],"is_beta":false,"boss_relics":[{"not_picked":["White Beast Statue","WristBlade"],"picked":"Pandora\u0027s Box"}],"items_purged_floors":[3],"is_endless":false,"potions_floor_spawned":[5,8,11,12,16],"killed_by":"Snake Plant","ascension_level":18}