{"gold_per_floor":[110,128,74,349,363,363,398,348,348,362,388,442,442],"floor_reached":13,"playtime":447,"items_purged":[],"score":112,"play_id":"c5ae9b32-5c3e-46df-8a6e-402b74719066","local_time":"20180814213059","is_ascension_mode":true,"campfire_choices":[{"floor":6,"key":"REST"}],"neow_cost":"PERCENT_DAMAGE","seed_source_timestamp":358530730856755,"circlet_count":0,"master_deck":["Strike_B","Strike_B","Strike_B","Strike_B","Defend_B","Defend_B","Defend_B","Defend_B","Zap","Dualcast","Redo","Hologram","Coolheaded","Sunder","Doom and Gloom","Gash","Gash"],"relics":["Cracked Core","Incense Burner","StoneCalendar","Dead Branch","Shuriken"],"potions_floor_usage":[11,11],"damage_taken":[{"damage":0,"enemies":"Cultist","floor":1,"turns":3},{"damage":0,"enemies":"Small Slimes","floor":2,"turns":2},{"damage":16,"enemies":"Jaw Worm","floor":5,"turns":5},{"damage":42,"enemies":"3 Sentries","floor":7,"turns":9},{"damage":2,"enemies":"Blue Slaver","floor":10,"turns":3},{"damage":11,"enemies":"Gremlin Nob","floor":11,"turns":4},{"damage":18,"enemies":"Large Slime","floor":13,"turns":1}],"seed_played":"923046190356528507","potions_obtained":[{"floor":5,"key":"Weak Potion"},{"floor":10,"key":"Poison Potion"}],"is_trial":false,"path_per_floor":["M","M","$","?","M","R","E","?","T","M","E","?"],"character_chosen":"DEFECT","items_purchased":["Coolheaded"],"campfire_rested":1,"item_purchase_floors":[3],"current_hp_per_floor":[54,54,54,54,38,60,18,18,18,16,5,5,0],"gold":442,"neow_bonus":"ONE_RARE_RELIC","is_prod":false,"is_daily":false,"chose_seed":false,"campfire_upgraded":0,"win_rate":0,"timestamp":1534296659,"path_taken":["M","M","?","?","?","R","E","?","T","M","E","?","?"],"build_version":"2018-08-09","purchased_purges":0,"victory":false,"max_hp_per_floor":[75,75,75,75,75,75,75,75,75,75,75,75,75],"card_choices":[{"not_picked":["Go for the Eyes","Rebound"],"picked":"Redo","floor":1},{"not_picked":["Sweeping Beam","Conserve Battery"],"picked":"Hologram","floor":2},{"not_picked":["Capacitor","Storm"],"picked":"Sunder","floor":5},{"not_picked":["Conserve Battery","Steam"],"picked":"Doom and Gloom","floor":7},{"not_picked":["Amplify","Rebound"],"picked":"Gash","floor":10},{"not_picked":["Chill","Hello World"],"picked":"Gash","floor":11}],"player_experience":191753,"relics_obtained":[{"floor":7,"key":"StoneCalendar"},{"floor":9,"key":"Dead Branch"},{"floor":11,"key":"Shuriken"}],"event_choices":[{"event_name":"Golden Shrine","player_choice":"Desecrate","floor":4,"damage_taken":0},{"event_name":"The Cleric","player_choice":"Card Removal","floor":8,"damage_taken":0},{"event_name":"Golden Wing","player_choice":"Gained Gold","floor":12,"damage_taken":0}],"is_beta":false,"boss_relics":[],"items_purged_floors":[],"is_endless":false,"potions_floor_spawned":[5,10],"killed_by":"Large Slime","ascension_level":4}