{"gold_per_floor":[209,227,243,243,243,243,272,288,313,327,356,56,56,56,56,158,158,168,181,41,41,53,86,86,151,151,218,218,228,259,309,309,405,405,424,439,450,172,184,213,213,224,224,257,257,307,317,277,277,277],"floor_reached":51,"playtime":3556,"items_purged":["Strike_G","Strike_G","Strike_G"],"score":994,"play_id":"cf7dc1bd-028c-41db-b545-67221702cfbc","local_time":"20190331005959","is_ascension_mode":true,"campfire_choices":[{"data":"Poisoned Stab","floor":6,"key":"SMITH"},{"floor":15,"key":"REST"},{"floor":28,"key":"REST"},{"floor":32,"key":"REST"},{"floor":41,"key":"REST"},{"floor":45,"key":"REST"},{"floor":49,"key":"REST"}],"neow_cost":"NONE","seed_source_timestamp":151374404243302,"circlet_count":0,"master_deck":["Defend_G","Defend_G","Defend_G+1","Strike_G+1","Strike_G+1","Survivor+1","Neutralize","Dodge and Roll","Poisoned Stab+1","Unload+1","Bane","Underhanded Strike","Backflip","Envenom","Venomology","Noxious Fumes","Well Laid Plans","Crippling Poison","Bouncing Flask","Sucker Punch+1","Malaise","Footwork+1","Quick Slash+1"],"relics":["Ring of the Snake","Vajra","Whetstone","Snake Skull","Oddly Smooth Stone","Dodecahedron","Fusion Hammer","Happy Flower","SsserpentHead","Gremlin Horn","Sundial","Shuriken","Busted Crown","Regal Pillow","Juzu Bracelet","Molten Egg 2","Anchor"],"potions_floor_usage":[11,11,19,22,22,23,33,33,37,39,39,39,40,42,47,50,50],"damage_taken":[{"damage":3,"enemies":"Cultist","floor":1,"turns":5},{"damage":9,"enemies":"Jaw Worm","floor":2,"turns":6},{"damage":0,"enemies":"2 Louse","floor":3,"turns":3},{"damage":23,"enemies":"Lagavulin","floor":7,"turns":8},{"damage":6,"enemies":"Exordium Thugs","floor":8,"turns":3},{"damage":0,"enemies":"3 Louse","floor":10,"turns":3},{"damage":0,"enemies":"Gremlin Nob","floor":11,"turns":2},{"damage":16,"enemies":"The Guardian","floor":16,"turns":9},{"damage":7,"enemies":"2 Thieves","floor":18,"turns":4},{"damage":0,"enemies":"Shell Parasite","floor":19,"turns":5},{"damage":10,"enemies":"Snake Plant","floor":22,"turns":4},{"damage":29,"enemies":"Slavers","floor":23,"turns":6},{"damage":13,"enemies":"3 Cultists","floor":25,"turns":4},{"damage":1,"enemies":"Chosen and Byrds","floor":27,"turns":5},{"damage":7,"enemies":"Shelled Parasite and Fungi","floor":29,"turns":4},{"damage":9,"enemies":"Gremlin Leader","floor":30,"turns":5},{"damage":45,"enemies":"Collector","floor":33,"turns":6},{"damage":9,"enemies":"3 Shapes","floor":35,"turns":4},{"damage":7,"enemies":"Orb Walker","floor":36,"turns":4},{"damage":11,"enemies":"Maw","floor":37,"turns":6},{"damage":4,"enemies":"Sphere and 2 Shapes","floor":39,"turns":4},{"damage":19,"enemies":"Reptomancer","floor":40,"turns":5},{"damage":1,"enemies":"3 Darklings","floor":42,"turns":5},{"damage":39,"enemies":"Giant Head","floor":44,"turns":9},{"damage":11,"enemies":"Maw","floor":47,"turns":6},{"damage":34,"enemies":"Awakened One","floor":50,"turns":11}],"seed_played":"6284516778900989229","potions_obtained":[{"floor":8,"key":"PowerPotion"},{"floor":10,"key":"FearPotion"},{"floor":18,"key":"Energy Potion"},{"floor":19,"key":"PowerPotion"},{"floor":27,"key":"FairyPotion"},{"floor":33,"key":"Strength Potion"},{"floor":42,"key":"Energy Potion"}],"is_trial":false,"path_per_floor":["M","M","M","?","?","R","E","M","T","M","E","$","?","?","R","B",null,"M","M","$","?","M","E","?","M","T","M","R","M","E","?","R","B",null,"M","M","M","$","M","E","R","M","T","E","R","?","M","?","R","B",null],"character_chosen":"THE_SILENT","items_purchased":["Oddly Smooth Stone","Envenom","Well Laid Plans","Regal Pillow"],"campfire_rested":6,"item_purchase_floors":[12,12,20,38],"current_hp_per_floor":[67,58,58,44,44,44,21,15,15,15,15,15,3,26,47,31,70,63,70,70,61,51,22,22,9,9,8,29,22,13,13,34,7,70,61,54,43,43,39,20,56,55,55,16,52,52,41,41,70,36],"gold":277,"neow_bonus":"HUNDRED_GOLD","is_prod":false,"is_daily":false,"chose_seed":false,"campfire_upgraded":1,"win_rate":0,"timestamp":1553993999,"path_taken":["M","M","?","?","?","R","E","M","T","?","E","$","?","?","R","BOSS","M","M","$","?","M","E","?","?","T","?","R","M","E","?","R","BOSS","M","M","M","$","M","E","R","M","T","E","R","?","M","?","R","BOSS"],"build_version":"2019-01-23","purchased_purges":3,"victory":true,"max_hp_per_floor":[70,70,70,70,70,70,70,70,70,70,70,70,70,70,70,70,70,70,70,70,70,70,70,70,70,70,70,70,70,70,70,70,70,70,70,70,70,70,70,70,70,70,70,70,70,70,70,70,70,70],"card_choices":[{"not_picked":["Blade Dance","Blur"],"picked":"Dodge and Roll","floor":1},{"not_picked":["Prepared","Escape Plan"],"picked":"Poisoned Stab","floor":2},{"not_picked":["Accuracy","Masterful Stab","Escape Plan"],"picked":"SKIP","floor":3},{"not_picked":["PiercingWail","Backstab"],"picked":"Bane","floor":7},{"not_picked":["Underhanded Strike","Concentrate","Escape Plan"],"picked":"SKIP","floor":8},{"not_picked":["Masterful Stab","Dagger Spray"],"picked":"Underhanded Strike","floor":10},{"not_picked":["Underhanded Strike","Dagger Spray"],"picked":"Backflip","floor":11},{"not_picked":["Die Die Die","A Thousand Cuts"],"picked":"Venomology","floor":16},{"not_picked":["Backflip+1","Poisoned Stab"],"picked":"Noxious Fumes","floor":18},{"not_picked":["Acrobatics+1","Deflect","Dodge and Roll+1"],"picked":"SKIP","floor":19},{"not_picked":["Dodge and Roll","Escape Plan"],"picked":"Crippling Poison","floor":23},{"not_picked":["Skewer","Prepared","Distraction"],"picked":"SKIP","floor":27},{"not_picked":["Dodge and Roll+1","Skewer"],"picked":"Bouncing Flask","floor":29},{"not_picked":["Phantasmal Killer","Choke+1"],"picked":"Sucker Punch+1","floor":30},{"not_picked":["Bullet Time","Grand Finale"],"picked":"Malaise","floor":33},{"not_picked":[],"picked":"Footwork+1","floor":40},{"not_picked":["Prepared"],"picked":"SKIP","floor":42},{"not_picked":[],"picked":"Quick Slash+1","floor":44},{"not_picked":["Infinite Blades"],"picked":"SKIP","floor":47}],"player_experience":376902,"relics_obtained":[{"floor":7,"key":"Vajra"},{"floor":9,"key":"Whetstone"},{"floor":11,"key":"Snake Skull"},{"floor":23,"key":"Happy Flower"},{"floor":26,"key":"Gremlin Horn"},{"floor":30,"key":"Sundial"},{"floor":40,"key":"Juzu Bracelet"},{"floor":43,"key":"Molten Egg 2"},{"floor":44,"key":"Anchor"}],"event_choices":[{"damage_healed":0,"gold_gain":0,"player_choice":"Entered Light","damage_taken":14,"max_hp_gain":0,"max_hp_loss":0,"event_name":"Shining Light","floor":4,"gold_loss":0,"cards_upgraded":["Defend_G","Strike_G"]},{"damage_healed":0,"gold_gain":0,"cards_transformed":["Defend_G"],"player_choice":"Change","damage_taken":0,"max_hp_gain":0,"max_hp_loss":0,"event_name":"Living Wall","floor":5,"gold_loss":0,"cards_obtained":["Unload"]},{"damage_healed":0,"gold_gain":0,"player_choice":"Success","damage_taken":12,"relics_obtained":["Dodecahedron"],"max_hp_gain":0,"max_hp_loss":0,"event_name":"Scrap Ooze","floor":13,"gold_loss":0},{"damage_healed":23,"gold_gain":0,"player_choice":"Banana","damage_taken":0,"max_hp_gain":0,"max_hp_loss":0,"event_name":"Big Fish","floor":14,"gold_loss":0},{"damage_healed":0,"gold_gain":0,"player_choice":"Stopped","damage_taken":9,"max_hp_gain":0,"max_hp_loss":0,"event_name":"Cursed Tome","floor":21,"gold_loss":0},{"damage_healed":0,"gold_gain":0,"player_choice":"Trade","damage_taken":0,"relics_obtained":["SsserpentHead"],"max_hp_gain":0,"max_hp_loss":0,"event_name":"FaceTrader","floor":24,"gold_loss":0},{"damage_healed":0,"gold_gain":0,"player_choice":"Opened","damage_taken":0,"relics_obtained":["Shuriken"],"max_hp_gain":0,"max_hp_loss":0,"event_name":"The Mausoleum","floor":31,"gold_loss":0},{"damage_healed":0,"gold_gain":0,"player_choice":"0 cards matched","damage_taken":0,"max_hp_gain":0,"max_hp_loss":0,"event_name":"Match and Keep!","floor":46,"gold_loss":0,"cards_obtained":[]},{"cards_removed":["Defend_G"],"damage_healed":0,"gold_gain":0,"player_choice":"Upgrade and Remove","damage_taken":0,"max_hp_gain":0,"max_hp_loss":0,"event_name":"Designer","floor":48,"gold_loss":90,"cards_upgraded":["Survivor"]}],"is_beta":false,"boss_relics":[{"not_picked":["WristBlade","Runic Dome"],"picked":"Fusion Hammer"},{"not_picked":["Lizard Tail","Empty Cage"],"picked":"Busted Crown"}],"items_purged_floors":[12,20,38],"is_endless":false,"potions_floor_spawned":[8,10,18,19,27,29,33,37,42,44],"ascension_level":3}