{"gold_per_floor":[15,35,54,65,81,81,106,106,106,140,140,140,155,80,80,80],"floor_reached":16,"playtime":722,"items_purged":["Strike_B"],"score":224,"play_id":"bcd70fa9-3d25-4bb4-936e-d8e68252983e","local_time":"20190504082141","is_ascension_mode":true,"campfire_choices":[{"data":"Sunder","floor":6.0,"key":"SMITH"},{"floor":8.0,"key":"REST"},{"data":"Zap","floor":15,"key":"SMITH"}],"neow_cost":"NO_GOLD","seed_source_timestamp":121925980282105,"circlet_count":0,"master_deck":["AscendersBane","Strike_B","Strike_B","Strike_B","Defend_B","Defend_B","Defend_B","Defend_B","Zap+1","Dualcast","Ball Lightning","Sunder+1","Hologram","BootSequence","Leap","Auto Shields","Doom and Gloom"],"special_seed":0,"relics":["Cracked Core","Dead Branch","Ancient Tea Set","Question Card","Pantograph","Singing Bowl","Golden Idol"],"potions_floor_usage":[16],"damage_taken":[{"damage":4.0,"enemies":"Small Slimes","floor":1.0,"turns":3.0},{"damage":7.0,"enemies":"Jaw Worm","floor":2.0,"turns":3.0},{"damage":0.0,"enemies":"Cultist","floor":3.0,"turns":2.0},{"damage":13.0,"enemies":"Exordium Wildlife","floor":4.0,"turns":4.0},{"damage":2.0,"enemies":"Looter","floor":5.0,"turns":3.0},{"damage":19.0,"enemies":"Lagavulin","floor":7.0,"turns":6.0},{"damage":20.0,"enemies":"Gremlin Nob","floor":10.0,"turns":4.0},{"damage":1,"enemies":"Large Slime","floor":13,"turns":4},{"damage":31,"enemies":"Hexaghost","floor":16,"turns":9}],"seed_played":"3343687162392164624","potions_obtained":[{"floor":2.0,"key":"SkillPotion"},{"floor":5.0,"key":"FocusPotion"},{"floor":13,"key":"FearPotion"}],"is_trial":false,"path_per_floor":["M","M","M","M","M","R","E","R","T","E","?","?","M","$","R","B"],"character_chosen":"DEFECT","items_purchased":[],"campfire_rested":1,"item_purchase_floors":[],"current_hp_per_floor":[60,53,53,40,38,38,19,40,40,20,2,2,3,3,3,0],"gold":80,"neow_bonus":"ONE_RARE_RELIC","is_prod":false,"is_daily":false,"chose_seed":false,"campfire_upgraded":2,"win_rate":0,"timestamp":1556976101,"path_taken":["M","M","M","M","M","R","E","R","T","E","?","?","M","$","R","BOSS"],"build_version":"2019-01-23","purchased_purges":1,"victory":false,"max_hp_per_floor":[71,71,71,71,71,71,71,71,71,71,71,64,66,66,66,66],"card_choices":[{"not_picked":["Barrage","Steam"],"picked":"Ball Lightning","floor":1.0},{"not_picked":["Blizzard","Hologram"],"picked":"Sunder","floor":2.0},{"not_picked":["Compile Driver","Rebound"],"picked":"Hologram","floor":3.0},{"not_picked":["Cold Snap","Darkness"],"picked":"BootSequence","floor":4.0},{"not_picked":["Force Field","Streamline"],"picked":"Leap","floor":5.0},{"not_picked":["Heatsinks","Coolheaded"],"picked":"Auto Shields","floor":7.0},{"not_picked":["Meteor Strike","Gash","Sweeping Beam"],"picked":"Doom and Gloom","floor":10.0},{"not_picked":["Coolheaded","Leap","Beam Cell","Cold Snap"],"picked":"Singing Bowl","floor":13}],"player_experience":1105744,"relics_obtained":[{"floor":7.0,"key":"Ancient Tea Set"},{"floor":9.0,"key":"Question Card"},{"floor":10.0,"key":"Pantograph"}],"event_choices":[{"damage_healed":0.0,"max_hp_gain":0.0,"max_hp_loss":0.0,"gold_gain":0.0,"event_name":"Scrap Ooze","player_choice":"Success","floor":11.0,"gold_loss":0.0,"damage_taken":18.0,"relics_obtained":["Singing Bowl"]},{"damage_healed":0.0,"max_hp_gain":0.0,"max_hp_loss":7.0,"gold_gain":0.0,"event_name":"Golden Idol","player_choice":"Lose Max HP","floor":12.0,"gold_loss":0.0,"damage_taken":0.0,"relics_obtained":["Golden Idol"]}],"is_beta":false,"boss_relics":[],"items_purged_floors":[14],"is_endless":false,"potions_floor_spawned":[2,5,13],"killed_by":"Hexaghost","ascension_level":20}