{"gold_per_floor":[119,119,119,136,154,154,485,485,485,541,541],"floor_reached":11,"playtime":412,"items_purged":[],"score":78,"play_id":"d41bdbbd-decd-4b77-b621-ff5d008c3120","local_time":"20180729230536","is_ascension_mode":true,"campfire_choices":[{"data":"Hologram","floor":6,"key":"SMITH"},{"data":"Zap","floor":8,"key":"SMITH"}],"neow_cost":"NONE","seed_source_timestamp":680219734874748,"circlet_count":0,"master_deck":["Strike_B","Strike_B","Strike_B","Defend_B","Defend_B","Defend_B","Zap+1","Dualcast","Leap","Steam","Hologram+1","Heatsinks","Rip and Tear","Double Energy"],"relics":["Philosopher\u0027s Stone","Old Coin","Ginger","Darkstone Periapt"],"potions_floor_usage":[7],"damage_taken":[{"damage":0,"enemies":"Cultist","floor":1,"turns":4},{"damage":2,"enemies":"Small Slimes","floor":4,"turns":3},{"damage":0,"enemies":"2 Louse","floor":5,"turns":3},{"damage":16,"enemies":"3 Sentries","floor":7,"turns":10},{"damage":49,"enemies":"Gremlin Nob","floor":10,"turns":5},{"damage":2,"enemies":"Large Slime","floor":11,"turns":3}],"seed_played":"4459110391156102236","potions_obtained":[{"floor":5,"key":"EssenceOfSteel"}],"is_trial":false,"path_per_floor":["M","?","?","M","M","R","E","R","T","?"],"character_chosen":"DEFECT","items_purchased":[],"campfire_rested":0,"item_purchase_floors":[],"current_hp_per_floor":[75,68,68,66,66,66,50,50,50,1,0],"gold":541,"neow_bonus":"BOSS_RELIC","is_prod":false,"is_daily":false,"chose_seed":false,"campfire_upgraded":2,"win_rate":0,"timestamp":1532919936,"path_taken":["M","?","?","M","M","R","E","R","T","?","M"],"build_version":"2018-07-26","purchased_purges":0,"victory":false,"max_hp_per_floor":[75,75,75,75,75,75,75,75,75,75,75],"card_choices":[{"not_picked":["Undo","Coolheaded"],"picked":"Leap","floor":1},{"not_picked":["Coolheaded","Redo"],"picked":"Hologram","floor":4},{"not_picked":["Compile Driver","Stack"],"picked":"Heatsinks","floor":5},{"not_picked":["Static Discharge","Turbo"],"picked":"Rip and Tear","floor":7},{"not_picked":["Cold Snap","Turbo"],"picked":"Double Energy","floor":10}],"player_experience":148594,"relics_obtained":[{"floor":7,"key":"Old Coin"},{"floor":9,"key":"Ginger"},{"floor":10,"key":"Darkstone Periapt"}],"event_choices":[{"event_name":"Golden Wing","player_choice":"Card Removal","floor":2,"damage_taken":0},{"event_name":"Living Wall","player_choice":"Change","floor":3,"damage_taken":0},{"event_name":"Dead Adventurer","player_choice":"Searched \u00273\u0027 times","floor":10,"damage_taken":0}],"is_beta":false,"boss_relics":[],"items_purged_floors":[],"is_endless":false,"potions_floor_spawned":[5],"killed_by":"Large Slime","ascension_level":2}