{"gold_per_floor":[12,30,30,30,30,69,69,82,105,70,138,161,161,201,201,326,326,350,92,92,115,25,25,44,44,67,106,21,54,54,54,54,175,175,188,207,9,9,73,73,73],"floor_reached":41,"playtime":2577,"items_purged":["Injury"],"score":712,"play_id":"f37ecc5d-e9d9-439e-bc84-6be486926a90","local_time":"20181019183448","is_ascension_mode":true,"campfire_choices":[{"floor":7.0,"key":"REST"},{"data":"Consume","floor":13.0,"key":"SMITH"},{"data":"1","floor":15.0,"key":"LIFT"},{"data":"2","floor":23.0,"key":"LIFT"},{"data":"3","floor":25.0,"key":"LIFT"},{"data":"Hello World","floor":32.0,"key":"SMITH"},{"floor":40.0,"key":"REST"}],"neow_cost":"NO_GOLD","seed_source_timestamp":322161036345328,"circlet_count":0,"master_deck":["Defend_B+1","Defend_B","Defend_B+1","Zap","Dualcast","AscendersBane","Recycle","Doom and Gloom","Electrodynamics","Coolheaded","Consume+1","Sweeping Beam+1","Biased Cognition","Reprogram","Hello World+1","Coolheaded","BootSequence","Conserve Battery","Capacitor+1","White Noise","Bite","Bite","Bite","Bite","Bite","Amplify","White Noise","Steam Power+1","Lockon+1"],"special_seed":0,"relics":["Cracked Core","Thread and Needle","Golden Idol","Juzu Bracelet","Bottled Lightning","Bag of Preparation","Darkstone Periapt","Girya","Nuclear Battery","Oddly Smooth Stone","Bag of Marbles","DataDisk","Strawberry","Blue Candle","Philosopher\u0027s Stone","ClockworkSouvenir","Gambling Chip"],"potions_floor_usage":[],"damage_taken":[{"damage":8.0,"enemies":"Jaw Worm","floor":1.0,"turns":3.0},{"damage":0.0,"enemies":"2 Louse","floor":2.0,"turns":2.0},{"damage":11.0,"enemies":"3 Sentries","floor":6.0,"turns":5.0},{"damage":0.0,"enemies":"Small Slimes","floor":8.0,"turns":3.0},{"damage":0.0,"enemies":"2 Fungi Beasts","floor":12.0,"turns":2.0},{"damage":2.0,"enemies":"Lagavulin","floor":14.0,"turns":8.0},{"damage":12.0,"enemies":"The Guardian","floor":16.0,"turns":12.0},{"damage":12.0,"enemies":"Shell Parasite","floor":18.0,"turns":6.0},{"damage":1.0,"enemies":"2 Thieves","floor":21.0,"turns":4.0},{"damage":0.0,"enemies":"Centurion and Healer","floor":24.0,"turns":5.0},{"damage":0.0,"enemies":"Gremlin Leader","floor":27.0,"turns":5.0},{"damage":2.0,"enemies":"Slavers","floor":29.0,"turns":3.0},{"damage":48.0,"enemies":"Automaton","floor":33.0,"turns":11.0},{"damage":6.0,"enemies":"3 Shapes","floor":35.0,"turns":3.0},{"damage":7.0,"enemies":"3 Darklings","floor":36.0,"turns":3.0},{"damage":10.0,"enemies":"2 Orb Walkers","floor":39.0,"turns":3.0},{"damage":66,"enemies":"Reptomancer","floor":41,"turns":4}],"seed_played":"924911305612393610","potions_obtained":[{"floor":1.0,"key":"Energy Potion"},{"floor":6.0,"key":"FearPotion"},{"floor":8.0,"key":"PowerPotion"},{"floor":18.0,"key":"LiquidBronze"},{"floor":27.0,"key":"Regen Potion"},{"floor":29.0,"key":"PowerPotion"}],"is_trial":false,"path_per_floor":["M","M","?","?","?","E","R","M","T","?","T","M","R","E","R","B",null,"M","$","?","M","?","R","M","R","T","E","?","E","$","?","R","B",null,"M","M","$","$","?","R"],"character_chosen":"DEFECT","items_purchased":["Hello World","Oddly Smooth Stone","ClockworkSouvenir"],"campfire_rested":2,"item_purchase_floors":[19,19,37],"current_hp_per_floor":[60,60,60,35,20,9,31,31,31,49,49,49,49,47,47,35,65,53,53,53,52,52,52,52,52,52,52,59,57,57,57,57,21,48,46,45,45,45,48,57,0],"gold":73,"neow_bonus":"ONE_RARE_RELIC","is_prod":false,"is_daily":false,"chose_seed":false,"campfire_upgraded":2,"win_rate":0,"timestamp":1539988488,"path_taken":["M","M","?","?","?","E","R","M","T","?","?","M","R","E","R","BOSS","M","$","?","M","?","R","M","R","T","E","?","E","?","?","R","BOSS","M","M","?","$","?","R","E"],"build_version":"2018-10-18","purchased_purges":1,"victory":false,"max_hp_per_floor":[75,75,75,75,75,75,75,75,75,75,75,75,75,75,75,75,75,75,75,75,75,75,75,75,75,75,75,82,82,82,57,57,57,57,57,57,57,57,57,57,57],"card_choices":[{"not_picked":["Undo","Fusion"],"picked":"Recycle","floor":1.0},{"not_picked":["Aggregate","Rip and Tear"],"picked":"Doom and Gloom","floor":2.0},{"not_picked":["Barrage","Stack"],"picked":"Electrodynamics","floor":6.0},{"not_picked":["Cold Snap","Conserve Battery"],"picked":"Coolheaded","floor":8.0},{"not_picked":["Streamline","Beam Cell"],"picked":"Consume","floor":12.0},{"not_picked":["Doom and Gloom","Barrage"],"picked":"Sweeping Beam","floor":14.0},{"not_picked":["Rainbow","Meteor Strike"],"picked":"Biased Cognition","floor":16.0},{"not_picked":["Steam","Beam Cell"],"picked":"Reprogram","floor":18.0},{"not_picked":["Steam","Recycle","Compile Driver"],"picked":"SKIP","floor":21.0},{"not_picked":["Lockon+1","Barrage"],"picked":"Conserve Battery","floor":24.0},{"not_picked":["Turbo","Go for the Eyes"],"picked":"Capacitor+1","floor":27.0},{"not_picked":["Undo+1","Auto Shields"],"picked":"White Noise","floor":29.0},{"not_picked":["Reboot","Rainbow"],"picked":"Amplify","floor":33.0},{"not_picked":["Blizzard+1","Beam Cell+1"],"picked":"White Noise","floor":35.0},{"not_picked":["Chaos+1","Loop"],"picked":"Steam Power+1","floor":36.0},{"not_picked":["Genetic Algorithm","Go for the Eyes+1"],"picked":"Lockon+1","floor":39.0}],"player_experience":364311,"relics_obtained":[{"floor":6.0,"key":"Bottled Lightning"},{"floor":9.0,"key":"Bag of Preparation"},{"floor":11.0,"key":"Darkstone Periapt"},{"floor":14.0,"key":"Girya"},{"floor":26.0,"key":"Bag of Marbles"},{"floor":27.0,"key":"DataDisk"},{"floor":29.0,"key":"Blue Candle"},{"floor":39.0,"key":"Gambling Chip"}],"event_choices":[{"damage_healed":0.0,"max_hp_gain":0.0,"max_hp_loss":0.0,"gold_gain":0.0,"event_name":"Golden Idol","player_choice":"Take Wound","floor":3.0,"gold_loss":0.0,"damage_taken":0.0,"relics_obtained":["Golden Idol"],"cards_obtained":["Injury"]},{"damage_healed":0.0,"max_hp_gain":0.0,"max_hp_loss":0.0,"gold_gain":0.0,"event_name":"Scrap Ooze","player_choice":"Success","floor":4.0,"gold_loss":0.0,"damage_taken":25.0,"relics_obtained":["Juzu Bracelet"]},{"damage_healed":0.0,"max_hp_gain":0.0,"max_hp_loss":0.0,"gold_gain":0.0,"event_name":"Shining Light","player_choice":"Entered Light","floor":5.0,"gold_loss":0.0,"damage_taken":15.0,"cards_upgraded":["Defend_B","Defend_B"]},{"damage_healed":18.0,"max_hp_gain":0.0,"max_hp_loss":0.0,"gold_gain":0.0,"event_name":"The Cleric","player_choice":"Healed","floor":10.0,"gold_loss":35.0,"damage_taken":0.0},{"damage_healed":0.0,"max_hp_gain":0.0,"max_hp_loss":0.0,"gold_gain":0.0,"cards_transformed":["Strike_B","Strike_B"],"event_name":"Drug Dealer","player_choice":"Became Test Subject","floor":20.0,"gold_loss":0.0,"damage_taken":0.0,"cards_obtained":["Coolheaded","BootSequence"]},{"cards_removed":["Defend_B"],"damage_healed":0.0,"max_hp_gain":0.0,"max_hp_loss":0.0,"gold_gain":0.0,"event_name":"Designer","player_choice":"Upgrade and Remove","floor":22.0,"gold_loss":90.0,"damage_taken":0.0,"cards_upgraded":["Sweeping Beam"]},{"damage_healed":0.0,"max_hp_gain":0.0,"max_hp_loss":0.0,"gold_gain":0.0,"event_name":"Addict","player_choice":"Obtained Relic","floor":28.0,"gold_loss":85.0,"damage_taken":0.0,"relics_obtained":["Strawberry"]},{"damage_healed":0.0,"max_hp_gain":0.0,"max_hp_loss":25.0,"gold_gain":0.0,"event_name":"Vampires","player_choice":"Became a vampire","floor":31.0,"gold_loss":0.0,"damage_taken":0.0,"cards_obtained":["Bite","Bite","Bite","Bite","Bite"]},{"damage_healed":0.0,"max_hp_gain":0.0,"max_hp_loss":0.0,"gold_gain":0.0,"event_name":"Mysterious Sphere","player_choice":"Fight","floor":39.0,"gold_loss":0.0,"damage_taken":0.0}],"is_beta":false,"boss_relics":[{"not_picked":["Orrery","Runic Dome"],"picked":"Nuclear Battery"},{"not_picked":["FrozenCore","Tiny House"],"picked":"Philosopher\u0027s Stone"}],"items_purged_floors":[19],"is_endless":false,"potions_floor_spawned":[1,6,8,14,18,27,29],"killed_by":"Reptomancer","ascension_level":10}