{"gold_per_floor":[20,39,39,55,55,55,55,55,55,55,83,96,120,153,153,153],"floor_reached":16,"playtime":466,"items_purged":[],"score":216,"play_id":"43013258-decf-439a-a3ba-fb90ea81e64f","local_time":"20190331212043","is_ascension_mode":true,"campfire_choices":[{"data":"Hemokinesis","floor":6.0,"key":"SMITH"},{"data":"Bash","floor":8.0,"key":"SMITH"},{"data":"Twin Strike","floor":10.0,"key":"SMITH"},{"data":"Inflame","floor":15.0,"key":"SMITH"}],"neow_cost":"NO_GOLD","seed_source_timestamp":95656808109216,"circlet_count":0,"master_deck":["AscendersBane","Strike_R","Strike_R","Strike_R","Strike_R","Defend_R","Defend_R","Defend_R+1","Bash+1","Spot Weakness+1","Twin Strike+1","Hemokinesis+1","Inflame+1","Iron Wave","Cleave"],"special_seed":0,"relics":["Burning Blood","War Paint","Vajra","PreservedInsect","Question Card"],"potions_floor_usage":[16,16],"damage_taken":[{"damage":6.0,"enemies":"2 Louse","floor":1.0,"turns":4.0},{"damage":16.0,"enemies":"Jaw Worm","floor":2.0,"turns":5.0},{"damage":3.0,"enemies":"Small Slimes","floor":4.0,"turns":4.0},{"damage":30.0,"enemies":"Lagavulin","floor":11.0,"turns":4.0},{"damage":8.0,"enemies":"Exordium Wildlife","floor":12.0,"turns":3.0},{"damage":9.0,"enemies":"3 Sentries","floor":14.0,"turns":4.0},{"damage":42,"enemies":"Hexaghost","floor":16,"turns":8}],"seed_played":"9046489377705048063","potions_obtained":[{"floor":1.0,"key":"Block Potion"},{"floor":11.0,"key":"GamblersBrew"},{"floor":12.0,"key":"Block Potion"},{"floor":14.0,"key":"SteroidPotion"}],"is_trial":false,"path_per_floor":["M","M","?","M","?","R","$","R","T","R","E","M","T","E","R","B"],"character_chosen":"IRONCLAD","items_purchased":[],"campfire_rested":0,"item_purchase_floors":[],"current_hp_per_floor":[68,58,63,66,66,66,66,66,66,66,42,40,40,37,37,0],"gold":153,"neow_bonus":"REMOVE_TWO","is_prod":false,"is_daily":false,"chose_seed":false,"campfire_upgraded":4,"win_rate":0,"timestamp":1554081643,"path_taken":["M","M","?","M","?","R","$","R","T","R","E","M","?","E","R","BOSS"],"build_version":"2019-01-23","purchased_purges":0,"victory":false,"max_hp_per_floor":[75,75,80,80,80,80,80,80,80,80,80,80,80,80,80,80],"card_choices":[{"not_picked":["Sentinel","Wild Strike"],"picked":"Spot Weakness","floor":1.0},{"not_picked":["Shrug It Off","Havoc"],"picked":"Twin Strike","floor":2.0},{"not_picked":["Warcry","Infernal Blade"],"picked":"Hemokinesis","floor":4.0},{"not_picked":["Juggernaut","Body Slam"],"picked":"Inflame","floor":11.0},{"not_picked":["Heavy Blade","Pommel Strike"],"picked":"Iron Wave","floor":12.0},{"not_picked":["Rupture","Heavy Blade"],"picked":"Cleave","floor":14.0}],"player_experience":850789,"relics_obtained":[{"floor":9.0,"key":"War Paint"},{"floor":11.0,"key":"Vajra"},{"floor":13.0,"key":"PreservedInsect"},{"floor":14.0,"key":"Question Card"}],"event_choices":[{"damage_healed":0.0,"max_hp_gain":5.0,"max_hp_loss":0.0,"gold_gain":0.0,"event_name":"Big Fish","player_choice":"Donut","floor":3.0,"gold_loss":0.0,"damage_taken":0.0},{"damage_healed":0.0,"max_hp_gain":0.0,"max_hp_loss":0.0,"gold_gain":0.0,"event_name":"Liars Game","player_choice":"Ignored","floor":5.0,"gold_loss":0.0,"damage_taken":0.0}],"is_beta":false,"boss_relics":[],"items_purged_floors":[],"is_endless":false,"potions_floor_spawned":[1,11,12,14],"killed_by":"Hexaghost","ascension_level":20}