{"gold_per_floor":[114,189,209,219,70,98,98,131,131,131,161,181,181,203,215,322,334,334,274,117,117,117,117,117,117,117,117,117,117,117,117,117,117,117,117,25,25,25,25,25,25,25,25,25,25,25,25,25,25,25,25,25,25,25,25],"floor_reached":55,"playtime":4010,"items_purged":[],"score":774,"play_id":"222c1b14-1d9b-45ef-830c-ec15ca5413f8","local_time":"20190223164209","is_ascension_mode":true,"campfire_choices":[{"data":"Dash","floor":7.0,"key":"SMITH"},{"floor":15.0,"key":"REST"},{"data":"Backflip","floor":24,"key":"SMITH"},{"data":"Survivor","floor":32,"key":"SMITH"},{"floor":40,"key":"RECALL"},{"floor":42,"key":"REST"},{"floor":49,"key":"REST"},{"data":"Catalyst","floor":52,"key":"SMITH"}],"neow_cost":"NONE","seed_source_timestamp":0,"circlet_count":0,"master_deck":["Defend_G","Defend_G","Defend_G","Defend_G","Defend_G","Strike_G","Strike_G","Survivor+1","Neutralize","Flying Knee","Dash+1","Quick Slash","Backflip+1","Bane","PiercingWail","Phantasmal Killer","All Out Attack+1","Outmaneuver","Prepared","Dagger Throw+1","Reflex+1","Underhanded Strike","Envenom","Deadly Poison","Footwork+1","Outmaneuver+1","Terror","Dodge and Roll","Bouncing Flask","Catalyst+1","Deadly Poison+1","Leg Sweep","Backstab+1","PiercingWail+1","Calculated Gamble+1"],"special_seed":0,"relics":["Ring of the Snake","Anchor","Pantograph","Pocketwatch","Turnip","Vajra","Smiling Mask","MawBank","Ectoplasm","PreservedInsect","Gambling Chip","Sundial","Orrery","Question Card","Lantern"],"potions_floor_usage":[33,33,33,44,46,50,50],"damage_taken":[{"damage":1.0,"enemies":"Jaw Worm","floor":1.0,"turns":5.0},{"damage":0.0,"enemies":"Small Slimes","floor":3.0,"turns":3.0},{"damage":0.0,"enemies":"Cultist","floor":4.0,"turns":3.0},{"damage":16.0,"enemies":"Gremlin Nob","floor":6.0,"turns":5.0},{"damage":18.0,"enemies":"3 Sentries","floor":8.0,"turns":6.0},{"damage":0.0,"enemies":"Lagavulin","floor":11.0,"turns":5.0},{"damage":4.0,"enemies":"3 Louse","floor":12.0,"turns":3.0},{"damage":0.0,"enemies":"2 Fungi Beasts","floor":14.0,"turns":2.0},{"damage":37.0,"enemies":"The Guardian","floor":16.0,"turns":15.0},{"damage":0,"enemies":"Spheric Guardian","floor":18,"turns":3},{"damage":17,"enemies":"2 Thieves","floor":19,"turns":3},{"damage":3,"enemies":"Centurion and Healer","floor":21,"turns":7},{"damage":0,"enemies":"Gremlin Leader","floor":23,"turns":5},{"damage":5,"enemies":"Snecko","floor":25,"turns":6},{"damage":5,"enemies":"Sentry and Sphere","floor":28,"turns":5},{"damage":0,"enemies":"Cultist and Chosen","floor":29,"turns":4},{"damage":2,"enemies":"Centurion and Healer","floor":30,"turns":5},{"damage":47,"enemies":"Champ","floor":33,"turns":9},{"damage":4,"enemies":"Orb Walker","floor":35,"turns":3},{"damage":30,"enemies":"3 Darklings","floor":37,"turns":6},{"damage":9,"enemies":"Spire Growth","floor":39,"turns":4},{"damage":0,"enemies":"Maw","floor":41,"turns":7},{"damage":16,"enemies":"3 Darklings","floor":44,"turns":10},{"damage":33,"enemies":"Transient","floor":46,"turns":5},{"damage":4,"enemies":"Maw","floor":47,"turns":7},{"damage":54,"enemies":"Awakened One","floor":50,"turns":16},{"damage":65,"enemies":"Shield and Spear","floor":54,"turns":7},{"damage":55,"enemies":"The Heart","floor":55,"turns":2}],"seed_played":"-1681233425313390855","potions_obtained":[{"floor":4.0,"key":"SteroidPotion"},{"floor":6.0,"key":"Fire Potion"},{"floor":8.0,"key":"GhostInAJar"},{"floor":14.0,"key":"Energy Potion"},{"floor":19,"key":"Strength Potion"},{"floor":25,"key":"SneckoOil"},{"floor":29,"key":"Energy Potion"},{"floor":41,"key":"Weak Potion"},{"floor":46,"key":"AttackPotion"},{"floor":48,"key":"GhostInAJar"},{"floor":48,"key":"FairyPotion"}],"is_trial":false,"path_per_floor":["M","?","M","M","$","E","R","E","T","?","E","M","?","M","R","B",null,"M","M","$","M","?","E","R","M","T","?","M","M","M","T","R","B",null,"M","$","M","?","M","R","M","R","T","M","?","M","M","?","R","B",null,"R","$","E","B"],"character_chosen":"THE_SILENT","items_purchased":["Anchor","PreservedInsect","Catalyst","Swift Potion"],"campfire_rested":3,"item_purchase_floors":[5,20,36,36],"current_hp_per_floor":[76,65,65,65,65,49,49,31,31,31,31,27,2,2,25,13,77,77,60,60,57,57,57,57,52,52,57,52,52,50,50,50,28,77,73,73,43,43,34,34,34,57,57,41,41,8,4,4,27,7,77,77,77,12,0],"gold":25,"neow_bonus":"TEN_PERCENT_HP_BONUS","is_prod":false,"is_daily":false,"chose_seed":false,"campfire_upgraded":4,"win_rate":0,"timestamp":1550940129,"path_taken":["M","?","M","M","$","E","R","E","T","?","E","?","?","M","R","BOSS","M","M","$","M","?","E","R","M","T","?","M","M","?","?","R","BOSS","M","?","M","?","M","R","M","R","T","M","?","M","?","?","R","BOSS","R","$","E","BOSS"],"build_version":"2019-01-23","purchased_purges":0,"victory":false,"max_hp_per_floor":[77,77,77,77,77,77,77,77,77,77,77,77,77,77,77,77,77,77,77,77,77,77,77,77,77,77,77,77,77,77,77,77,77,77,77,77,77,77,77,77,77,77,77,77,77,77,77,77,77,77,77,77,77,77,77],"card_choices":[{"not_picked":["Finisher","PiercingWail"],"picked":"Flying Knee","floor":1.0},{"not_picked":["Accuracy","Prepared"],"picked":"Dash","floor":3.0},{"not_picked":["Escape Plan","Choke"],"picked":"Quick Slash","floor":4.0},{"not_picked":["Distraction","Prepared","Bane"],"picked":"SKIP","floor":6.0},{"not_picked":["Prepared","Expertise"],"picked":"Backflip","floor":8.0},{"not_picked":["Leg Sweep","Quick Slash"],"picked":"Bane","floor":11.0},{"not_picked":["Deflect","Tools of the Trade"],"picked":"PiercingWail","floor":12.0},{"not_picked":["Slice","Acrobatics","Calculated Gamble"],"picked":"SKIP","floor":14.0},{"not_picked":["Burst","After Image"],"picked":"Phantasmal Killer","floor":16.0},{"not_picked":["Concentrate","PiercingWail","Underhanded Strike"],"picked":"SKIP","floor":18},{"not_picked":["Dagger Throw+1","Poisoned Stab"],"picked":"All Out Attack+1","floor":19},{"not_picked":["Escape Plan","Slice"],"picked":"Outmaneuver","floor":21},{"not_picked":["Eviscerate","Deflect"],"picked":"Cloak And Dagger+1","floor":23},{"not_picked":["Blur","Cloak And Dagger"],"picked":"Dagger Throw+1","floor":25},{"not_picked":["Unload","Slice+1"],"picked":"Reflex+1","floor":28},{"not_picked":["Well Laid Plans+1","Prepared"],"picked":"Underhanded Strike","floor":29},{"not_picked":["PiercingWail","Expertise+1","Infinite Blades"],"picked":"SKIP","floor":30},{"not_picked":["Malaise","Night Terror"],"picked":"Envenom","floor":33},{"not_picked":["Backstab","Outmaneuver"],"picked":"Deadly Poison","floor":34},{"not_picked":["Backstab","Leg Sweep"],"picked":"Footwork+1","floor":34},{"not_picked":["A Thousand Cuts","Concentrate"],"picked":"Outmaneuver+1","floor":34},{"not_picked":["Escape Plan","Distraction"],"picked":"Terror","floor":34},{"not_picked":["Blade Dance+1","Heel Hook"],"picked":"Dodge and Roll","floor":34},{"not_picked":["Backflip","Footwork"],"picked":"Bouncing Flask","floor":35},{"not_picked":["Footwork+1","Well Laid Plans"],"picked":"Deadly Poison+1","floor":37},{"not_picked":["Noxious Fumes","Expertise+1"],"picked":"Leg Sweep","floor":39},{"not_picked":["Blade Dance+1","Poisoned Stab","Deflect+1"],"picked":"SKIP","floor":41},{"not_picked":["Footwork","Tactician","Backflip+1","Outmaneuver+1"],"picked":"SKIP","floor":44},{"not_picked":["All Out Attack","Poisoned Stab","Expertise"],"picked":"Backstab+1","floor":46},{"not_picked":["Leg Sweep+1","Acrobatics+1","Outmaneuver+1"],"picked":"PiercingWail+1","floor":47},{"not_picked":["Flying Knee","Tools of the Trade","Backflip+1"],"picked":"Calculated Gamble+1","floor":54}],"player_experience":274471,"relics_obtained":[{"floor":6.0,"key":"Pantograph"},{"floor":8.0,"key":"Pocketwatch"},{"floor":9.0,"key":"Turnip"},{"floor":10.0,"key":"Vajra"},{"floor":11.0,"key":"Smiling Mask"},{"floor":23,"key":"Gambling Chip"},{"floor":31,"key":"Sundial"},{"floor":43,"key":"Question Card"},{"floor":54,"key":"Lantern"}],"event_choices":[{"damage_healed":0.0,"max_hp_gain":0.0,"max_hp_loss":0.0,"gold_gain":75.0,"event_name":"World of Goop","player_choice":"Gather Gold","floor":2.0,"gold_loss":0.0,"damage_taken":11.0},{"damage_healed":0.0,"max_hp_gain":0.0,"max_hp_loss":0.0,"gold_gain":0.0,"event_name":"Wheel of Change","player_choice":"Relic","floor":10.0,"gold_loss":0.0,"damage_taken":0.0},{"damage_healed":0.0,"max_hp_gain":0.0,"max_hp_loss":0.0,"gold_gain":0.0,"event_name":"Scrap Ooze","player_choice":"Success","floor":13.0,"gold_loss":0.0,"damage_taken":25.0,"relics_obtained":["MawBank"]},{"damage_healed":0,"gold_gain":0,"cards_transformed":["Strike_G","Strike_G"],"player_choice":"Became Test Subject","damage_taken":0,"max_hp_gain":0,"max_hp_loss":0,"event_name":"Drug Dealer","floor":22,"gold_loss":0,"cards_obtained":["Noxious Fumes","Prepared"]},{"cards_removed":["Cloak And Dagger"],"damage_healed":5,"gold_gain":0,"player_choice":"Offered Common","damage_taken":0,"max_hp_gain":0,"max_hp_loss":0,"event_name":"Bonfire Elementals","floor":27,"gold_loss":0},{"cards_removed":["Cloak And Dagger"],"damage_healed":5,"gold_gain":0,"player_choice":"Offered Special","damage_taken":0,"max_hp_gain":0,"max_hp_loss":0,"event_name":"Bonfire Elementals","floor":27,"gold_loss":0},{"cards_removed":["Noxious Fumes"],"damage_healed":0,"gold_gain":0,"player_choice":"Removed Power","damage_taken":0,"max_hp_gain":0,"max_hp_loss":0,"event_name":"Falling","floor":38,"gold_loss":0},{"cards_removed":["Strike_G"],"damage_healed":0,"gold_gain":0,"player_choice":"Purged","damage_taken":0,"max_hp_gain":0,"max_hp_loss":0,"event_name":"Purifier","floor":45,"gold_loss":0},{"damage_healed":0,"gold_gain":0,"player_choice":"Got Potions","damage_taken":0,"max_hp_gain":0,"max_hp_loss":0,"event_name":"Lab","floor":48,"gold_loss":0}],"is_beta":false,"boss_relics":[{"not_picked":["Coffee Dripper","Empty Cage"],"picked":"Ectoplasm"},{"not_picked":["Black Star","Runic Pyramid"],"picked":"Orrery"}],"items_purged_floors":[],"is_endless":false,"potions_floor_spawned":[4,6,8,14,19,25,29,30,41,46],"killed_by":"The Heart","ascension_level":1}