{"gold_per_floor":[109,125,138,138,155,185,195,212,281,15,40,40,115,115,115,115],"floor_reached":16,"playtime":603,"items_purged":["Strike_G"],"score":118,"play_id":"89468ee5-64b3-46f2-9782-6b6a62abe924","local_time":"20190222225846","is_ascension_mode":true,"campfire_choices":[{"floor":12,"key":"REST"},{"floor":15,"key":"REST"}],"neow_cost":"NONE","seed_source_timestamp":16382793772081,"circlet_count":0,"master_deck":["Defend_G","Defend_G","Defend_G","Defend_G","Defend_G","Strike_G","Strike_G","Strike_G","Survivor","Neutralize","Dagger Throw","Poisoned Stab","Crippling Poison","Deadly Poison","Bouncing Flask+1","Bouncing Flask","Adrenaline"],"relics":["Ring of the Snake","NeowsBlessing","Juzu Bracelet","Molten Egg 2","DollysMirror","Dodecahedron"],"potions_floor_usage":[6,11,11],"damage_taken":[{"damage":0,"enemies":"Small Slimes","floor":1,"turns":1},{"damage":0,"enemies":"Cultist","floor":2,"turns":1},{"damage":0,"enemies":"2 Louse","floor":3,"turns":1},{"damage":1,"enemies":"Blue Slaver","floor":5,"turns":5},{"damage":16,"enemies":"3 Sentries","floor":6,"turns":10},{"damage":13,"enemies":"Large Slime","floor":7,"turns":8},{"damage":16,"enemies":"Gremlin Gang","floor":8,"turns":4},{"damage":16,"enemies":"Gremlin Nob","floor":11,"turns":3},{"damage":38,"enemies":"Slime Boss","floor":16,"turns":7}],"seed_played":"-7232427250062375199","potions_obtained":[{"floor":3,"key":"AttackPotion"},{"floor":5,"key":"Strength Potion"},{"floor":8,"key":"Energy Potion"}],"is_trial":false,"path_per_floor":["M","M","M","?","M","E","M","M","T","$","E","R","?","?","R","B"],"character_chosen":"THE_SILENT","items_purchased":["DollysMirror"],"campfire_rested":2,"item_purchase_floors":[10],"current_hp_per_floor":[70,70,70,70,69,53,40,24,24,24,8,29,18,18,39,1],"gold":115,"neow_bonus":"THREE_ENEMY_KILL","is_prod":false,"is_daily":false,"chose_seed":false,"campfire_upgraded":0,"win_rate":0,"timestamp":1550876326,"path_taken":["M","M","M","?","?","E","M","M","T","$","E","R","?","?","R","BOSS"],"build_version":"2019-01-23","purchased_purges":1,"victory":false,"max_hp_per_floor":[70,70,70,70,70,70,70,70,70,70,70,70,70,70,70,70],"card_choices":[{"not_picked":["Quick Slash","Slice"],"picked":"Dagger Throw","floor":1},{"not_picked":["Backstab","Blade Dance"],"picked":"Poisoned Stab","floor":2},{"not_picked":["Backflip","Dagger Spray"],"picked":"Crippling Poison","floor":3},{"not_picked":["Dagger Throw","Underhanded Strike","Choke"],"picked":"SKIP","floor":5},{"not_picked":["Dash","Acrobatics"],"picked":"Deadly Poison","floor":6},{"not_picked":["Deadly Poison","Cloak And Dagger"],"picked":"Bouncing Flask","floor":7},{"not_picked":["Expertise","Underhanded Strike","Well Laid Plans"],"picked":"SKIP","floor":8},{"not_picked":["Endless Agony+1","Footwork"],"picked":"Adrenaline","floor":11}],"player_experience":263200,"relics_obtained":[{"floor":6,"key":"Juzu Bracelet"},{"floor":9,"key":"Molten Egg 2"},{"floor":11,"key":"Dodecahedron"}],"event_choices":[{"cards_removed":["Strike_G"],"damage_healed":0,"gold_gain":0,"player_choice":"Purged","damage_taken":0,"max_hp_gain":0,"max_hp_loss":0,"event_name":"Purifier","floor":4,"gold_loss":0},{"damage_healed":0,"gold_gain":75,"player_choice":"Gather Gold","damage_taken":11,"max_hp_gain":0,"max_hp_loss":0,"event_name":"World of Goop","floor":13,"gold_loss":0},{"damage_healed":0,"gold_gain":0,"player_choice":"Grow","damage_taken":0,"max_hp_gain":0,"max_hp_loss":0,"event_name":"Living Wall","floor":14,"gold_loss":0,"cards_upgraded":["Bouncing Flask"]}],"is_beta":false,"boss_relics":[],"items_purged_floors":[10],"is_endless":false,"potions_floor_spawned":[3,5,8],"killed_by":"Slime Boss","ascension_level":1}