{"gold_per_floor":[117,128,141,141,151,151,54,74,74,84,117,137,165,165,165,264,264,280,297,312,237,137,137,164,164,164,197,210,228,228,228],"floor_reached":31,"playtime":2146,"items_purged":["Defend_G"],"score":429,"play_id":"9247e3e9-b4af-43d6-91a3-c8c95d34be26","local_time":"20190501004638","is_ascension_mode":true,"campfire_choices":[{"data":"Neutralize","floor":6,"key":"SMITH"},{"floor":15,"key":"REST"},{"floor":23,"key":"REST"}],"neow_cost":"NONE","seed_source_timestamp":679086967587289,"circlet_count":0,"master_deck":["Defend_G","Defend_G","Defend_G","Defend_G","Strike_G","Strike_G+1","Strike_G","Survivor","Neutralize+1","Deadly Poison","Deadly Poison+1","Backflip","Doppelganger","Poisoned Stab","Bane","Sucker Punch","Corpse Explosion","Venomology","Glass Knife+1","Cloak And Dagger+1","Blur","Blade Dance","Noxious Fumes","Blade Dance+1","Footwork","Bouncing Flask","PiercingWail","Dodge and Roll+1"],"relics":["Ring of the Snake","Shuriken","Omamori","Unceasing Top","Philosopher\u0027s Stone","Whetstone","Letter Opener","War Paint"],"potions_floor_usage":[13,14,16,16,20,24,24,24,27,28,30,30,30],"damage_taken":[{"damage":6,"enemies":"Cultist","floor":1,"turns":5},{"damage":1,"enemies":"Small Slimes","floor":2,"turns":4},{"damage":1,"enemies":"2 Louse","floor":3,"turns":2},{"damage":1,"enemies":"Looter","floor":5,"turns":5},{"damage":7,"enemies":"Large Slime","floor":8,"turns":10},{"damage":3,"enemies":"Blue Slaver","floor":10,"turns":4},{"damage":20,"enemies":"Lagavulin","floor":11,"turns":5},{"damage":6,"enemies":"Exordium Thugs","floor":12,"turns":3},{"damage":18,"enemies":"Gremlin Nob","floor":13,"turns":4},{"damage":0,"enemies":"Red Slaver","floor":14,"turns":1},{"damage":21,"enemies":"Hexaghost","floor":16,"turns":8},{"damage":24,"enemies":"Shell Parasite","floor":18,"turns":5},{"damage":2,"enemies":"Chosen","floor":19,"turns":4},{"damage":9,"enemies":"Centurion and Healer","floor":20,"turns":5},{"damage":42,"enemies":"Slavers","floor":24,"turns":3},{"damage":28,"enemies":"Gremlin Leader","floor":27,"turns":6},{"damage":0,"enemies":"Cultist and Chosen","floor":28,"turns":4},{"damage":0,"enemies":"Chosen and Byrds","floor":29,"turns":4},{"damage":0,"enemies":"Snecko","floor":30,"turns":5},{"damage":5,"enemies":"Snake Plant","floor":31,"turns":1}],"seed_played":"-8131142650612463101","potions_obtained":[{"floor":8,"key":"Dexterity Potion"},{"floor":11,"key":"Ancient Potion"},{"floor":12,"key":"SmokeBomb"},{"floor":13,"key":"Strength Potion"},{"floor":19,"key":"Fire Potion"},{"floor":27,"key":"SteroidPotion"}],"is_trial":false,"path_per_floor":["M","M","M","?","M","R","$","M","T","M","E","M","E","M","R","B",null,"M","M","M","?","$","R","E","?","T","E","M","M","M","M"],"character_chosen":"THE_SILENT","items_purchased":["Bane","Noxious Fumes","Blade Dance"],"campfire_rested":2,"item_purchase_floors":[7,22,22],"current_hp_per_floor":[64,63,62,62,61,61,61,54,54,51,31,25,7,7,30,9,60,36,34,25,25,25,48,6,31,31,3,3,3,3,0],"gold":228,"neow_bonus":"TEN_PERCENT_HP_BONUS","is_prod":false,"is_daily":false,"chose_seed":false,"campfire_upgraded":1,"win_rate":0,"timestamp":1556667998,"path_taken":["M","?","M","?","M","R","$","M","T","M","E","M","E","M","R","BOSS","M","M","?","?","$","R","E","?","T","E","M","M","M","M"],"build_version":"2019-01-23","purchased_purges":1,"victory":false,"max_hp_per_floor":[77,77,77,77,77,77,77,77,77,77,77,77,77,77,77,77,77,77,77,77,77,77,77,77,77,77,77,77,77,77,77],"card_choices":[{"not_picked":["Slice","Sucker Punch"],"picked":"Deadly Poison","floor":1},{"not_picked":["Finisher","Accuracy"],"picked":"Deadly Poison","floor":2},{"not_picked":["Tactician","Concentrate"],"picked":"Backflip","floor":3},{"not_picked":["Deadly Poison","Dagger Throw"],"picked":"Poisoned Stab","floor":5},{"not_picked":["Dodge and Roll","Burst"],"picked":"Sucker Punch","floor":8},{"not_picked":["Masterful Stab","Deadly Poison","Riddle With Holes"],"picked":"SKIP","floor":10},{"not_picked":["Slice","Flechettes"],"picked":"Corpse Explosion","floor":11},{"not_picked":["Prepared","Dagger Spray","Acrobatics"],"picked":"SKIP","floor":12},{"not_picked":["Caltrops","Infinite Blades"],"picked":"Venomology","floor":13},{"not_picked":["Tools of the Trade","Die Die Die"],"picked":"Glass Knife","floor":16},{"not_picked":["Slice+1","Infinite Blades"],"picked":"Cloak And Dagger+1","floor":18},{"not_picked":["Dagger Throw+1","Outmaneuver+1"],"picked":"Blur","floor":19},{"not_picked":["Concentrate+1","Slice"],"picked":"Blade Dance","floor":20},{"not_picked":["Flying Knee","Concentrate"],"picked":"Footwork","floor":24},{"not_picked":["Flechettes","Doppelganger"],"picked":"Bouncing Flask","floor":27},{"not_picked":["Skewer","Poisoned Stab+1"],"picked":"PiercingWail","floor":28},{"not_picked":["Backflip","Blade Dance"],"picked":"Dodge and Roll+1","floor":29}],"player_experience":566125,"relics_obtained":[{"floor":9,"key":"Shuriken"},{"floor":11,"key":"Omamori"},{"floor":13,"key":"Unceasing Top"},{"floor":24,"key":"Whetstone"},{"floor":26,"key":"Letter Opener"},{"floor":27,"key":"War Paint"}],"event_choices":[{"damage_healed":0,"gold_gain":0,"cards_transformed":["Strike_G"],"player_choice":"Transformed","damage_taken":0,"max_hp_gain":0,"max_hp_loss":0,"event_name":"Transmorgrifier","floor":4,"gold_loss":0,"cards_obtained":["Doppelganger"]},{"cards_removed":["Strike_G"],"damage_healed":0,"gold_gain":0,"player_choice":"Gave Gold","damage_taken":0,"max_hp_gain":0,"max_hp_loss":0,"event_name":"Beggar","floor":21,"gold_loss":75},{"damage_healed":25,"gold_gain":0,"player_choice":"Heal","damage_taken":0,"max_hp_gain":0,"max_hp_loss":0,"event_name":"The Library","floor":25,"gold_loss":0}],"is_beta":false,"boss_relics":[{"not_picked":["Lizard Tail","Eternal Feather"],"picked":"Philosopher\u0027s Stone"}],"items_purged_floors":[7],"is_endless":false,"potions_floor_spawned":[8,11,12,13,19,20,27,30],"killed_by":"Snake Plant","ascension_level":7}