{"gold_per_floor":[119,119,135,148,167,167,202,202,232,266,42,42,42,42],"floor_reached":14,"playtime":413,"items_purged":["Decay"],"score":196,"play_id":"e23f72e1-2542-4183-8af1-dd5dae484103","local_time":"20190502093211","is_ascension_mode":true,"campfire_choices":[{"data":"Bash","floor":6,"key":"SMITH"},{"data":"True Grit","floor":8,"key":"SMITH"}],"neow_cost":"NONE","seed_source_timestamp":1930721760841990,"circlet_count":0,"master_deck":["AscendersBane","Strike_R","Strike_R","Strike_R","Strike_R","Defend_R","Defend_R","Defend_R","Defend_R","Bash+1","Reckless Charge","True Grit","Armaments","Thunderclap","Flame Barrier","True Grit+1","Anger","Dark Shackles"],"relics":["Burning Blood","Blood Vial","Tiny Chest","Mummified Hand"],"potions_floor_usage":[7,10],"damage_taken":[{"damage":7,"enemies":"Jaw Worm","floor":1,"turns":2},{"damage":1,"enemies":"Cultist","floor":3,"turns":4},{"damage":12,"enemies":"2 Louse","floor":4,"turns":3},{"damage":7,"enemies":"2 Fungi Beasts","floor":5,"turns":4},{"damage":26,"enemies":"Gremlin Nob","floor":7,"turns":4},{"damage":44,"enemies":"Lagavulin","floor":10,"turns":7},{"damage":7,"enemies":"Large Slime","floor":14,"turns":6}],"seed_played":"-1779343263755114895","potions_obtained":[{"floor":1,"key":"Fire Potion"},{"floor":7,"key":"FearPotion"}],"is_trial":false,"path_per_floor":["M","?","M","M","M","R","E","R","T","E","$","?","?","M"],"character_chosen":"IRONCLAD","items_purchased":["Strength Potion","Dark Shackles"],"campfire_rested":0,"item_purchase_floors":[11,11],"current_hp_per_floor":[67,67,72,66,65,65,45,45,45,9,9,9,9,4],"gold":42,"neow_bonus":"TRANSFORM_CARD","is_prod":false,"is_daily":false,"chose_seed":false,"campfire_upgraded":2,"win_rate":0,"timestamp":1556803931,"path_taken":["M","?","M","M","?","R","E","R","T","E","$","?","?","M"],"build_version":"2019-04-23","purchased_purges":1,"victory":false,"max_hp_per_floor":[75,75,75,75,75,75,75,75,75,75,75,75,75,75],"card_choices":[{"not_picked":["Rage","Sword Boomerang"],"picked":"True Grit","floor":1},{"not_picked":["Sword Boomerang","Warcry"],"picked":"Armaments","floor":3},{"not_picked":["Wild Strike","Pummel"],"picked":"Thunderclap","floor":4},{"not_picked":["Havoc","Anger"],"picked":"Flame Barrier","floor":5},{"not_picked":["Berserk","Power Through"],"picked":"True Grit","floor":7},{"not_picked":["Barricade","Clothesline"],"picked":"Anger","floor":10}],"player_experience":1600402,"relics_obtained":[{"floor":7,"key":"Blood Vial"},{"floor":9,"key":"Tiny Chest"},{"floor":10,"key":"Mummified Hand"}],"event_choices":[{"damage_healed":0,"gold_gain":0,"player_choice":"Cursed","damage_taken":0,"max_hp_gain":0,"max_hp_loss":0,"event_name":"Wheel of Change","floor":2,"gold_loss":0,"cards_obtained":["Decay"]},{"damage_healed":0,"gold_gain":0,"player_choice":"Ignored","damage_taken":0,"max_hp_gain":0,"max_hp_loss":0,"event_name":"Shining Light","floor":12,"gold_loss":0},{"damage_healed":0,"gold_gain":0,"player_choice":"Ignored","damage_taken":0,"max_hp_gain":0,"max_hp_loss":0,"event_name":"Liars Game","floor":13,"gold_loss":0}],"is_beta":true,"boss_relics":[],"items_purged_floors":[11],"is_endless":false,"potions_floor_spawned":[1,7],"killed_by":"Large Slime","ascension_level":20}