{"gold_per_floor":[119,119,135,154,104,104,131,143,169,21,55,72,72,83,83,186,186,197,122,139,139,139,139,167,167,221,221,255,32,32,43,43,141,141,153,153,167,0,11,11],"floor_reached":40,"playtime":2056,"items_purged":["Strike_R"],"score":689,"play_id":"18ef0fa5-644d-4ebc-a651-c33303a10556","local_time":"20181013155343","is_ascension_mode":true,"campfire_choices":[{"data":"Bash","floor":6,"key":"SMITH"},{"data":"Heavy Blade","floor":13,"key":"SMITH"},{"data":"Sword Boomerang","floor":15,"key":"SMITH"},{"floor":23,"key":"REST"},{"data":"Limit Break","floor":25,"key":"SMITH"},{"floor":27,"key":"REST"},{"floor":30,"key":"REST"},{"floor":32,"key":"REST"}],"neow_cost":"","seed_source_timestamp":250946545628958,"circlet_count":0,"master_deck":["Strike_R","Defend_R+1","Defend_R","Defend_R","Defend_R","Bash+1","AscendersBane","Pummel","Blood for Blood","Ghostly Armor","Clash","Flex+1","Sword Boomerang+1","Heavy Blade+1","Rupture","Offering","Armaments","Sword Boomerang","Combust","Limit Break+1","Offering","Limit Break","Headbutt+1"],"relics":["Burning Blood","Lantern","Bag of Marbles","War Paint","Red Skull","Sozu","Nilry\u0027s Codex","Bottled Tornado","Juzu Bracelet","Pen Nib","Orichalcum","Runic Pyramid","Red Mask"],"potions_floor_usage":[16,16,24,28],"damage_taken":[{"damage":9,"enemies":"2 Louse","floor":1,"turns":3},{"damage":1,"enemies":"Cultist","floor":3,"turns":3},{"damage":2,"enemies":"Jaw Worm","floor":4,"turns":3},{"damage":37,"enemies":"Lagavulin","floor":7,"turns":7},{"damage":0,"enemies":"Large Slime","floor":8,"turns":5},{"damage":9,"enemies":"3 Sentries","floor":11,"turns":7},{"damage":0,"enemies":"Exordium Wildlife","floor":12,"turns":2},{"damage":1,"enemies":"Looter","floor":14,"turns":2},{"damage":57,"enemies":"Hexaghost","floor":16,"turns":6},{"damage":6,"enemies":"Chosen","floor":18,"turns":1},{"damage":13,"enemies":"3 Byrds","floor":20,"turns":4},{"damage":44,"enemies":"Book of Stabbing","floor":24,"turns":4},{"damage":29,"enemies":"Slavers","floor":28,"turns":3},{"damage":11,"enemies":"Centurion and Healer","floor":31,"turns":3},{"damage":35,"enemies":"Automaton","floor":33,"turns":5},{"damage":18,"enemies":"Orb Walker","floor":35,"turns":2},{"damage":44,"enemies":"3 Darklings","floor":37,"turns":4},{"damage":17,"enemies":"Sphere and 2 Shapes","floor":39,"turns":5},{"damage":11,"enemies":"2 Orb Walkers","floor":40,"turns":1}],"seed_played":"2220914789543504740","potions_obtained":[{"floor":7,"key":"FearPotion"},{"floor":11,"key":"Poison Potion"},{"floor":14,"key":"SteroidPotion"},{"floor":16,"key":"GamblersBrew"}],"is_trial":false,"path_per_floor":["M","?","M","M","?","R","E","M","T","$","E","M","R","M","R","B",null,"M","?","M","?","?","R","E","R","T","R","E","$","R","M","R","B",null,"M","?","M","?","M"],"character_chosen":"IRONCLAD","items_purchased":["War Paint","Orichalcum"],"campfire_rested":4,"item_purchase_floors":[10,29],"current_hp_per_floor":[69,69,74,78,78,78,47,53,53,53,50,56,56,61,61,10,63,63,63,56,56,40,64,26,26,26,50,27,27,51,46,70,41,70,58,58,20,20,9,0],"gold":11,"neow_bonus":"","is_prod":false,"is_daily":false,"chose_seed":false,"campfire_upgraded":4,"win_rate":0,"timestamp":1539460423,"path_taken":["M","?","M","M","?","R","E","M","T","$","E","M","R","M","R","BOSS","M","?","M","?","?","R","E","R","T","R","E","$","R","M","R","BOSS","M","?","M","?","M","E"],"build_version":"2018-10-11","purchased_purges":1,"victory":false,"max_hp_per_floor":[80,80,80,80,80,80,80,80,80,80,80,80,80,80,80,80,80,80,80,80,80,80,80,80,80,80,80,80,80,80,80,80,80,80,80,80,80,80,80,80],"card_choices":[{"not_picked":["Anger","Pommel Strike"],"picked":"Pummel","floor":1},{"not_picked":["Intimidate","Pommel Strike"],"picked":"Ghostly Armor","floor":3},{"not_picked":["Iron Wave","Pommel Strike"],"picked":"Clash","floor":4},{"not_picked":["Twin Strike","Fiend Fire"],"picked":"Flex","floor":7},{"not_picked":["Feel No Pain","Ghostly Armor"],"picked":"Sword Boomerang","floor":8},{"not_picked":["Flex","Searing Blow"],"picked":"Heavy Blade","floor":11},{"not_picked":["Corruption","True Grit"],"picked":"Cleave","floor":12},{"not_picked":["Warcry","Sentinel"],"picked":"Rupture","floor":14},{"not_picked":["Dark Embrace","Berserk"],"picked":"Offering","floor":16},{"not_picked":["Perfected Strike","Wild Strike"],"picked":"Armaments","floor":18},{"not_picked":["Infernal Blade+1","Clash"],"picked":"Sword Boomerang","floor":20},{"not_picked":["Armaments","Reckless Charge"],"picked":"Limit Break","floor":24},{"not_picked":["Wild Strike","Clash","Second Wind"],"picked":"SKIP","floor":28},{"not_picked":["Thunderclap+1","True Grit"],"picked":"Offering","floor":31},{"not_picked":["Feed","Offering"],"picked":"Limit Break","floor":33},{"not_picked":["Entrench","Corruption+1","Carnage"],"picked":"SKIP","floor":35},{"not_picked":["Warcry","Body Slam","Rage"],"picked":"SKIP","floor":37},{"not_picked":["Burning Pact","Thunderclap"],"picked":"Headbutt+1","floor":39}],"player_experience":343526,"relics_obtained":[{"floor":7,"key":"Lantern"},{"floor":9,"key":"Bag of Marbles"},{"floor":11,"key":"Red Skull"},{"floor":22,"key":"Nilry\u0027s Codex"},{"floor":24,"key":"Bottled Tornado"},{"floor":26,"key":"Juzu Bracelet"},{"floor":28,"key":"Pen Nib"}],"event_choices":[{"event_name":"Transmorgrifier","player_choice":"Transform","floor":2,"damage_taken":0},{"event_name":"The Cleric","player_choice":"Card Removal","floor":5,"damage_taken":0},{"event_name":"Beggar","player_choice":"Gave Gold","floor":19,"damage_taken":0},{"event_name":"The Library","player_choice":"Read","floor":21,"damage_taken":0},{"event_name":"Cursed Tome","player_choice":"Obtained Book","floor":22,"damage_taken":0},{"event_name":"Falling","player_choice":"Removed Attack","floor":36,"damage_taken":0},{"event_name":"Tomb of Lord Red Mask","player_choice":"Paid","floor":38,"damage_taken":0}],"is_beta":false,"boss_relics":[{"not_picked":["Philosopher\u0027s Stone","Coffee Dripper"],"picked":"Sozu"},{"not_picked":["Black Star","Velvet Choker"],"picked":"Runic Pyramid"}],"items_purged_floors":[29],"is_endless":false,"potions_floor_spawned":[7,11,14,16,18,31,35],"killed_by":"2 Orb Walkers","ascension_level":10}