{"gold_per_floor":[111,111,122,122,44,44,69,69,94,94,107,107,54,69,69,147,147,165,65,65,84,84],"floor_reached":22,"playtime":1728,"items_purged":[],"score":550,"play_id":"91454488-a1e9-4ced-899c-cfeaf913574c","local_time":"20190209131120","is_ascension_mode":true,"campfire_choices":[{"data":"Chaos","floor":6.0,"key":"SMITH"},{"floor":8.0,"key":"REST"},{"data":"Creative AI","floor":10.0,"key":"SMITH"},{"data":"Leap","floor":15.0,"key":"SMITH"}],"neow_cost":"NONE","seed_source_timestamp":236570159783762,"circlet_count":0,"master_deck":["AscendersBane","Strike_B","Defend_B","Defend_B","Defend_B+1","Defend_B","Zap","Dualcast","Gash","Chaos+1","Consume+1","Creative AI+1","Gash","Rebound","Leap+1","Multi-Cast","Doom and Gloom","Coolheaded","Gash"],"special_seed":0,"relics":["Cracked Core","Juzu Bracelet","Emotion Chip","War Paint","Torii","Empty Cage"],"potions_floor_usage":[22],"damage_taken":[{"damage":6.0,"enemies":"Cultist","floor":1.0,"turns":4.0},{"damage":0.0,"enemies":"Small Slimes","floor":3.0,"turns":3.0},{"damage":51.0,"enemies":"Lagavulin","floor":7.0,"turns":9.0},{"damage":4.0,"enemies":"Jaw Worm","floor":11.0,"turns":4.0},{"damage":0.0,"enemies":"Large Slime","floor":14.0,"turns":3.0},{"damage":17.0,"enemies":"Hexaghost","floor":16.0,"turns":9.0},{"damage":17.0,"enemies":"3 Byrds","floor":18.0,"turns":5.0},{"damage":13.0,"enemies":"2 Thieves","floor":19.0,"turns":5.0},{"damage":19.0,"enemies":"Snecko","floor":21.0,"turns":5.0},{"damage":11,"enemies":"Centurion and Healer","floor":22,"turns":3}],"seed_played":"-2222140734628449153","potions_obtained":[{"floor":3.0,"key":"FearPotion"},{"floor":7.0,"key":"Fire Potion"},{"floor":11.0,"key":"Ancient Potion"},{"floor":18.0,"key":"Weak Potion"}],"is_trial":false,"path_per_floor":["M","?","M","?","$","R","E","R","T","R","M","?","$","M","R","B",null,"M","M","?","M","M"],"character_chosen":"DEFECT","items_purchased":["Consume","Rebound"],"campfire_rested":1,"item_purchase_floors":[5,13],"current_hp_per_floor":[58,58,58,58,58,58,7,28,28,28,24,24,24,24,24,7,55,38,25,25,6,0],"gold":84,"neow_bonus":"RANDOM_COMMON_RELIC","is_prod":false,"is_daily":false,"chose_seed":false,"campfire_upgraded":3,"win_rate":0,"timestamp":1549735880,"path_taken":["M","?","M","?","$","R","E","R","T","R","M","?","?","M","R","BOSS","M","M","?","M","M"],"build_version":"2019-01-23","purchased_purges":0,"victory":false,"max_hp_per_floor":[71,71,71,71,71,71,71,71,71,71,71,71,71,71,71,71,71,71,71,71,71,71],"card_choices":[{"not_picked":["Turbo","Auto Shields"],"picked":"Gash","floor":1.0},{"not_picked":["Force Field","Heatsinks"],"picked":"Chaos","floor":3.0},{"not_picked":["Scrape","Darkness"],"picked":"Creative AI","floor":7.0},{"not_picked":["Streamline","Compile Driver"],"picked":"Gash","floor":11.0},{"not_picked":["Go for the Eyes","Barrage"],"picked":"Leap","floor":14.0},{"not_picked":["Hyperbeam","Biased Cognition"],"picked":"Multi-Cast","floor":16.0},{"not_picked":["Darkness+1","Go for the Eyes"],"picked":"Doom and Gloom","floor":18.0},{"not_picked":["Stack","Sweeping Beam"],"picked":"Coolheaded","floor":19.0},{"not_picked":["Reprogram","Steam Power"],"picked":"Gash","floor":21.0}],"player_experience":639179,"relics_obtained":[{"floor":7.0,"key":"Emotion Chip"},{"floor":9.0,"key":"War Paint"}],"event_choices":[{"cards_removed":["Strike_B"],"damage_healed":0.0,"max_hp_gain":0.0,"max_hp_loss":0.0,"gold_gain":0.0,"event_name":"Purifier","player_choice":"Purged","floor":2.0,"gold_loss":0.0,"damage_taken":0.0},{"damage_healed":0.0,"max_hp_gain":0.0,"max_hp_loss":0.0,"gold_gain":0.0,"event_name":"Shining Light","player_choice":"Ignored","floor":4.0,"gold_loss":0.0,"damage_taken":0.0},{"damage_healed":0.0,"max_hp_gain":0.0,"max_hp_loss":0.0,"gold_gain":0.0,"event_name":"Dead Adventurer","player_choice":"Searched \u00272\u0027 times","floor":12.0,"gold_loss":0.0,"damage_taken":0.0,"relics_obtained":["Torii"]},{"damage_healed":0.0,"max_hp_gain":0.0,"max_hp_loss":0.0,"gold_gain":0.0,"event_name":"Cursed Tome","player_choice":"Ignored","floor":20.0,"gold_loss":0.0,"damage_taken":0.0}],"is_beta":false,"boss_relics":[{"not_picked":["Velvet Choker","Pandora\u0027s Box"],"picked":"Empty Cage"}],"items_purged_floors":[],"is_endless":false,"potions_floor_spawned":[3,7,11,18],"killed_by":"Centurion and Healer","ascension_level":19}