{"gold_per_floor":[20,40,55,75,131,157,432,461,516,516,516,74,94,108,108,211,211,222,222,147,166,81,115,115,135,135,23,83,94,94,94,94,197,197,208,16,0,11,11,11,43,91,91,91,13,33,33,50,50,50],"floor_reached":51,"playtime":2862,"items_purged":["Writhe"],"score":1147,"play_id":"91b2f720-b9a2-4597-ab82-040c9332f62c","local_time":"20181018030945","is_ascension_mode":true,"campfire_choices":[{"floor":15.0,"key":"REST"},{"floor":24.0,"key":"REST"},{"floor":32.0,"key":"REST"},{"floor":40,"key":"REST"},{"floor":44,"key":"REST"},{"floor":47,"key":"REST"},{"floor":49,"key":"REST"}],"neow_cost":"NO_GOLD","seed_source_timestamp":234166645326973,"circlet_count":0,"master_deck":["Defend_G","Defend_G","Defend_G","Defend_G","Strike_G","Strike_G","Strike_G","Survivor","Neutralize","AscendersBane","Unload","Die Die Die","All Out Attack","Backflip","Outmaneuver","Footwork","Terror","Riddle With Holes","Venomology","Backstab","Corpse Explosion","Finisher","Riddle With Holes+1","Well Laid Plans","Footwork","Burst","Crippling Poison","Bane","Bouncing Flask+1","PiercingWail","Bane+1","Dodge and Roll+1","Acrobatics","Dagger Throw+1","Blur"],"special_seed":0,"relics":["Ring of the Snake","Bottled Lightning","Pear","Happy Flower","Letter Opener","Busted Crown","Bronze Scales","Ornamental Fan","Vajra","Meat on the Bone","Tiny Chest","Dead Branch","Fusion Hammer","Strange Spoon","Red Mask","Tough Bandages","Bag of Preparation","Prayer Wheel","Molten Egg 2"],"potions_floor_usage":[33,35,39,41,41,42,46,46,48,50,50,50,50,50],"damage_taken":[{"damage":0.0,"enemies":"Cultist","floor":1.0,"turns":3.0},{"damage":0.0,"enemies":"Small Slimes","floor":2.0,"turns":2.0},{"damage":0.0,"enemies":"2 Louse","floor":3.0,"turns":1.0},{"damage":0.0,"enemies":"Exordium Wildlife","floor":4.0,"turns":2.0},{"damage":17.0,"enemies":"3 Sentries","floor":6.0,"turns":5.0},{"damage":28.0,"enemies":"Gremlin Nob","floor":8.0,"turns":4.0},{"damage":0.0,"enemies":"3 Louse","floor":13.0,"turns":1.0},{"damage":8.0,"enemies":"Exordium Thugs","floor":14.0,"turns":4.0},{"damage":19.0,"enemies":"The Guardian","floor":16.0,"turns":12.0},{"damage":17.0,"enemies":"2 Thieves","floor":18.0,"turns":4.0},{"damage":5.0,"enemies":"3 Byrds","floor":21.0,"turns":2.0},{"damage":38.0,"enemies":"Book of Stabbing","floor":23.0,"turns":5.0},{"damage":8.0,"enemies":"Shelled Parasite and Fungi","floor":25.0,"turns":5.0},{"damage":0.0,"enemies":"Gremlin Leader","floor":28.0,"turns":5.0},{"damage":23.0,"enemies":"Snake Plant","floor":29.0,"turns":3.0},{"damage":52,"enemies":"Automaton","floor":33,"turns":7},{"damage":10,"enemies":"Orb Walker","floor":35,"turns":3},{"damage":17,"enemies":"3 Shapes","floor":38,"turns":2},{"damage":3,"enemies":"Mind Bloom Boss Battle","floor":39,"turns":7},{"damage":26,"enemies":"2 Orb Walkers","floor":41,"turns":3},{"damage":12,"enemies":"Mysterious Sphere","floor":42,"turns":3},{"damage":0,"enemies":"3 Darklings","floor":46,"turns":3},{"damage":0,"enemies":"Maw","floor":48,"turns":7},{"damage":79,"enemies":"Awakened One","floor":50,"turns":13}],"seed_played":"-4157337753967095352","potions_obtained":[{"floor":2.0,"key":"Strength Potion"},{"floor":16.0,"key":"AttackPotion"},{"floor":18.0,"key":"GamblersBrew"},{"floor":25.0,"key":"Ancient Potion"},{"floor":29.0,"key":"Fire Potion"},{"floor":39,"key":"PowerPotion"},{"floor":41,"key":"Ancient Potion"},{"floor":46,"key":"GhostInAJar"}],"is_trial":false,"path_per_floor":["M","M","M","M","?","E","?","E","T","?","?","$","M","M","R","B",null,"M","?","$","M","?","E","R","M","T","$","E","M","?","T","R","B",null,"M","$","?","M","?","R","E","?","T","R","$","M","R","M","R","B"],"character_chosen":"THE_SILENT","items_purchased":["Letter Opener","Venomology","Block Potion","GhostInAJar","Well Laid Plans","Strange Spoon","PiercingWail","Bane+1"],"campfire_rested":7,"item_purchase_floors":[12,12,12,27,27,36,45,45],"current_hp_per_floor":[63,63,63,63,63,46,46,28,28,28,28,28,28,20,44,25,66,49,49,49,44,44,18,42,34,34,34,46,35,35,35,59,19,65,55,55,55,50,47,71,45,45,45,69,69,69,80,80,80,13],"gold":50,"neow_bonus":"TRANSFORM_TWO_CARDS","is_prod":false,"is_daily":false,"chose_seed":false,"campfire_upgraded":0,"win_rate":0,"timestamp":1539846585,"path_taken":["M","M","M","?","?","E","?","E","T","?","?","$","?","M","R","BOSS","M","?","?","?","?","E","R","M","T","$","E","M","?","?","R","BOSS","M","$","?","M","?","R","E","?","T","R","?","M","R","M","R","BOSS"],"build_version":"2018-10-11","purchased_purges":1,"victory":true,"max_hp_per_floor":[70,70,70,70,70,70,70,80,80,80,80,80,80,80,80,80,80,80,80,80,80,80,80,80,80,80,80,80,80,80,80,80,80,80,80,80,80,80,80,80,80,80,80,80,80,80,80,80,80,80],"card_choices":[{"not_picked":["Deflect","Eviscerate","Flechettes"],"picked":"SKIP","floor":1.0},{"not_picked":["Outmaneuver","Eviscerate"],"picked":"All Out Attack","floor":2.0},{"not_picked":["Deflect","Prepared"],"picked":"Backflip","floor":3.0},{"not_picked":["Masterful Stab","Slice"],"picked":"Outmaneuver","floor":4.0},{"not_picked":["Dodge and Roll","Eviscerate"],"picked":"Footwork","floor":6.0},{"not_picked":["Acrobatics","Poisoned Stab"],"picked":"Terror","floor":8.0},{"not_picked":["Underhanded Strike","Dagger Spray","Outmaneuver"],"picked":"SKIP","floor":13.0},{"not_picked":["Infinite Blades","Deflect"],"picked":"Backstab","floor":14.0},{"not_picked":["Burst","Bullet Time"],"picked":"Corpse Explosion","floor":16.0},{"not_picked":[],"picked":"Finisher","floor":18.0},{"not_picked":[],"picked":"Riddle With Holes+1","floor":21.0},{"not_picked":["Terror"],"picked":"SKIP","floor":23.0},{"not_picked":["Deadly Poison"],"picked":"SKIP","floor":25.0},{"not_picked":["Sucker Punch"],"picked":"SKIP","floor":28.0},{"not_picked":["Choke"],"picked":"SKIP","floor":29.0},{"not_picked":[],"picked":"Burst","floor":33},{"not_picked":["Crippling Poison"],"picked":"SKIP","floor":35},{"not_picked":[],"picked":"Crippling Poison","floor":35},{"not_picked":[],"picked":"Bane","floor":38},{"not_picked":[],"picked":"Bouncing Flask+1","floor":39},{"not_picked":["Poisoned Stab+1"],"picked":"SKIP","floor":41},{"not_picked":[],"picked":"Dodge and Roll+1","floor":46},{"not_picked":[],"picked":"Acrobatics","floor":46},{"not_picked":[],"picked":"Dagger Throw+1","floor":48},{"not_picked":[],"picked":"Blur","floor":48}],"player_experience":360280,"relics_obtained":[{"floor":6.0,"key":"Bottled Lightning"},{"floor":8.0,"key":"Pear"},{"floor":9.0,"key":"Happy Flower"},{"floor":23.0,"key":"Vajra"},{"floor":26.0,"key":"Meat on the Bone"},{"floor":28.0,"key":"Tiny Chest"},{"floor":31.0,"key":"Dead Branch"},{"floor":39,"key":"Tough Bandages"},{"floor":41,"key":"Bag of Preparation"},{"floor":42,"key":"Prayer Wheel"},{"floor":43,"key":"Molten Egg 2"}],"event_choices":[{"event_name":"Golden Wing","player_choice":"Gained Gold","floor":5.0,"damage_taken":0.0},{"event_name":"Golden Shrine","player_choice":"Desecrate","floor":7.0,"damage_taken":0.0},{"event_name":"Transmorgrifier","player_choice":"Transform","floor":10.0,"damage_taken":0.0},{"event_name":"Living Wall","player_choice":"Forget","floor":11.0,"damage_taken":0.0},{"event_name":"The Mausoleum","player_choice":"Yes","floor":19.0,"damage_taken":0.0},{"event_name":"Addict","player_choice":"Obtained Relic","floor":22.0,"damage_taken":0.0},{"event_name":"Duplicator","player_choice":"One dupe","floor":30.0,"damage_taken":0.0},{"event_name":"Tomb of Lord Red Mask","player_choice":"Paid","floor":37,"damage_taken":0},{"event_name":"MindBloom","player_choice":"Fight","floor":39,"damage_taken":0},{"event_name":"Mysterious Sphere","player_choice":"Fight","floor":42,"damage_taken":0}],"is_beta":false,"boss_relics":[{"not_picked":["Tiny House","White Beast Statue"],"picked":"Busted Crown"},{"not_picked":["Empty Cage","Runic Dome"],"picked":"Fusion Hammer"}],"items_purged_floors":[20],"is_endless":false,"potions_floor_spawned":[2,16,18,25,29,39,41,46],"ascension_level":10}