{"gold_per_floor":[110,130,130,144,22,49,99,18,18,18,45,64,14,32,32,129,129,141,141,41,41,41,41,74,93,93,122,133,133,133],"floor_reached":30,"playtime":1505,"items_purged":["Strike_G","Strike_G"],"score":331,"play_id":"c5891028-e25b-4a7d-8c58-12f7a3093950","local_time":"20190408003058","is_ascension_mode":true,"campfire_choices":[{"data":"Envenom","floor":10,"key":"SMITH"},{"floor":15,"key":"REST"},{"data":"Bane","floor":23,"key":"SMITH"}],"neow_cost":"NONE","seed_source_timestamp":64409397163694,"circlet_count":0,"master_deck":["Defend_G","Defend_G","Defend_G","Defend_G","Strike_G","Strike_G","Strike_G","Survivor","Neutralize","Bouncing Flask","Envenom+1","Poisoned Stab","Dash","All Out Attack","Venomology+1","Footwork","Leg Sweep+1","Night Terror+1","Bane+1","Deadly Poison+1"],"relics":["Ring of the Snake","Oddly Smooth Stone","Anchor","Toxic Egg 2","Snake Skull","Busted Crown","Nilry\u0027s Codex","PreservedInsect","Dodecahedron","Bird Faced Urn"],"potions_floor_usage":[6,11,16,16,16,18,18,18,24,25,25,27,30,30,30],"damage_taken":[{"damage":0,"enemies":"2 Louse","floor":1,"turns":4},{"damage":0,"enemies":"Jaw Worm","floor":2,"turns":3},{"damage":0,"enemies":"Cultist","floor":4,"turns":3},{"damage":42,"enemies":"3 Sentries","floor":6,"turns":7},{"damage":13,"enemies":"Lagavulin","floor":11,"turns":5},{"damage":0,"enemies":"2 Fungi Beasts","floor":12,"turns":3},{"damage":2,"enemies":"Blue Slaver","floor":14,"turns":3},{"damage":20,"enemies":"Slime Boss","floor":16,"turns":11},{"damage":2,"enemies":"2 Thieves","floor":18,"turns":4},{"damage":27,"enemies":"Book of Stabbing","floor":24,"turns":4},{"damage":4,"enemies":"Shell Parasite","floor":25,"turns":5},{"damage":26,"enemies":"Slavers","floor":27,"turns":4},{"damage":0,"enemies":"Snake Plant","floor":28,"turns":4},{"damage":10,"enemies":"Cultist and Chosen","floor":30,"turns":5}],"seed_played":"8794390736437288729","potions_obtained":[{"floor":2,"key":"PowerPotion"},{"floor":6,"key":"SkillPotion"},{"floor":18,"key":"SpeedPotion"}],"is_trial":false,"path_per_floor":["M","M","?","M","$","E","T","$","T","R","E","M","$","M","R","B",null,"M","?","$","?","?","R","E","M","T","E","M","$","M"],"character_chosen":"THE_SILENT","items_purchased":["Poisoned Stab","All Out Attack","Block Potion"],"campfire_rested":1,"item_purchase_floors":[5,8,13],"current_hp_per_floor":[77,77,70,70,70,28,28,28,28,28,15,15,15,13,36,16,77,75,59,59,59,59,59,32,28,28,2,4,4,0],"gold":133,"neow_bonus":"TEN_PERCENT_HP_BONUS","is_prod":false,"is_daily":false,"chose_seed":false,"campfire_upgraded":2,"win_rate":0,"timestamp":1554679858,"path_taken":["M","M","?","M","$","E","?","?","T","R","E","M","$","?","R","BOSS","M","?","$","?","?","R","E","M","T","E","?","$","M"],"build_version":"2019-01-23","purchased_purges":2,"victory":false,"max_hp_per_floor":[77,77,77,77,77,77,77,77,77,77,77,77,77,77,77,77,77,77,77,77,77,77,77,77,77,77,77,77,77,77],"card_choices":[{"not_picked":["Acrobatics","Dodge and Roll"],"picked":"Bouncing Flask","floor":1},{"not_picked":["Cloak And Dagger","Underhanded Strike","Reflex"],"picked":"SKIP","floor":2},{"not_picked":["Finisher","Backflip"],"picked":"Envenom","floor":4},{"not_picked":["Dodge and Roll","Eviscerate"],"picked":"Dash","floor":6},{"not_picked":["Prepared+1","Bouncing Flask+1"],"picked":"Venomology+1","floor":11},{"not_picked":["Blade Dance+1","Poisoned Stab"],"picked":"Footwork","floor":12},{"not_picked":["Skewer","PiercingWail+1"],"picked":"Leg Sweep+1","floor":14},{"not_picked":["Venomology+1","Storm of Steel+1"],"picked":"Night Terror+1","floor":16},{"not_picked":[],"picked":"Bane","floor":18},{"not_picked":["Bane"],"picked":"SKIP","floor":24},{"not_picked":[],"picked":"Deadly Poison+1","floor":25},{"not_picked":["Flying Knee"],"picked":"SKIP","floor":27},{"not_picked":["Leg Sweep+1"],"picked":"SKIP","floor":28}],"player_experience":393845,"relics_obtained":[{"floor":6,"key":"Oddly Smooth Stone"},{"floor":7,"key":"Anchor"},{"floor":9,"key":"Toxic Egg 2"},{"floor":11,"key":"Snake Skull"},{"floor":19,"key":"Nilry\u0027s Codex"},{"floor":24,"key":"PreservedInsect"},{"floor":26,"key":"Dodecahedron"},{"floor":27,"key":"Bird Faced Urn"}],"event_choices":[{"cards_removed":["Defend_G"],"damage_healed":0,"gold_gain":0,"player_choice":"Card Removal","damage_taken":7,"max_hp_gain":0,"max_hp_loss":0,"event_name":"Golden Wing","floor":3,"gold_loss":0},{"damage_healed":0,"gold_gain":0,"player_choice":"Obtained Book","damage_taken":16,"max_hp_gain":0,"max_hp_loss":0,"event_name":"Cursed Tome","floor":19,"gold_loss":0},{"damage_healed":0,"gold_gain":0,"player_choice":"Ignored","damage_taken":0,"max_hp_gain":0,"max_hp_loss":0,"event_name":"Vampires","floor":21,"gold_loss":0},{"damage_healed":0,"gold_gain":0,"player_choice":"Ignored","damage_taken":0,"max_hp_gain":0,"max_hp_loss":0,"event_name":"Beggar","floor":22,"gold_loss":0}],"is_beta":false,"boss_relics":[{"not_picked":["Tiny House","Empty Cage"],"picked":"Busted Crown"}],"items_purged_floors":[5,20],"is_endless":false,"potions_floor_spawned":[2,6,14,18,24],"killed_by":"Cultist and Chosen","ascension_level":4}