{"gold_per_floor":[117,117,129,148,71,104,104,132,132,132,150,150,168,203,203,280,280,298,298,133,133,214,240,251,270,270,305,305,320,347,347,347,420,420,436,436,482,492,506,506,18,46,125,125,152,163,53,70,70,70,70,70,70,14,49,49],"floor_reached":56,"playtime":6055,"items_purged":["Strike_B","Strike_B+1"],"score":2016,"play_id":"76c965b9-a46b-44d2-9d4b-6ea67d78fb41","local_time":"20190309224259","is_ascension_mode":true,"campfire_choices":[{"floor":7.0,"key":"REST"},{"floor":10.0,"key":"REST"},{"floor":15.0,"key":"REST"},{"data":"Chill","floor":28.0,"key":"SMITH"},{"data":"Machine Learning","floor":32.0,"key":"SMITH"},{"floor":40.0,"key":"REST"},{"floor":44.0,"key":"RECALL"},{"data":"Ghostly","floor":49.0,"key":"SMITH"},{"floor":53.0,"key":"REST"}],"neow_cost":"NONE","seed_source_timestamp":0,"circlet_count":0,"master_deck":["AscendersBane","Defend_B+1","Defend_B+1","Defend_B+1","Defend_B+1","Zap+1","Dualcast","Ball Lightning","Leap","Sunder","FTL","Machine Learning+1","Tempest","Hello World","Double Energy","Echo Form","Seek","Coolheaded","Ghostly","Ghostly+1","Ghostly+1","Capacitor","Cold Snap+1","Chill+1","Cold Snap+1","Static Discharge+1","Seek","Coolheaded","Turbo+1","Go for the Eyes+1","Conserve Battery","Defragment+1","Fusion+1","Coolheaded"],"special_seed":0,"relics":["Cracked Core","StoneCalendar","Bottled Lightning","Molten Egg 2","Anchor","Busted Crown","Frozen Egg 2","Matryoshka","Omamori","Shuriken","Blue Candle","Dead Branch","Inserter","Gambling Chip","Ice Cream","Bag of Marbles","Gremlin Horn","Question Card","Blood Vial"],"potions_floor_usage":[56,56],"damage_taken":[{"damage":0.0,"enemies":"Cultist","floor":1.0,"turns":3.0},{"damage":2.0,"enemies":"Jaw Worm","floor":3.0,"turns":2.0},{"damage":1.0,"enemies":"Small Slimes","floor":4.0,"turns":3.0},{"damage":35.0,"enemies":"Lagavulin","floor":6.0,"turns":6.0},{"damage":25.0,"enemies":"3 Sentries","floor":8.0,"turns":7.0},{"damage":0.0,"enemies":"Blue Slaver","floor":11.0,"turns":2.0},{"damage":17.0,"enemies":"Exordium Thugs","floor":13.0,"turns":3.0},{"damage":11.0,"enemies":"Lagavulin","floor":14.0,"turns":7.0},{"damage":9.0,"enemies":"The Guardian","floor":16.0,"turns":9.0},{"damage":29.0,"enemies":"3 Byrds","floor":18.0,"turns":4.0},{"damage":0.0,"enemies":"Gremlin Leader","floor":23.0,"turns":7.0},{"damage":0.0,"enemies":"Spheric Guardian","floor":24.0,"turns":4.0},{"damage":0.0,"enemies":"Centurion and Healer","floor":25.0,"turns":6.0},{"damage":3.0,"enemies":"Book of Stabbing","floor":27.0,"turns":5.0},{"damage":0.0,"enemies":"Shelled Parasite and Fungi","floor":29.0,"turns":5.0},{"damage":1.0,"enemies":"Gremlin Leader","floor":30.0,"turns":5.0},{"damage":5.0,"enemies":"Automaton","floor":33.0,"turns":8.0},{"damage":0.0,"enemies":"3 Shapes","floor":35.0,"turns":4.0},{"damage":8.0,"enemies":"2 Orb Walkers","floor":37.0,"turns":4.0},{"damage":0.0,"enemies":"Orb Walker","floor":38.0,"turns":4.0},{"damage":0.0,"enemies":"Writhing Mass","floor":39.0,"turns":8.0},{"damage":3.0,"enemies":"Reptomancer","floor":42.0,"turns":6.0},{"damage":0.0,"enemies":"Nemesis","floor":45.0,"turns":7.0},{"damage":0.0,"enemies":"Transient","floor":46.0,"turns":6.0},{"damage":0.0,"enemies":"Spire Growth","floor":48.0,"turns":6.0},{"damage":10.0,"enemies":"Awakened One","floor":50.0,"turns":21.0},{"damage":15.0,"enemies":"Time Eater","floor":51.0,"turns":7.0},{"damage":19.0,"enemies":"Shield and Spear","floor":55.0,"turns":7.0},{"damage":18,"enemies":"The Heart","floor":56,"turns":8}],"seed_played":"-4285960453118355824","potions_obtained":[{"floor":8.0,"key":"FearPotion"},{"floor":11.0,"key":"Energy Potion"},{"floor":14.0,"key":"FearPotion"},{"floor":25.0,"key":"Strength Potion"},{"floor":27.0,"key":"EssenceOfSteel"},{"floor":30.0,"key":"SkillPotion"},{"floor":37.0,"key":"Strength Potion"},{"floor":38.0,"key":"SpeedPotion"},{"floor":39.0,"key":"FocusPotion"}],"is_trial":false,"path_per_floor":["M","?","M","M","$","E","R","E","T","R","M","?","M","E","R","B",null,"M","?","$","?","T","E","M","M","T","E","R","M","E","?","R","B",null,"M","?","?","M","M","R","$","E","T","R","E","M","?","M","R","B","B",null,"R","$","E","B"],"character_chosen":"DEFECT","items_purchased":["FTL","Capacitor","Ice Cream","Go for the Eyes+1","Swift Potion"],"campfire_rested":5,"item_purchase_floors":[5,20,41,41,54],"current_hp_per_floor":[64,64,62,61,61,26,47,22,22,43,43,43,26,15,36,27,60,31,31,31,31,31,31,31,31,31,28,28,28,27,27,27,22,32,32,32,24,24,24,34,34,31,31,31,31,31,31,31,31,21,6,28,35,35,16,0],"gold":49,"neow_bonus":"UPGRADE_CARD","is_prod":false,"is_daily":false,"chose_seed":false,"campfire_upgraded":3,"win_rate":0,"timestamp":1552192979,"path_taken":["M","?","M","M","$","E","R","E","T","R","M","?","M","E","R","BOSS","M","?","$","?","?","E","M","M","T","E","R","?","E","?","R","BOSS","M","?","?","?","M","R","$","E","T","R","E","M","?","?","R","BOSS","BOSS","R","$","E","BOSS"],"build_version":"2019-01-23","purchased_purges":2,"victory":false,"max_hp_per_floor":[71,71,71,71,71,71,71,71,71,71,71,71,71,71,71,71,71,71,35,35,35,35,35,35,35,35,35,35,35,35,35,35,35,35,35,35,35,35,35,35,35,35,35,35,35,35,35,35,35,35,35,35,35,35,35,35],"card_choices":[{"not_picked":["Redo","Steam"],"picked":"Ball Lightning","floor":1.0},{"not_picked":["Steam","Turbo"],"picked":"Leap","floor":3.0},{"not_picked":["Leap","Rebound"],"picked":"Sunder","floor":4.0},{"not_picked":["Turbo","Gash"],"picked":"Machine Learning","floor":6.0},{"not_picked":["Hologram","Redo"],"picked":"Tempest","floor":8.0},{"not_picked":["Scrape+1","Darkness"],"picked":"Hello World","floor":11.0},{"not_picked":["Gash+1","Chill"],"picked":"Double Energy","floor":13.0},{"not_picked":["Barrage+1","Recycle"],"picked":"Echo Form","floor":14.0},{"not_picked":["Multi-Cast","Rainbow"],"picked":"Seek","floor":16.0},{"not_picked":[],"picked":"Coolheaded","floor":18.0},{"not_picked":["Scrape+1"],"picked":"SKIP","floor":23.0},{"not_picked":[],"picked":"Cold Snap+1","floor":24.0},{"not_picked":["BootSequence"],"picked":"SKIP","floor":25.0},{"not_picked":[],"picked":"Chill","floor":27.0},{"not_picked":["Rebound+1"],"picked":"SKIP","floor":29.0},{"not_picked":[],"picked":"Cold Snap+1","floor":30.0},{"not_picked":[],"picked":"Seek","floor":33.0},{"not_picked":["Compile Driver+1"],"picked":"SKIP","floor":35.0},{"not_picked":[],"picked":"Coolheaded","floor":37.0},{"not_picked":[],"picked":"Turbo+1","floor":38.0},{"not_picked":["Leap"],"picked":"SKIP","floor":39.0},{"not_picked":[],"picked":"Conserve Battery","floor":42.0},{"not_picked":["BootSequence"],"picked":"SKIP","floor":45.0},{"not_picked":["Glacier"],"picked":"Defragment+1","floor":46.0},{"not_picked":["Storm+1"],"picked":"Fusion+1","floor":48.0},{"not_picked":["Force Field"],"picked":"Coolheaded","floor":55.0}],"player_experience":729683,"relics_obtained":[{"floor":6.0,"key":"StoneCalendar"},{"floor":8.0,"key":"Bottled Lightning"},{"floor":9.0,"key":"Molten Egg 2"},{"floor":14.0,"key":"Anchor"},{"floor":22.0,"key":"Frozen Egg 2"},{"floor":23.0,"key":"Matryoshka"},{"floor":26.0,"key":"Omamori"},{"floor":26.0,"key":"Shuriken"},{"floor":27.0,"key":"Blue Candle"},{"floor":30.0,"key":"Dead Branch"},{"floor":37.0,"key":"Gambling Chip"},{"floor":42.0,"key":"Bag of Marbles"},{"floor":43.0,"key":"Gremlin Horn"},{"floor":45.0,"key":"Question Card"},{"floor":55.0,"key":"Blood Vial"}],"event_choices":[{"damage_healed":0.0,"max_hp_gain":0.0,"max_hp_loss":0.0,"gold_gain":0.0,"event_name":"Liars Game","player_choice":"Ignored","floor":2.0,"gold_loss":0.0,"damage_taken":0.0},{"damage_healed":0.0,"max_hp_gain":0.0,"max_hp_loss":0.0,"gold_gain":0.0,"event_name":"Lab","player_choice":"Got Potions","floor":12.0,"gold_loss":0.0,"damage_taken":0.0},{"damage_healed":0.0,"max_hp_gain":0.0,"max_hp_loss":36.0,"gold_gain":0.0,"event_name":"Ghosts","player_choice":"Became a Ghost","floor":19.0,"gold_loss":0.0,"damage_taken":0.0,"cards_obtained":["Ghostly","Ghostly","Ghostly"]},{"damage_healed":0.0,"max_hp_gain":0.0,"max_hp_loss":0.0,"gold_gain":0.0,"event_name":"Back to Basics","player_choice":"Simplicity","floor":21.0,"gold_loss":0.0,"damage_taken":0.0,"cards_upgraded":["Strike_B","Strike_B","Strike_B","Defend_B","Defend_B","Defend_B","Defend_B"]},{"damage_healed":0.0,"max_hp_gain":0.0,"max_hp_loss":0.0,"gold_gain":0.0,"event_name":"The Library","player_choice":"Read","floor":31.0,"gold_loss":0.0,"damage_taken":0.0,"cards_obtained":["Static Discharge"]},{"cards_removed":["Strike_B"],"damage_healed":0.0,"max_hp_gain":0.0,"max_hp_loss":0.0,"gold_gain":0.0,"event_name":"Falling","player_choice":"Removed Attack","floor":36.0,"gold_loss":0.0,"damage_taken":0.0},{"damage_healed":0.0,"max_hp_gain":0.0,"max_hp_loss":0.0,"gold_gain":0.0,"event_name":"Mysterious Sphere","player_choice":"Fight","floor":37.0,"gold_loss":0.0,"damage_taken":0.0},{"cards_removed":["Strike_B"],"damage_healed":0.0,"max_hp_gain":0.0,"max_hp_loss":0.0,"gold_gain":0.0,"event_name":"Designer","player_choice":"Upgrade and Remove","floor":47.0,"gold_loss":110.0,"damage_taken":0.0,"cards_upgraded":["Ghostly"]}],"is_beta":false,"boss_relics":[{"not_picked":["Lizard Tail","Orrery"],"picked":"Busted Crown"},{"not_picked":["White Beast Statue","Calling Bell"],"picked":"Inserter"}],"items_purged_floors":[20,41],"is_endless":false,"potions_floor_spawned":[8,11,14,25,27,30,33,35,37,38,39,48,55],"killed_by":"The Heart","ascension_level":20}