{"gold_per_floor":[116,132,132,152,129,154,154,180,180,145,145,174,193,193,193,289,289,302,321,7,7],"floor_reached":21,"playtime":944,"items_purged":[],"score":269,"play_id":"b8574794-723a-42d3-9190-73e0fba107d8","local_time":"20180919101934","is_ascension_mode":true,"campfire_choices":[{"data":"Body Slam","floor":7.0,"key":"SMITH"},{"data":"Body Slam","floor":11.0,"key":"SMITH"},{"floor":15.0,"key":"REST"}],"neow_cost":"NONE","seed_source_timestamp":98175418151625,"circlet_count":0,"master_deck":["Strike_R","Strike_R","Strike_R","Strike_R","Strike_R","Defend_R","Defend_R","Defend_R","Defend_R","Bash","Barricade+1","Inflame","Body Slam+1","Body Slam+1","Pommel Strike","Combust","Clash","Clash","Battle Trance","Limit Break","Body Slam+1"],"special_seed":0,"relics":["Black Blood","Letter Opener","The Courier","Dodecahedron","Bronze Scales","Ornamental Fan","Potion Belt"],"potions_floor_usage":[],"damage_taken":[{"damage":6.0,"enemies":"Cultist","floor":1.0,"turns":3.0},{"damage":2.0,"enemies":"Jaw Worm","floor":2.0,"turns":3.0},{"damage":2.0,"enemies":"2 Louse","floor":4.0,"turns":3.0},{"damage":40.0,"enemies":"Gremlin Nob","floor":6.0,"turns":5.0},{"damage":31.0,"enemies":"Lagavulin","floor":8.0,"turns":8.0},{"damage":24.0,"enemies":"3 Sentries","floor":12.0,"turns":5.0},{"damage":22.0,"enemies":"Exordium Thugs","floor":13.0,"turns":4.0},{"damage":6.0,"enemies":"3 Louse","floor":14.0,"turns":2.0},{"damage":28.0,"enemies":"The Guardian","floor":16.0,"turns":7.0},{"damage":47.0,"enemies":"2 Thieves","floor":18.0,"turns":4.0},{"damage":6.0,"enemies":"3 Byrds","floor":19.0,"turns":3.0},{"damage":31,"enemies":"Shelled Parasite and Fungi","floor":21,"turns":2}],"seed_played":"6710295581608183123","potions_obtained":[{"floor":2.0,"key":"SkillPotion"},{"floor":4.0,"key":"Strength Potion"},{"floor":12.0,"key":"SmokeBomb"},{"floor":16.0,"key":"LiquidBronze"}],"is_trial":false,"path_per_floor":["M","M","?","M","$","E","R","E","T","?","R","E","M","M","R","B",null,"M","M","$"],"character_chosen":"IRONCLAD","items_purchased":["Pommel Strike","Ornamental Fan","Potion Belt"],"campfire_rested":1,"item_purchase_floors":[5,20,20],"current_hp_per_floor":[72,76,76,80,80,46,46,21,21,41,41,23,7,7,31,9,62,25,29,29,0],"gold":7,"neow_bonus":"ONE_RANDOM_RARE_CARD","is_prod":false,"is_daily":false,"chose_seed":false,"campfire_upgraded":2,"win_rate":0,"timestamp":1537366774,"path_taken":["M","M","?","M","?","E","R","E","T","?","R","E","M","?","R","BOSS","M","M","$","M"],"build_version":"2018-09-06","purchased_purges":0,"victory":false,"max_hp_per_floor":[80,80,80,80,80,80,80,80,80,80,80,80,80,80,80,80,80,80,80,80,80],"card_choices":[{"not_picked":["Iron Wave","Perfected Strike"],"picked":"Inflame","floor":1.0},{"not_picked":["Clash","Flex"],"picked":"Body Slam","floor":2.0},{"not_picked":["Havoc","Corruption"],"picked":"Body Slam","floor":4.0},{"not_picked":["Fiend Fire","Rampage"],"picked":"Combust","floor":6.0},{"not_picked":["Rampage","Heavy Blade"],"picked":"Clash","floor":8.0},{"not_picked":["Perfected Strike","Combust"],"picked":"Clash","floor":12.0},{"not_picked":["Clothesline","Dual Wield"],"picked":"Battle Trance","floor":13.0},{"not_picked":["Berserk","Bludgeon"],"picked":"Limit Break","floor":16.0},{"not_picked":["Sword Boomerang","Uppercut","Dropkick"],"picked":"SKIP","floor":18.0},{"not_picked":["Heavy Blade","Flex"],"picked":"Body Slam+1","floor":19.0}],"player_experience":264328,"relics_obtained":[{"floor":6.0,"key":"Letter Opener"},{"floor":8.0,"key":"The Courier"},{"floor":9.0,"key":"Dodecahedron"},{"floor":12.0,"key":"Bronze Scales"}],"event_choices":[{"event_name":"Living Wall","player_choice":"Grow","floor":3.0,"damage_taken":0.0},{"event_name":"The Cleric","player_choice":"Healed","floor":10.0,"damage_taken":0.0}],"is_beta":false,"boss_relics":[{"not_picked":["Ectoplasm","Mark of Pain"],"picked":"Black Blood"}],"items_purged_floors":[],"is_endless":false,"potions_floor_spawned":[2,4,12,16],"killed_by":"Shelled Parasite and Fungi","ascension_level":7}