{"gold_per_floor":[119,136,152,162,5,36,36,36,36,36,91,13,31,47,47,145,145,159,159,159,172,95,95,44,44,69,69,85,105,105,115,115,212,212,231,231,246,261,98,98,98],"floor_reached":41,"playtime":1707,"items_purged":[],"score":443,"play_id":"c3b1ef07-c2da-4535-b895-7a9cbf93beee","local_time":"20180729190040","is_ascension_mode":false,"campfire_choices":[{"floor":8,"key":"REST"},{"floor":15,"key":"REST"},{"floor":23,"key":"REST"},{"floor":25,"key":"REST"},{"floor":27,"key":"REST"},{"floor":30,"key":"REST"},{"floor":32,"key":"REST"},{"floor":40,"key":"REST"}],"neow_cost":"NONE","seed_source_timestamp":43336912854425,"circlet_count":0,"master_deck":["Strike_R","Strike_R","Strike_R","Strike_R","Strike_R","Defend_R","Defend_R","Defend_R","Defend_R","Bash","Double Tap+1","Disarm","Inflame","Carnage","Dropkick","Inflame","Disarm","Clash","Pummel","Heavy Blade","Whirlwind","Heavy Blade","Disarm","Impervious","Flex","Metallicize","J.A.X.","Clothesline","Sword Boomerang","Bloodletting+1","Heavy Blade+1","Reaper","Carnage","Mind Blast","Jack Of All Trades","Uppercut+1","Perfected Strike+1","Shrug It Off","Heavy Blade","Power Through"],"relics":["Burning Blood","Vajra","Boot","Question Card","Lizard Tail","Nilry\u0027s Codex","Blood Vial","White Beast Statue"],"potions_floor_usage":[13,13,18,21,28,29,31,38,38,41],"damage_taken":[{"damage":8,"enemies":"Jaw Worm","floor":1,"turns":4},{"damage":10,"enemies":"2 Louse","floor":2,"turns":3},{"damage":0,"enemies":"Small Slimes","floor":3,"turns":4},{"damage":10,"enemies":"Blue Slaver","floor":4,"turns":4},{"damage":25,"enemies":"Gremlin Nob","floor":6,"turns":4},{"damage":29,"enemies":"Gremlin Nob","floor":11,"turns":4},{"damage":17,"enemies":"Gremlin Gang","floor":13,"turns":4},{"damage":0,"enemies":"Large Slime","floor":14,"turns":3},{"damage":24,"enemies":"Hexaghost","floor":16,"turns":9},{"damage":40,"enemies":"2 Thieves","floor":18,"turns":5},{"damage":26,"enemies":"Shell Parasite","floor":21,"turns":4},{"damage":27,"enemies":"Snake Plant","floor":28,"turns":6},{"damage":20,"enemies":"Cultist and Chosen","floor":29,"turns":6},{"damage":24,"enemies":"Centurion and Healer","floor":31,"turns":6},{"damage":114,"enemies":"Champ","floor":33,"turns":14},{"damage":22,"enemies":"Orb Walker","floor":35,"turns":3},{"damage":33,"enemies":"3 Shapes","floor":37,"turns":3},{"damage":35,"enemies":"Sphere and 2 Shapes","floor":38,"turns":4},{"damage":47,"enemies":"Spire Growth","floor":41,"turns":4}],"seed_played":"-4481492084645819932","potions_obtained":[{"floor":1,"key":"BloodPotion"},{"floor":3,"key":"SpeedPotion"},{"floor":14,"key":"Explosive Potion"},{"floor":16,"key":"Strength Potion"},{"floor":21,"key":"SkillPotion"},{"floor":28,"key":"SkillPotion"},{"floor":29,"key":"LiquidBronze"},{"floor":35,"key":"Block Potion"},{"floor":37,"key":"Ancient Potion"},{"floor":38,"key":"SkillPotion"}],"is_trial":false,"path_per_floor":["M","M","M","M","$","E","?","R","T","?","?","$","M","M","R","B",null,"M","?","?","M","?","R","$","R","T","R","M","M","R","M","R","B",null,"M","?","M","M","$","R"],"character_chosen":"IRONCLAD","items_purchased":["Inflame","Disarm","Clash","Whirlwind","Clothesline","Shrug It Off","Heavy Blade","Power Through"],"campfire_rested":8,"item_purchase_floors":[5,5,5,12,24,39,39,39],"current_hp_per_floor":[78,74,80,76,76,57,57,80,80,80,57,57,54,60,80,62,80,46,30,30,13,13,37,37,61,61,83,62,50,74,58,82,19,83,67,62,37,10,10,34,0],"gold":98,"neow_bonus":"ONE_RANDOM_RARE_CARD","is_prod":false,"is_daily":false,"chose_seed":false,"campfire_upgraded":0,"win_rate":0,"timestamp":1532883640,"path_taken":["M","M","M","M","$","E","?","R","T","?","?","$","?","M","R","BOSS","M","?","?","M","?","R","$","R","T","R","M","M","R","M","R","BOSS","M","?","M","M","$","R","M"],"build_version":"2018-07-26","purchased_purges":0,"victory":false,"max_hp_per_floor":[80,80,80,80,80,80,80,80,80,80,80,80,80,80,80,80,80,80,80,80,83,83,83,83,83,83,83,83,83,83,83,83,83,83,83,83,83,83,83,83,83],"card_choices":[{"not_picked":["Cleave","Intimidate"],"picked":"Disarm","floor":1},{"not_picked":["Clash","Twin Strike"],"picked":"Inflame","floor":2},{"not_picked":["Twin Strike","Intimidate"],"picked":"Carnage","floor":3},{"not_picked":["Dual Wield","Warcry"],"picked":"Dropkick","floor":4},{"not_picked":["Feed","Seeing Red"],"picked":"Pummel","floor":6},{"not_picked":["Sentinel","Searing Blow","Pommel Strike"],"picked":"Heavy Blade","floor":11},{"not_picked":["Sword Boomerang","Bloodletting","Inflame"],"picked":"Heavy Blade","floor":13},{"not_picked":["Body Slam","Clash","True Grit"],"picked":"Disarm","floor":14},{"not_picked":["Brutality","Offering","Immolate"],"picked":"Impervious","floor":16},{"not_picked":["Anger","Burning Pact","Warcry+1"],"picked":"Flex","floor":18},{"not_picked":["Anger+1","Heavy Blade","Thunderclap"],"picked":"Metallicize","floor":21},{"not_picked":["Sentinel","Searing Blow","Clothesline"],"picked":"Sword Boomerang","floor":28},{"not_picked":["Clash+1","Fire Breathing","Warcry+1"],"picked":"Bloodletting+1","floor":29},{"not_picked":["Armaments","Warcry","Battle Trance"],"picked":"Heavy Blade+1","floor":31},{"not_picked":["Offering","Brutality","Bludgeon"],"picked":"Reaper","floor":33},{"not_picked":["Power Through+1","Disarm+1","Sentinel"],"picked":"Carnage","floor":35},{"not_picked":["Dark Shackles","Madness","Blind"],"picked":"Mind Blast","floor":36},{"not_picked":["Transmutation","Master of Strategy","Blind"],"picked":"Jack Of All Trades","floor":36},{"not_picked":["Pommel Strike+1","Thunderclap+1","Twin Strike+1"],"picked":"Uppercut+1","floor":37},{"not_picked":["Flex","Feel No Pain+1","Combust+1"],"picked":"Perfected Strike+1","floor":38}],"player_experience":133287,"relics_obtained":[{"floor":6,"key":"Vajra"},{"floor":9,"key":"Boot"},{"floor":19,"key":"Nilry\u0027s Codex"},{"floor":26,"key":"Blood Vial"}],"event_choices":[{"event_name":"Liars Game","player_choice":"disagreed","floor":7,"damage_taken":0},{"event_name":"Upgrade Shrine","player_choice":"Upgraded","floor":10,"damage_taken":0},{"event_name":"Dead Adventurer","player_choice":"Searched \u00272\u0027 times","floor":11,"damage_taken":0},{"event_name":"Cursed Tome","player_choice":"Obtained Book","floor":19,"damage_taken":0},{"event_name":"Accursed Blacksmith","player_choice":"Ignore","floor":20,"damage_taken":0},{"event_name":"Drug Dealer","player_choice":"Got JAXXED","floor":22,"damage_taken":0},{"event_name":"SensoryStone","player_choice":"Memory 2","floor":36,"damage_taken":0}],"is_beta":false,"boss_relics":[{"not_picked":["Pandora\u0027s Box","Philosopher\u0027s Stone"],"picked":"Lizard Tail"},{"not_picked":["Runic Pyramid","Velvet Choker"],"picked":"White Beast Statue"}],"items_purged_floors":[],"is_endless":false,"potions_floor_spawned":[1,3,14,16,21,28,29,35,37,38],"killed_by":"Spire Growth","ascension_level":0}