{"gold_per_floor":[117,137,137,137,62,62,105,105,184,199,218,237,237,237,237,237],"floor_reached":16,"playtime":557,"items_purged":[],"score":170,"play_id":"c64f7a54-0da5-4bfb-b356-a55ffda40d0f","local_time":"20190105210423","is_ascension_mode":true,"campfire_choices":[{"data":"Sever Soul","floor":6.0,"key":"SMITH"},{"data":"Shrug It Off","floor":8.0,"key":"SMITH"},{"data":"Power Through","floor":15.0,"key":"SMITH"}],"neow_cost":"PERCENT_DAMAGE","seed_source_timestamp":287600196932132,"circlet_count":0,"master_deck":["AscendersBane","Strike_R","Strike_R","Strike_R","Defend_R","Defend_R","Defend_R","Defend_R","Bash","Power Through+1","Clash","Clothesline","Shrug It Off+1","Sever Soul+1","True Grit","Headbutt","Shrug It Off","Decay"],"special_seed":0,"relics":["Burning Blood","Golden Idol","Juzu Bracelet","Question Card"],"potions_floor_usage":[],"damage_taken":[{"damage":0.0,"enemies":"Small Slimes","floor":1.0,"turns":3.0},{"damage":0.0,"enemies":"2 Louse","floor":2.0,"turns":3.0},{"damage":31.0,"enemies":"Lagavulin","floor":7.0,"turns":7.0},{"damage":0.0,"enemies":"Cultist","floor":10.0,"turns":3.0},{"damage":0.0,"enemies":"3 Louse","floor":11.0,"turns":3.0},{"damage":0.0,"enemies":"2 Fungi Beasts","floor":12.0,"turns":3.0},{"damage":49,"enemies":"Slime Boss","floor":16,"turns":7}],"seed_played":"3747548858842602497","potions_obtained":[{"floor":10.0,"key":"Ancient Potion"}],"is_trial":false,"path_per_floor":["M","M","?","?","$","R","E","R","T","M","M","M","?","?","R","B"],"character_chosen":"IRONCLAD","items_purchased":["Sever Soul"],"campfire_rested":0,"item_purchase_floors":[5],"current_hp_per_floor":[56,62,62,55,55,55,30,30,30,36,42,48,48,48,48,0],"gold":237,"neow_bonus":"TRANSFORM_TWO_CARDS","is_prod":false,"is_daily":false,"chose_seed":false,"campfire_upgraded":3,"win_rate":0,"timestamp":1546740263,"path_taken":["M","M","?","?","$","R","E","R","T","M","M","M","?","?","R","BOSS"],"build_version":"2019-01-03v4","purchased_purges":0,"victory":false,"max_hp_per_floor":[75,75,75,75,75,75,75,75,75,75,75,75,75,75,75,75],"card_choices":[{"not_picked":["Pommel Strike","Combust"],"picked":"Clothesline","floor":1.0},{"not_picked":["Havoc","Pommel Strike"],"picked":"Shrug It Off","floor":2.0},{"not_picked":["Rage","Twin Strike"],"picked":"True Grit","floor":7.0},{"not_picked":["Burning Pact","Pommel Strike","Corruption"],"picked":"Headbutt","floor":10.0},{"not_picked":["Havoc","Flame Barrier","Dropkick"],"picked":"Shrug It Off","floor":11.0},{"not_picked":["Fire Breathing","Dual Wield","Disarm","Sword Boomerang"],"picked":"SKIP","floor":12.0}],"player_experience":512610,"relics_obtained":[{"floor":7.0,"key":"Juzu Bracelet"},{"floor":9.0,"key":"Question Card"}],"event_choices":[{"damage_healed":0.0,"max_hp_gain":0.0,"max_hp_loss":0.0,"gold_gain":0.0,"event_name":"Golden Idol","player_choice":"Take Wound","floor":3.0,"gold_loss":0.0,"damage_taken":0.0,"relics_obtained":["Golden Idol"],"cards_obtained":["Injury"]},{"cards_removed":["Injury"],"damage_healed":0.0,"max_hp_gain":0.0,"max_hp_loss":0.0,"gold_gain":0.0,"event_name":"Golden Wing","player_choice":"Card Removal","floor":4.0,"gold_loss":0.0,"damage_taken":7.0},{"damage_healed":0.0,"max_hp_gain":0.0,"max_hp_loss":0.0,"gold_gain":0.0,"event_name":"Liars Game","player_choice":"Ignored","floor":13.0,"gold_loss":0.0,"damage_taken":0.0},{"damage_healed":0.0,"max_hp_gain":0.0,"max_hp_loss":0.0,"gold_gain":0.0,"event_name":"Wheel of Change","player_choice":"Cursed","floor":14.0,"gold_loss":0.0,"damage_taken":0.0,"cards_obtained":["Decay"]}],"is_beta":false,"boss_relics":[],"items_purged_floors":[],"is_endless":false,"potions_floor_spawned":[10],"killed_by":"Slime Boss","ascension_level":14}