{"gold_per_floor":[115,134,134,134,147,147,177,177,201,201,201,229,246,246,246,323,323,337,337,337,355,355,371,402,402,402,96,96,9,25,25,25,99,99,117,130,478,478,490,520,520,520,520,537,551,551,571,591,591,591],"floor_reached":50,"playtime":2794,"items_purged":["Decay"],"score":895,"play_id":"89ce7504-187d-4b55-bd64-2fd115088de9","local_time":"20190421015954","is_ascension_mode":true,"campfire_choices":[{"data":"A Thousand Cuts","floor":6.0,"key":"SMITH"},{"data":"Footwork","floor":8.0,"key":"SMITH"},{"data":"Neutralize","floor":10.0,"key":"SMITH"},{"floor":15.0,"key":"REST"},{"floor":25.0,"key":"REST"},{"floor":32.0,"key":"REST"},{"floor":40.0,"key":"DIG"},{"floor":42.0,"key":"DIG"},{"floor":46.0,"key":"REST"},{"floor":49.0,"key":"REST"}],"neow_cost":"NONE","seed_source_timestamp":1745869070241048,"circlet_count":0,"master_deck":["AscendersBane","Survivor","Neutralize+1","Dash","Die Die Die","Caltrops","Sucker Punch","A Thousand Cuts+1","Footwork+1","Dagger Spray","Backflip","Heel Hook","Cloak And Dagger","Cloak And Dagger","Adrenaline+1","Slice","Slice","Backstab","Dash","Noxious Fumes","Adrenaline","Blade Dance","Decay","Blade Dance"],"special_seed":0,"relics":["Pandora\u0027s Box","Ancient Tea Set","Pear","Boot","Dodecahedron","WristBlade","Blue Candle","Bag of Preparation","Shovel","Lantern","Busted Crown","Old Coin","Tiny Chest","Orichalcum"],"potions_floor_usage":[50],"damage_taken":[{"damage":0.0,"enemies":"Cultist","floor":1.0,"turns":4.0},{"damage":0.0,"enemies":"2 Louse","floor":2.0,"turns":3.0},{"damage":1.0,"enemies":"Jaw Worm","floor":5.0,"turns":4.0},{"damage":10.0,"enemies":"Lagavulin","floor":7.0,"turns":8.0},{"damage":7.0,"enemies":"3 Sentries","floor":12.0,"turns":4.0},{"damage":7.0,"enemies":"Gremlin Gang","floor":13.0,"turns":2.0},{"damage":30.0,"enemies":"Slime Boss","floor":16.0,"turns":9.0},{"damage":20.0,"enemies":"2 Thieves","floor":18.0,"turns":3.0},{"damage":20.0,"enemies":"Spheric Guardian","floor":21.0,"turns":4.0},{"damage":5.0,"enemies":"3 Cultists","floor":23.0,"turns":4.0},{"damage":3.0,"enemies":"Gremlin Leader","floor":24.0,"turns":5.0},{"damage":5.0,"enemies":"Chosen and Byrds","floor":30.0,"turns":5.0},{"damage":44.0,"enemies":"Automaton","floor":33.0,"turns":9.0},{"damage":0.0,"enemies":"Orb Walker","floor":35.0,"turns":2.0},{"damage":0.0,"enemies":"3 Shapes","floor":36.0,"turns":2.0},{"damage":1.0,"enemies":"2 Orb Walkers","floor":37.0,"turns":3.0},{"damage":11.0,"enemies":"3 Darklings","floor":39.0,"turns":3.0},{"damage":27.0,"enemies":"Spire Growth","floor":44.0,"turns":4.0},{"damage":0.0,"enemies":"4 Shapes","floor":45.0,"turns":3.0},{"damage":1.0,"enemies":"Transient","floor":47.0,"turns":6.0},{"damage":6.0,"enemies":"3 Darklings","floor":48.0,"turns":3.0},{"damage":77,"enemies":"Awakened One","floor":50,"turns":12}],"seed_played":"-5770162845869987029","potions_obtained":[{"floor":2.0,"key":"Block Potion"},{"floor":4.0,"key":"FairyPotion"},{"floor":13.0,"key":"EssenceOfSteel"},{"floor":16.0,"key":"Weak Potion"},{"floor":24.0,"key":"EssenceOfSteel"},{"floor":30.0,"key":"SpeedPotion"},{"floor":33.0,"key":"Energy Potion"},{"floor":36.0,"key":"Weak Potion"},{"floor":39.0,"key":"Energy Potion"},{"floor":48.0,"key":"Dexterity Potion"}],"is_trial":false,"path_per_floor":["M","M","?","?","M","R","E","R","T","R","?","E","M","?","R","B",null,"M","?","?","M","T","M","E","R","T","$","?","$","M","$","R","B",null,"M","M","?","?","M","R","?","R","T","M","M","R","M","M","R","B"],"character_chosen":"THE_SILENT","items_purchased":["Backstab","Lantern","Dash"],"campfire_rested":5,"item_purchase_floors":[27,27,29],"current_hp_per_floor":[59,59,54,54,53,53,53,53,53,53,46,39,32,32,54,24,63,43,43,43,23,23,18,15,37,37,37,37,37,32,32,54,10,60,60,60,59,59,48,48,48,48,48,21,21,43,42,36,58,0],"gold":591,"neow_bonus":"BOSS_RELIC","is_prod":false,"is_daily":false,"chose_seed":false,"campfire_upgraded":3,"win_rate":0,"timestamp":1555829994,"path_taken":["M","?","?","?","?","R","E","R","T","R","?","E","M","?","R","BOSS","M","?","?","M","?","M","E","R","T","$","?","$","?","?","R","BOSS","M","M","?","?","M","R","?","R","T","M","M","R","M","?","R","BOSS"],"build_version":"2019-01-23","purchased_purges":1,"victory":false,"max_hp_per_floor":[66,66,66,66,66,66,76,76,76,76,76,76,76,76,76,76,76,76,76,76,76,76,76,76,76,76,76,76,76,76,76,76,76,76,76,76,76,76,76,76,76,76,76,76,76,76,76,76,76,76],"card_choices":[{"not_picked":["Acrobatics","Terror"],"picked":"Heel Hook","floor":1.0},{"not_picked":["Distraction","Dagger Throw","Tactician"],"picked":"SKIP","floor":2.0},{"not_picked":["PiercingWail","Outmaneuver"],"picked":"Catalyst","floor":5.0},{"not_picked":["Outmaneuver","Quick Slash","Burst"],"picked":"SKIP","floor":7.0},{"not_picked":["Caltrops","Quick Slash"],"picked":"Cloak And Dagger","floor":12.0},{"not_picked":["Tactician","Heel Hook"],"picked":"Cloak And Dagger","floor":13.0},{"not_picked":["Envenom","Burst"],"picked":"Adrenaline","floor":16.0},{"not_picked":["Deadly Poison","PiercingWail"],"picked":"Slice","floor":18.0},{"not_picked":["Bane","Calculated Gamble","Sucker Punch"],"picked":"SKIP","floor":21.0},{"not_picked":["Sucker Punch","Flying Knee","Bouncing Flask"],"picked":"SKIP","floor":23.0},{"not_picked":["Dagger Spray","PiercingWail+1"],"picked":"Slice","floor":24.0},{"not_picked":["Bane","Backflip"],"picked":"Noxious Fumes","floor":30.0},{"not_picked":["Storm of Steel","Unload"],"picked":"Adrenaline","floor":33.0},{"not_picked":[],"picked":"Blade Dance","floor":35.0},{"not_picked":["Acrobatics"],"picked":"SKIP","floor":36.0},{"not_picked":["Endless Agony"],"picked":"SKIP","floor":39.0},{"not_picked":[],"picked":"Blade Dance","floor":44.0},{"not_picked":["Terror"],"picked":"SKIP","floor":45.0},{"not_picked":["Well Laid Plans+1"],"picked":"SKIP","floor":47.0},{"not_picked":["Outmaneuver+1"],"picked":"SKIP","floor":48.0}],"player_experience":666615,"relics_obtained":[{"floor":7.0,"key":"Pear"},{"floor":9.0,"key":"Boot"},{"floor":12.0,"key":"Dodecahedron"},{"floor":22.0,"key":"Blue Candle"},{"floor":24.0,"key":"Bag of Preparation"},{"floor":26.0,"key":"Shovel"},{"floor":37.0,"key":"Old Coin"},{"floor":40.0,"key":"Tiny Chest"},{"floor":42.0,"key":"Orichalcum"}],"event_choices":[{"damage_healed":0.0,"max_hp_gain":0.0,"max_hp_loss":0.0,"gold_gain":0.0,"event_name":"Scrap Ooze","player_choice":"Success","floor":3.0,"gold_loss":0.0,"damage_taken":5.0,"relics_obtained":["Ancient Tea Set"]},{"damage_healed":0.0,"max_hp_gain":0.0,"max_hp_loss":0.0,"gold_gain":0.0,"event_name":"Lab","player_choice":"Got Potions","floor":4.0,"gold_loss":0.0,"damage_taken":0.0},{"cards_removed":["Phantasmal Killer"],"damage_healed":0.0,"max_hp_gain":0.0,"max_hp_loss":0.0,"gold_gain":0.0,"event_name":"Golden Wing","player_choice":"Card Removal","floor":11.0,"gold_loss":0.0,"damage_taken":7.0},{"cards_removed":["Catalyst"],"damage_healed":0.0,"max_hp_gain":0.0,"max_hp_loss":0.0,"gold_gain":0.0,"event_name":"Purifier","player_choice":"Purged","floor":14.0,"gold_loss":0.0,"damage_taken":0.0},{"damage_healed":0.0,"max_hp_gain":0.0,"max_hp_loss":0.0,"gold_gain":0.0,"event_name":"Forgotten Altar","player_choice":"Smashed Altar","floor":19.0,"gold_loss":0.0,"damage_taken":0.0,"cards_obtained":["Decay"]},{"damage_healed":0.0,"max_hp_gain":0.0,"max_hp_loss":0.0,"gold_gain":0.0,"event_name":"The Mausoleum","player_choice":"Ignored","floor":20.0,"gold_loss":0.0,"damage_taken":0.0},{"damage_healed":0.0,"max_hp_gain":0.0,"max_hp_loss":0.0,"gold_gain":0.0,"event_name":"Accursed Blacksmith","player_choice":"Forge","floor":28.0,"gold_loss":0.0,"damage_taken":0.0,"cards_upgraded":["Adrenaline"]},{"damage_healed":0.0,"max_hp_gain":0.0,"max_hp_loss":0.0,"gold_gain":0.0,"event_name":"Mysterious Sphere","player_choice":"Fight","floor":37.0,"gold_loss":0.0,"damage_taken":0.0},{"cards_removed":["Catalyst"],"damage_healed":0.0,"max_hp_gain":0.0,"max_hp_loss":0.0,"gold_gain":0.0,"event_name":"Falling","player_choice":"Removed Skill","floor":38.0,"gold_loss":0.0,"damage_taken":0.0},{"damage_healed":0.0,"max_hp_gain":0.0,"max_hp_loss":0.0,"gold_gain":0.0,"event_name":"Wheel of Change","player_choice":"Cursed","floor":41.0,"gold_loss":0.0,"damage_taken":0.0,"cards_obtained":["Decay"]}],"is_beta":false,"boss_relics":[{"not_picked":["Sozu","Empty Cage"],"picked":"WristBlade"},{"not_picked":["Black Star","Orrery"],"picked":"Busted Crown"}],"items_purged_floors":[27],"is_endless":false,"potions_floor_spawned":[2,12,13,16,24,30,33,36,39,44,48],"killed_by":"Awakened One","ascension_level":17}