{"gold_per_floor":[116,45,220,234,234,234,259,242,242,282,282,557,580,600,600,600],"floor_reached":16,"playtime":570,"items_purged":[],"score":102,"play_id":"83c140c4-f697-45b7-88aa-fbf59f402858","local_time":"20190104165215","is_ascension_mode":false,"campfire_choices":[{"floor":6,"key":"REST"},{"floor":11,"key":"REST"},{"data":"Defragment","floor":15,"key":"SMITH"}],"neow_cost":"NONE","seed_source_timestamp":174172404918755,"circlet_count":0,"master_deck":["Strike_B","Strike_B","Strike_B","Strike_B","Defend_B","Defend_B","Defend_B","Defend_B","Zap","Dualcast","Auto Shields","Compile Driver","Hologram","Doubt","Tempest","Doom and Gloom","Defragment+1","White Noise","Regret","Redo","Double Energy"],"relics":["Cracked Core","Centennial Puzzle","Golden Idol","Pantograph"],"potions_floor_usage":[8,14],"damage_taken":[{"damage":6,"enemies":"Jaw Worm","floor":1,"turns":2},{"damage":4,"enemies":"2 Louse","floor":4,"turns":2},{"damage":3,"enemies":"Small Slimes","floor":7,"turns":3},{"damage":11,"enemies":"Exordium Thugs","floor":8,"turns":4},{"damage":12,"enemies":"Gremlin Nob","floor":10,"turns":4},{"damage":3,"enemies":"Large Slime","floor":13,"turns":4},{"damage":13,"enemies":"Red Slaver","floor":14,"turns":2},{"damage":80,"enemies":"The Guardian","floor":16,"turns":9}],"seed_played":"8224495970440888991","potions_obtained":[{"floor":1,"key":"SteroidPotion"},{"floor":10,"key":"PowerPotion"}],"is_trial":false,"path_per_floor":["M","$","?","M","?","R","M","M","T","E","R","?","M","M","R","B"],"character_chosen":"DEFECT","items_purchased":["Compile Driver","Hologram"],"campfire_rested":2,"item_purchase_floors":[2,2],"current_hp_per_floor":[69,69,69,65,47,69,66,55,55,43,65,65,62,49,49,0],"gold":600,"neow_bonus":"RANDOM_COMMON_RELIC","is_prod":false,"is_daily":false,"chose_seed":false,"campfire_upgraded":1,"win_rate":0,"timestamp":1546617135,"path_taken":["M","$","?","M","?","R","M","M","T","E","R","?","?","M","R","BOSS"],"build_version":"2019-01-03v3","purchased_purges":0,"victory":false,"max_hp_per_floor":[75,75,75,75,75,75,75,75,75,75,75,75,75,75,75,75],"card_choices":[{"not_picked":["Undo","Capacitor"],"picked":"Auto Shields","floor":1},{"not_picked":["Go for the Eyes","Streamline"],"picked":"Tempest","floor":4},{"not_picked":["Gash","Consume"],"picked":"Doom and Gloom","floor":7},{"not_picked":["Capacitor","Hologram"],"picked":"Defragment","floor":8},{"not_picked":["Recycle","FTL"],"picked":"White Noise","floor":10},{"not_picked":["All For One","Force Field"],"picked":"Redo","floor":13},{"not_picked":["Undo","Reprogram"],"picked":"Double Energy","floor":14}],"player_experience":318748,"relics_obtained":[{"floor":9,"key":"Pantograph"}],"event_choices":[{"damage_healed":0,"gold_gain":175,"player_choice":"AGREE","damage_taken":0,"max_hp_gain":0,"max_hp_loss":0,"event_name":"Liars Game","floor":3,"gold_loss":0,"cards_obtained":["Doubt"]},{"damage_healed":0,"gold_gain":0,"player_choice":"Take Damage","damage_taken":18,"relics_obtained":["Golden Idol"],"max_hp_gain":0,"max_hp_loss":0,"event_name":"Golden Idol","floor":5,"gold_loss":0},{"damage_healed":0,"gold_gain":275,"player_choice":"Desecrate","damage_taken":0,"max_hp_gain":0,"max_hp_loss":0,"event_name":"Golden Shrine","floor":12,"gold_loss":0,"cards_obtained":["Regret"]}],"is_beta":false,"boss_relics":[],"items_purged_floors":[],"is_endless":false,"potions_floor_spawned":[1,10],"killed_by":"The Guardian","ascension_level":0}