{"gold_per_floor":[116,136,10,10,10,39,39,39,87,105,134,147,147],"floor_reached":13,"playtime":676,"items_purged":[],"score":126,"play_id":"af878b53-ee23-4566-8a77-776f53956133","local_time":"20190502170216","is_ascension_mode":true,"campfire_choices":[{"floor":8,"key":"REST"}],"neow_cost":"NONE","seed_source_timestamp":733509492809858,"circlet_count":0,"master_deck":["Defend_G","Defend_G","Defend_G","Defend_G","Strike_G","Strike_G","Strike_G","Strike_G","Survivor","Neutralize","Prepared","Well Laid Plans","Noxious Fumes","Outmaneuver","Noxious Fumes","Dodge and Roll","Deflect"],"relics":["Ring of the Snake","Pen Nib","Letter Opener","Orichalcum","Torii"],"potions_floor_usage":[2,11,12,13],"damage_taken":[{"damage":0,"enemies":"Small Slimes","floor":1,"turns":7},{"damage":9,"enemies":"Jaw Worm","floor":2,"turns":10},{"damage":47,"enemies":"3 Sentries","floor":6,"turns":11},{"damage":4,"enemies":"Cultist","floor":10,"turns":4},{"damage":22,"enemies":"Gremlin Nob","floor":11,"turns":6},{"damage":0,"enemies":"2 Fungi Beasts","floor":12,"turns":4},{"damage":11,"enemies":"Exordium Wildlife","floor":13,"turns":1}],"seed_played":"5763087231976072908","potions_obtained":[{"floor":2,"key":"Fruit Juice"},{"floor":6,"key":"GhostInAJar"},{"floor":11,"key":"Block Potion"},{"floor":12,"key":"GamblersBrew"}],"is_trial":false,"path_per_floor":["M","M","$","?","?","E","?","R","T","M","E","M","M"],"character_chosen":"THE_SILENT","items_purchased":["Noxious Fumes","Outmaneuver"],"campfire_rested":1,"item_purchase_floors":[3,3],"current_hp_per_floor":[63,59,59,64,52,5,5,29,29,25,3,3,0],"gold":147,"neow_bonus":"REMOVE_CARD","is_prod":false,"is_daily":false,"chose_seed":false,"campfire_upgraded":0,"win_rate":0,"timestamp":1556812936,"path_taken":["M","M","$","?","?","E","?","R","T","M","E","M","?"],"build_version":"2019-01-23","purchased_purges":0,"victory":false,"max_hp_per_floor":[70,75,75,80,80,80,80,80,80,80,80,80,80],"card_choices":[{"not_picked":["Blade Dance","Reflex"],"picked":"Prepared","floor":1},{"not_picked":["Blade Dance","Distraction"],"picked":"Well Laid Plans","floor":2},{"not_picked":["Skewer","Dagger Spray"],"picked":"Noxious Fumes","floor":6},{"not_picked":["Outmaneuver","Acrobatics"],"picked":"Dodge and Roll","floor":10},{"not_picked":["PiercingWail","Dodge and Roll","Cloak And Dagger"],"picked":"SKIP","floor":11},{"not_picked":["Terror","Acrobatics"],"picked":"Deflect","floor":12}],"player_experience":585464,"relics_obtained":[{"floor":6,"key":"Letter Opener"},{"floor":9,"key":"Orichalcum"},{"floor":11,"key":"Torii"}],"event_choices":[{"damage_healed":0,"gold_gain":0,"player_choice":"Donut","damage_taken":0,"max_hp_gain":5,"max_hp_loss":0,"event_name":"Big Fish","floor":4,"gold_loss":0},{"damage_healed":0,"gold_gain":0,"player_choice":"Success","damage_taken":12,"relics_obtained":["Pen Nib"],"max_hp_gain":0,"max_hp_loss":0,"event_name":"Scrap Ooze","floor":5,"gold_loss":0},{"cards_removed":["Defend_G"],"damage_healed":0,"gold_gain":0,"player_choice":"Purged","damage_taken":0,"max_hp_gain":0,"max_hp_loss":0,"event_name":"Purifier","floor":7,"gold_loss":0}],"is_beta":false,"boss_relics":[],"items_purged_floors":[],"is_endless":false,"potions_floor_spawned":[2,6,11,12],"killed_by":"Exordium Wildlife","ascension_level":7}