{"gold_per_floor":[112,122,142,111,127,127,127,141,168,168,168],"floor_reached":11,"playtime":560,"items_purged":[],"score":94,"play_id":"68ea80bf-ab64-43a2-9146-629e876dc04b","local_time":"20180923144432","is_ascension_mode":true,"campfire_choices":[{"data":"Defragment","floor":6,"key":"SMITH"}],"neow_cost":"NONE","seed_source_timestamp":31508624831273,"circlet_count":0,"master_deck":["Strike_B","Strike_B+1","Strike_B","Strike_B+1","Defend_B","Defend_B","Defend_B","Defend_B","Zap+1","Dualcast","Coolheaded","Hologram","Hello World","Defragment+1","Lockon","Leap"],"relics":["Cracked Core","Smiling Mask"],"potions_floor_usage":[4],"damage_taken":[{"damage":0,"enemies":"Cultist","floor":1,"turns":3},{"damage":10,"enemies":"2 Louse","floor":2,"turns":3},{"damage":0,"enemies":"Small Slimes","floor":3,"turns":3},{"damage":14,"enemies":"Exordium Thugs","floor":4,"turns":5},{"damage":11,"enemies":"Looter","floor":5,"turns":3},{"damage":4,"enemies":"3 Louse","floor":8,"turns":2},{"damage":14,"enemies":"Exordium Wildlife","floor":11,"turns":2}],"seed_played":"4257667119112684869","potions_obtained":[{"floor":3,"key":"EssenceOfSteel"}],"is_trial":false,"path_per_floor":["M","M","M","M","M","R","?","M","T","?"],"character_chosen":"DEFECT","items_purchased":[],"campfire_rested":0,"item_purchase_floors":[],"current_hp_per_floor":[68,58,58,44,33,33,18,14,14,14,0],"gold":168,"neow_bonus":"UPGRADE_CARD","is_prod":false,"is_daily":false,"chose_seed":false,"campfire_upgraded":1,"win_rate":0,"timestamp":1537728272,"path_taken":["M","M","M","M","M","R","?","M","T","?","?"],"build_version":"2018-09-20","purchased_purges":0,"victory":false,"max_hp_per_floor":[75,75,75,75,75,75,75,75,75,75,75],"card_choices":[{"not_picked":["Conserve Battery","Force Field"],"picked":"Coolheaded","floor":1},{"not_picked":["Streamline","Stack"],"picked":"Hologram","floor":2},{"not_picked":["Coolheaded","Aggregate"],"picked":"Hello World","floor":3},{"not_picked":["Cold Snap","Conserve Battery"],"picked":"Defragment","floor":4},{"not_picked":["Coolheaded","Turbo"],"picked":"Lockon","floor":5},{"not_picked":["Static Discharge","Reinforced Body"],"picked":"Leap","floor":8}],"player_experience":282026,"relics_obtained":[{"floor":9,"key":"Smiling Mask"}],"event_choices":[{"event_name":"Shining Light","player_choice":"Entered Light","floor":7,"damage_taken":0},{"event_name":"Scrap Ooze","player_choice":"unsuccessful","floor":10,"damage_taken":0}],"is_beta":false,"boss_relics":[],"items_purged_floors":[],"is_endless":false,"potions_floor_spawned":[3],"killed_by":"Exordium Wildlife","ascension_level":8}