{"gold_per_floor":[113,125,125,144,144,144,64,64,118,118,118,118,133,147,147,248,248,263,263,278,36,51,51,51,51,76,52,52,68,93,103,103,103],"floor_reached":33,"playtime":989,"items_purged":[],"score":268,"play_id":"22bed202-91ae-40b9-8534-95eb91197ead","local_time":"20180815202926","is_ascension_mode":true,"campfire_choices":[{"floor":6,"key":"REST"},{"floor":10,"key":"REST"},{"data":"Cleave","floor":12,"key":"SMITH"},{"data":"Impervious","floor":15,"key":"SMITH"},{"floor":23,"key":"REST"},{"floor":28,"key":"REST"},{"floor":32,"key":"REST"}],"neow_cost":"PERCENT_DAMAGE","seed_source_timestamp":189540754629839,"circlet_count":0,"master_deck":["Strike_R","Strike_R","Strike_R","Strike_R","Strike_R","Defend_R","Defend_R","Defend_R","Defend_R","Bash","Fiend Fire+1","Iron Wave","Rage","Cleave+1","Carnage","Sword Boomerang","Impervious+1","Immolate","Armaments","RitualDagger","Clothesline","Flash of Steel","Disarm","Perfected Strike","Flex","Flex+1","Barricade","Warcry+1"],"relics":["Burning Blood","GremlinMask","Bag of Preparation","Art of War","Mark of Pain","Regal Pillow","Orichalcum","Shovel"],"potions_floor_usage":[16,16,22,33],"damage_taken":[{"damage":5,"enemies":"Cultist","floor":1,"turns":4},{"damage":3,"enemies":"Small Slimes","floor":2,"turns":4},{"damage":14,"enemies":"2 Louse","floor":4,"turns":3},{"damage":13,"enemies":"Exordium Wildlife","floor":13,"turns":3},{"damage":5,"enemies":"2 Fungi Beasts","floor":14,"turns":4},{"damage":57,"enemies":"Hexaghost","floor":16,"turns":11},{"damage":11,"enemies":"2 Thieves","floor":18,"turns":4},{"damage":16,"enemies":"Chosen","floor":20,"turns":5},{"damage":36,"enemies":"3 Cultists","floor":22,"turns":5},{"damage":15,"enemies":"Snake Plant","floor":29,"turns":6},{"damage":41,"enemies":"Gremlin Leader","floor":30,"turns":8},{"damage":15,"enemies":"Cultist and Chosen","floor":31,"turns":6},{"damage":66,"enemies":"Collector","floor":33,"turns":8}],"seed_played":"2520845338606440927","potions_obtained":[{"floor":13,"key":"Strength Potion"},{"floor":14,"key":"LiquidBronze"},{"floor":16,"key":"SkillPotion"},{"floor":18,"key":"GamblersBrew"},{"floor":20,"key":"GamblersBrew"},{"floor":31,"key":"FearPotion"}],"is_trial":false,"path_per_floor":["M","M","?","M","?","R","$","$","T","R","?","R","M","M","R","B",null,"M","?","M","$","M","R","?","?","T","$","R","M","E","M","R"],"character_chosen":"IRONCLAD","items_purchased":["Carnage","Flash of Steel","Regal Pillow","Flex"],"campfire_rested":5,"item_purchase_floors":[7,21,21,27],"current_hp_per_floor":[57,60,60,52,40,64,64,64,64,80,80,80,73,74,74,23,80,75,69,59,59,29,68,68,68,68,68,80,71,36,27,66,0],"gold":103,"neow_bonus":"THREE_RARE_CARDS","is_prod":false,"is_daily":false,"chose_seed":false,"campfire_upgraded":2,"win_rate":0,"timestamp":1534357766,"path_taken":["M","?","?","M","?","R","?","$","T","R","?","R","?","M","R","BOSS","M","?","M","$","M","R","?","?","T","?","R","?","E","M","R","BOSS"],"build_version":"2018-08-09","purchased_purges":0,"victory":false,"max_hp_per_floor":[80,80,80,80,80,80,80,80,80,80,80,80,80,80,80,80,80,80,80,80,80,80,80,80,80,80,80,80,80,80,80,80,80],"card_choices":[{"not_picked":["Limit Break","Exhume"],"picked":"Fiend Fire","floor":0},{"not_picked":["Second Wind","Warcry"],"picked":"Iron Wave","floor":1},{"not_picked":["Fire Breathing","Hemokinesis"],"picked":"Rage","floor":2},{"not_picked":["True Grit","Blood for Blood"],"picked":"Cleave","floor":4},{"not_picked":["Rupture","Headbutt"],"picked":"Sword Boomerang","floor":13},{"not_picked":["Body Slam","True Grit"],"picked":"Impervious","floor":14},{"not_picked":["Brutality","Feed"],"picked":"Immolate","floor":16},{"not_picked":["Wild Strike","Sentinel"],"picked":"Armaments","floor":18},{"not_picked":["Pommel Strike","Whirlwind"],"picked":"Clothesline","floor":20},{"not_picked":["Clothesline","Blood for Blood"],"picked":"Disarm","floor":22},{"not_picked":["True Grit","Dropkick"],"picked":"Flex+1","floor":29},{"not_picked":["Anger","Corruption"],"picked":"Barricade","floor":30},{"not_picked":["Wild Strike","Combust"],"picked":"Warcry+1","floor":31}],"player_experience":184969,"relics_obtained":[{"floor":9,"key":"Art of War"},{"floor":26,"key":"Orichalcum"},{"floor":30,"key":"Shovel"}],"event_choices":[{"event_name":"FaceTrader","player_choice":"Trade","floor":3,"damage_taken":0},{"event_name":"Scrap Ooze","player_choice":"success","floor":5,"damage_taken":12},{"event_name":"Living Wall","player_choice":"Grow","floor":11,"damage_taken":0},{"event_name":"Nest","player_choice":"Joined the Cult","floor":19,"damage_taken":0},{"event_name":"The Library","player_choice":"Read","floor":24,"damage_taken":0},{"event_name":"Addict","player_choice":"Ignored","floor":25,"damage_taken":0}],"is_beta":false,"boss_relics":[{"not_picked":["Runic Dome","Ectoplasm"],"picked":"Mark of Pain"}],"items_purged_floors":[],"is_endless":false,"potions_floor_spawned":[13,14,16,18,20,31],"killed_by":"Collector","ascension_level":1}