{"gold_per_floor":[117,117,82,98,98,98,131,150,150,179,179,159,173,193,193,270,270,283,299,316,54,69,69,69],"floor_reached":24,"playtime":1169,"items_purged":[],"score":464,"play_id":"39702676-714a-4445-ac81-86313c982e7a","local_time":"20190324060709","is_ascension_mode":true,"campfire_choices":[{"data":"Neutralize","floor":6,"key":"SMITH"},{"data":"Tools of the Trade","floor":11,"key":"SMITH"},{"data":"Terror","floor":15,"key":"SMITH"},{"data":"Noxious Fumes","floor":23,"key":"SMITH"}],"neow_cost":"NONE","seed_source_timestamp":1167654779124581,"circlet_count":0,"master_deck":["AscendersBane","Defend_G+1","Defend_G","Defend_G","Defend_G","Defend_G","Strike_G+1","Strike_G","Strike_G","Strike_G","Strike_G","Survivor","Neutralize+1","Poisoned Stab","Terror+1","Tools of the Trade+1","Poisoned Stab","Backflip","Blur","PiercingWail","Corpse Explosion","Deflect","Leg Sweep+1","Poisoned Stab+1","Noxious Fumes+1"],"relics":["Coffee Dripper","Question Card","Shuriken","Dodecahedron","Bronze Scales","Eternal Feather","Ornamental Fan"],"potions_floor_usage":[10,14,16,22,22,24],"damage_taken":[{"damage":0,"enemies":"2 Louse","floor":1,"turns":3},{"damage":2,"enemies":"Jaw Worm","floor":4,"turns":3},{"damage":34,"enemies":"3 Sentries","floor":7,"turns":11},{"damage":0,"enemies":"Cultist","floor":8,"turns":3},{"damage":17,"enemies":"Lagavulin","floor":10,"turns":5},{"damage":0,"enemies":"2 Fungi Beasts","floor":13,"turns":2},{"damage":1,"enemies":"Blue Slaver","floor":14,"turns":2},{"damage":0,"enemies":"Hexaghost","floor":16,"turns":8},{"damage":29,"enemies":"Spheric Guardian","floor":18,"turns":8},{"damage":0,"enemies":"3 Byrds","floor":19,"turns":3},{"damage":6,"enemies":"Snake Plant","floor":20,"turns":5},{"damage":10,"enemies":"Sentry and Sphere","floor":22,"turns":7},{"damage":23,"enemies":"Book of Stabbing","floor":24,"turns":4}],"seed_played":"-404797737691351392","potions_obtained":[{"floor":4,"key":"LiquidBronze"},{"floor":7,"key":"SteroidPotion"},{"floor":12,"key":"LiquidBronze"},{"floor":13,"key":"Weak Potion"},{"floor":14,"key":"SpeedPotion"},{"floor":18,"key":"GhostInAJar"},{"floor":22,"key":"Dexterity Potion"}],"is_trial":false,"path_per_floor":["M","?","?","M","T","R","E","M","T","E","R","?","M","M","R","B",null,"M","M","M","$","M","R","E"],"character_chosen":"THE_SILENT","items_purchased":["Ornamental Fan"],"campfire_rested":0,"item_purchase_floors":[21],"current_hp_per_floor":[59,39,55,53,53,53,19,19,19,2,2,2,2,1,1,1,50,21,21,15,15,5,20,0],"gold":69,"neow_bonus":"BOSS_RELIC","is_prod":false,"is_daily":false,"chose_seed":false,"campfire_upgraded":4,"win_rate":0,"timestamp":1553425629,"path_taken":["M","?","?","M","?","R","E","M","T","E","R","?","M","M","R","BOSS","M","M","?","$","M","R","E"],"build_version":"2019-01-23","purchased_purges":0,"victory":false,"max_hp_per_floor":[66,66,66,66,66,66,66,66,66,66,66,66,66,66,66,66,66,66,66,66,66,66,66,66],"card_choices":[{"not_picked":["Deflect","Prepared"],"picked":"Poisoned Stab","floor":1},{"not_picked":["Blade Dance","Outmaneuver"],"picked":"Terror","floor":4},{"not_picked":["Expertise","Predator","Quick Slash"],"picked":"Tools of the Trade","floor":7},{"not_picked":["Bane","Flechettes","Sucker Punch"],"picked":"Poisoned Stab","floor":8},{"not_picked":["Choke","Caltrops","Terror"],"picked":"Backflip","floor":10},{"not_picked":["Endless Agony","Prepared","Calculated Gamble"],"picked":"Blur","floor":13},{"not_picked":["Terror","Backflip","Outmaneuver"],"picked":"PiercingWail","floor":14},{"not_picked":["Glass Knife","Tools of the Trade","A Thousand Cuts"],"picked":"Corpse Explosion","floor":16},{"not_picked":["Acrobatics","Eviscerate","Outmaneuver"],"picked":"Deflect","floor":18},{"not_picked":["Blade Dance","Prepared","Poisoned Stab"],"picked":"Leg Sweep+1","floor":19},{"not_picked":["Backflip","Calculated Gamble","Slice"],"picked":"Poisoned Stab+1","floor":20},{"not_picked":["Underhanded Strike","Catalyst","Dagger Throw"],"picked":"Noxious Fumes","floor":22}],"player_experience":644777,"relics_obtained":[{"floor":5,"key":"Question Card"},{"floor":7,"key":"Shuriken"},{"floor":9,"key":"Dodecahedron"},{"floor":10,"key":"Bronze Scales"}],"event_choices":[{"damage_healed":0,"gold_gain":0,"player_choice":"Entered Light","damage_taken":20,"max_hp_gain":0,"max_hp_loss":0,"event_name":"Shining Light","floor":2,"gold_loss":0,"cards_upgraded":["Defend_G","Strike_G"]},{"damage_healed":16,"gold_gain":0,"player_choice":"Healed","damage_taken":0,"max_hp_gain":0,"max_hp_loss":0,"event_name":"The Cleric","floor":3,"gold_loss":35},{"damage_healed":0,"gold_gain":0,"player_choice":"Bought 1 Potion","damage_taken":0,"max_hp_gain":0,"max_hp_loss":0,"event_name":"The Woman in Blue","floor":12,"gold_loss":0}],"is_beta":false,"boss_relics":[{"not_picked":["Ectoplasm","Orrery"],"picked":"Eternal Feather"}],"items_purged_floors":[],"is_endless":false,"potions_floor_spawned":[4,7,13,14,18,22],"killed_by":"Book of Stabbing","ascension_level":16}