{"gold_per_floor":[113,131,131,151,151,151,0,30,78,104,35,50,50,69,69,166,166,181,181,181,106,118,149,159,159,159,173,204,204,236,248,248,351,351,361,361,361,91,91,91,117,117,144,195,226,243,260,276,276,276],"floor_reached":50,"playtime":4287,"items_purged":[],"score":960,"play_id":"95088110-b726-41a9-822a-b722bdb478c0","local_time":"20180924002555","is_ascension_mode":true,"campfire_choices":[{"data":"Dualcast","floor":6.0,"key":"SMITH"},{"data":"Buffer","floor":13.0,"key":"SMITH"},{"data":"Creative AI","floor":15.0,"key":"SMITH"},{"data":"Seek","floor":25.0,"key":"SMITH"},{"data":"Blizzard","floor":29.0,"key":"SMITH"},{"data":"FTL","floor":32.0,"key":"SMITH"},{"data":"Fission","floor":40.0,"key":"SMITH"},{"data":"Blizzard","floor":42.0,"key":"SMITH"},{"data":"Fission","floor":49.0,"key":"SMITH"}],"neow_cost":"","seed_source_timestamp":51522860507722,"circlet_count":0,"master_deck":["Strike_B","Strike_B","Strike_B","Defend_B+1","Zap+1","Dualcast+1","Cold Snap","Sweeping Beam","Glacier+1","Buffer+1","Creative AI+1","Self Repair","Blizzard+1","FTL+1","Amplify+1","Loop+1","Seek+1","Rebound+1","Cold Snap","Self Repair","Fission+1","Impatience","Panacea","Purity","Blizzard+1","FTL","Electrodynamics","Madness","Madness","Barrage+1","Fission+1"],"special_seed":0,"relics":["Cracked Core","War Paint","Anchor","Potion Belt","Blood Vial","Coffee Dripper","Mummified Hand","Ornamental Fan","DataDisk","Letter Opener","Empty Cage","Lee\u0027s Waffle","Pear","Boot","Gambling Chip","Bag of Marbles"],"potions_floor_usage":[50,50,50,50,50],"damage_taken":[{"damage":1.0,"enemies":"Cultist","floor":1.0,"turns":4.0},{"damage":2.0,"enemies":"2 Louse","floor":2.0,"turns":2.0},{"damage":0.0,"enemies":"Jaw Worm","floor":4.0,"turns":5.0},{"damage":0.0,"enemies":"3 Sentries","floor":8.0,"turns":8.0},{"damage":10.0,"enemies":"Gremlin Nob","floor":10.0,"turns":5.0},{"damage":0.0,"enemies":"Exordium Thugs","floor":12.0,"turns":5.0},{"damage":0.0,"enemies":"Exordium Wildlife","floor":14.0,"turns":4.0},{"damage":21.0,"enemies":"Slime Boss","floor":16.0,"turns":8.0},{"damage":0.0,"enemies":"Spheric Guardian","floor":18.0,"turns":6.0},{"damage":12.0,"enemies":"Colosseum Slavers","floor":19.0,"turns":6.0},{"damage":1.0,"enemies":"Shell Parasite","floor":22.0,"turns":6.0},{"damage":37.0,"enemies":"Gremlin Leader","floor":23.0,"turns":7.0},{"damage":0.0,"enemies":"Cultist and Chosen","floor":24.0,"turns":6.0},{"damage":0.0,"enemies":"Snake Plant","floor":27.0,"turns":6.0},{"damage":0.0,"enemies":"Slavers","floor":28.0,"turns":7.0},{"damage":11.0,"enemies":"Book of Stabbing","floor":30.0,"turns":4.0},{"damage":0.0,"enemies":"Centurion and Healer","floor":31.0,"turns":6.0},{"damage":0.0,"enemies":"Champ","floor":33.0,"turns":13.0},{"damage":0.0,"enemies":"Orb Walker","floor":35.0,"turns":4.0},{"damage":25.0,"enemies":"2 Orb Walkers","floor":41.0,"turns":5.0},{"damage":2.0,"enemies":"Mysterious Sphere","floor":44.0,"turns":7.0},{"damage":39.0,"enemies":"Giant Head","floor":45.0,"turns":9.0},{"damage":0.0,"enemies":"3 Darklings","floor":46.0,"turns":2.0},{"damage":0.0,"enemies":"3 Darklings","floor":47.0,"turns":3.0},{"damage":0.0,"enemies":"Maw","floor":48.0,"turns":7.0},{"damage":93,"enemies":"Awakened One","floor":50,"turns":10}],"seed_played":"4213493385611260098","potions_obtained":[{"floor":8.0,"key":"Poison Potion"},{"floor":10.0,"key":"LiquidBronze"},{"floor":12.0,"key":"LiquidBronze"},{"floor":16.0,"key":"LiquidBronze"},{"floor":18.0,"key":"Poison Potion"},{"floor":23.0,"key":"Block Potion"},{"floor":24.0,"key":"PowerPotion"},{"floor":27.0,"key":"LiquidBronze"},{"floor":44.0,"key":"PowerPotion"},{"floor":48.0,"key":"FearPotion"}],"is_trial":false,"path_per_floor":["M","M","?","M","?","R","$","E","T","E","$","M","R","M","R","B",null,"M","?","?","?","M","E","M","R","T","M","E","R","E","M","R","B",null,"M","?","?","$","?","R","E","R","T","?","E","?","M","M","R"],"character_chosen":"DEFECT","items_purchased":["War Paint","Self Repair","Lee\u0027s Waffle","Blizzard"],"campfire_rested":0,"item_purchase_floors":[7,11,38,38],"current_hp_per_floor":[67,65,65,65,65,65,65,65,65,55,55,64,64,73,73,61,72,75,63,63,63,75,45,61,61,61,75,75,75,75,75,75,75,75,75,65,65,82,82,82,88,88,88,92,67,57,80,92,92,0],"gold":276,"neow_bonus":"","is_prod":false,"is_daily":false,"chose_seed":false,"campfire_upgraded":9,"win_rate":0,"timestamp":1537763155,"path_taken":["M","?","?","M","?","R","?","E","T","E","$","M","R","M","R","BOSS","M","?","?","?","?","E","M","R","T","M","E","R","E","M","R","BOSS","M","?","?","$","?","R","E","R","T","?","E","?","M","M","R","BOSS"],"build_version":"2018-09-20","purchased_purges":0,"victory":false,"max_hp_per_floor":[75,75,75,75,75,75,75,75,75,75,75,75,75,75,75,75,75,75,75,75,75,75,75,75,75,75,75,75,75,75,75,75,75,75,75,75,75,82,82,82,92,92,92,92,92,92,92,92,92,92],"card_choices":[{"not_picked":["Ball Lightning","Turbo"],"picked":"Cold Snap","floor":1.0},{"not_picked":["Steam","Ball Lightning"],"picked":"Sweeping Beam","floor":2.0},{"not_picked":["Force Field","Static Discharge"],"picked":"Glacier","floor":4.0},{"not_picked":["Redo","Leap"],"picked":"Buffer","floor":8.0},{"not_picked":["Chaos","Cold Snap"],"picked":"Creative AI","floor":10.0},{"not_picked":["Cold Snap","Steam"],"picked":"Blizzard","floor":12.0},{"not_picked":["Reinforced Body","Static Discharge"],"picked":"FTL","floor":14.0},{"not_picked":["Reboot","Creative AI"],"picked":"Amplify","floor":16.0},{"not_picked":["Darkness","Sunder"],"picked":"Loop+1","floor":18.0},{"not_picked":["Hologram","Barrage"],"picked":"Cold Snap+1","floor":22.0},{"not_picked":["Hologram","Hello World"],"picked":"Seek","floor":23.0},{"not_picked":["Steam","Leap+1"],"picked":"Rebound+1","floor":24.0},{"not_picked":["Double Energy","Compile Driver+1","Barrage"],"picked":"SKIP","floor":27.0},{"not_picked":["Leap+1","Thunder Strike"],"picked":"Cold Snap","floor":28.0},{"not_picked":["Compile Driver","Cold Snap"],"picked":"Self Repair","floor":30.0},{"not_picked":["Turbo","Cold Snap","Barrage"],"picked":"SKIP","floor":31.0},{"not_picked":["Turbo","Cold Snap","Barrage"],"picked":"SKIP","floor":31.0},{"not_picked":["All For One","Core Surge"],"picked":"Fission","floor":33.0},{"not_picked":["Double Energy","Steam Power","Reprogram+1"],"picked":"SKIP","floor":35.0},{"not_picked":["Flash of Steel","Enlightenment"],"picked":"Impatience","floor":36.0},{"not_picked":["Swift Strike","Mind Blast"],"picked":"Panacea","floor":36.0},{"not_picked":["Chrysalis","Impatience"],"picked":"Purity","floor":36.0},{"not_picked":["Rebound","Rip and Tear","Compile Driver"],"picked":"SKIP","floor":41.0},{"not_picked":["Hologram","Ball Lightning+1"],"picked":"FTL","floor":44.0},{"not_picked":["Conserve Battery","Gash"],"picked":"Electrodynamics","floor":45.0},{"not_picked":["Melter+1","Force Field"],"picked":"Barrage+1","floor":47.0},{"not_picked":["Defragment","Sweeping Beam"],"picked":"Fission","floor":48.0}],"player_experience":282586,"relics_obtained":[{"floor":8.0,"key":"Anchor"},{"floor":9.0,"key":"Potion Belt"},{"floor":10.0,"key":"Blood Vial"},{"floor":23.0,"key":"Mummified Hand"},{"floor":26.0,"key":"Ornamental Fan"},{"floor":28.0,"key":"DataDisk"},{"floor":30.0,"key":"Letter Opener"},{"floor":41.0,"key":"Pear"},{"floor":43.0,"key":"Boot"},{"floor":44.0,"key":"Gambling Chip"},{"floor":45.0,"key":"Bag of Marbles"}],"event_choices":[{"event_name":"Upgrade Shrine","player_choice":"Upgraded","floor":3.0,"damage_taken":0.0},{"event_name":"Purifier","player_choice":"One Purge","floor":5.0,"damage_taken":0.0},{"event_name":"Colosseum","player_choice":"Fight","floor":19.0,"damage_taken":0.0},{"event_name":"Colosseum","player_choice":"Fled From Nobs","floor":19.0,"damage_taken":0.0},{"event_name":"Upgrade Shrine","player_choice":"Upgraded","floor":20.0,"damage_taken":0.0},{"event_name":"Beggar","player_choice":"Gave Gold","floor":21.0,"damage_taken":0.0},{"event_name":"SensoryStone","player_choice":"Memory 3","floor":36.0,"damage_taken":0.0},{"event_name":"Tomb of Lord Red Mask","player_choice":"Ignored","floor":37.0,"damage_taken":0.0},{"event_name":"Falling","player_choice":"Removed Attack","floor":39.0,"damage_taken":0.0},{"event_name":"Mysterious Sphere","player_choice":"Fight","floor":44.0,"damage_taken":0.0},{"event_name":"Winding Halls","player_choice":"Embrace Madness","floor":46.0,"damage_taken":0.0}],"is_beta":false,"boss_relics":[{"not_picked":["Philosopher\u0027s Stone","Eternal Feather"],"picked":"Coffee Dripper"},{"not_picked":["Nuclear Battery","Runic Dome"],"picked":"Empty Cage"}],"items_purged_floors":[],"is_endless":false,"potions_floor_spawned":[8,10,12,16,18,23,24,27,44,45,48],"killed_by":"Awakened One","ascension_level":8}