{"gold_per_floor":[115,134,153,8,28,60,60,60,114,129,54,54,64,78,78,78],"floor_reached":16,"playtime":833,"items_purged":["Normality"],"score":140,"play_id":"915770b7-ba47-4c83-bcf9-751de596c0e0","local_time":"20180922001737","is_ascension_mode":true,"campfire_choices":[{"floor":7.0,"key":"REST"},{"floor":15.0,"key":"REST"}],"neow_cost":"CURSE","seed_source_timestamp":252106573091720,"circlet_count":0,"master_deck":["Strike_R","Strike_R","Strike_R","Strike_R+1","Strike_R","Defend_R","Defend_R","Defend_R","Defend_R","Bash+1","Barricade","Entrench","Second Wind","Power Through","Juggernaut","Whirlwind","Headbutt"],"special_seed":0,"relics":["Burning Blood","Bag of Marbles","Oddly Smooth Stone","Tiny Chest","Paper Frog"],"potions_floor_usage":[],"damage_taken":[{"damage":6.0,"enemies":"Cultist","floor":1.0,"turns":4.0},{"damage":4.0,"enemies":"2 Louse","floor":2.0,"turns":3.0},{"damage":14.0,"enemies":"Small Slimes","floor":3.0,"turns":5.0},{"damage":18.0,"enemies":"3 Louse","floor":5.0,"turns":5.0},{"damage":51.0,"enemies":"Gremlin Nob","floor":6.0,"turns":7.0},{"damage":1.0,"enemies":"Blue Slaver","floor":10.0,"turns":3.0},{"damage":10.0,"enemies":"Exordium Wildlife","floor":13.0,"turns":6.0},{"damage":8.0,"enemies":"Large Slime","floor":14.0,"turns":6.0},{"damage":42,"enemies":"Hexaghost","floor":16,"turns":11}],"seed_played":"3202907397630580250","potions_obtained":[{"floor":1.0,"key":"Weak Potion"},{"floor":2.0,"key":"Block Potion"},{"floor":3.0,"key":"PowerPotion"}],"is_trial":false,"path_per_floor":["M","M","M","$","M","E","R","?","T","M","$","T","M","M","R"],"character_chosen":"IRONCLAD","items_purchased":["Bag of Marbles"],"campfire_rested":2,"item_purchase_floors":[4],"current_hp_per_floor":[72,74,66,66,54,9,33,17,17,22,22,22,18,16,40,0],"gold":78,"neow_bonus":"THREE_RARE_CARDS","is_prod":false,"is_daily":false,"chose_seed":false,"campfire_upgraded":0,"win_rate":0,"timestamp":1537589857,"path_taken":["M","?","M","$","M","E","R","?","T","M","$","?","M","?","R","BOSS"],"build_version":"2018-09-20","purchased_purges":1,"victory":false,"max_hp_per_floor":[80,80,80,80,80,80,80,80,80,80,80,80,80,80,80,80],"card_choices":[{"not_picked":["Berserk","Reaper"],"picked":"Barricade","floor":0.0},{"not_picked":["Twin Strike","Feel No Pain"],"picked":"Entrench","floor":1.0},{"not_picked":["True Grit","Heavy Blade"],"picked":"Second Wind","floor":2.0},{"not_picked":["Combust","Havoc","Clothesline"],"picked":"SKIP","floor":3.0},{"not_picked":["Spot Weakness","Havoc"],"picked":"Power Through","floor":5.0},{"not_picked":["Power Through","Entrench"],"picked":"Juggernaut","floor":6.0},{"not_picked":["Clothesline","Warcry"],"picked":"Whirlwind","floor":10.0},{"not_picked":["Feel No Pain","Armaments"],"picked":"Headbutt","floor":13.0},{"not_picked":["Clash","Fire Breathing","Rampage"],"picked":"SKIP","floor":14.0}],"player_experience":276557,"relics_obtained":[{"floor":6.0,"key":"Oddly Smooth Stone"},{"floor":9.0,"key":"Tiny Chest"},{"floor":12.0,"key":"Paper Frog"}],"event_choices":[{"event_name":"Shining Light","player_choice":"Entered Light","floor":8.0,"damage_taken":0.0}],"is_beta":false,"boss_relics":[],"items_purged_floors":[11],"is_endless":false,"potions_floor_spawned":[1,2,3],"killed_by":"Hexaghost","ascension_level":7}