{"gold_per_floor":[117,127,127,141,141,185,215,15,38,53,66,89,89],"floor_reached":13,"playtime":624,"items_purged":[],"score":117,"play_id":"68feb228-76ef-4b65-b10c-e84685f1c128","local_time":"20190501221725","is_ascension_mode":true,"campfire_choices":[],"neow_cost":"NONE","seed_source_timestamp":712729302064928,"circlet_count":0,"master_deck":["Defend_G","Defend_G","Defend_G","Defend_G","Defend_G","Strike_G","Strike_G","Strike_G","Strike_G","Strike_G","Survivor","Neutralize","Unload","Bane","Escape Plan","Prepared","Poisoned Stab","Acrobatics"],"relics":["Ring of the Snake","Golden Idol","Bag of Marbles","Membership Card","Happy Flower"],"potions_floor_usage":[],"damage_taken":[{"damage":2,"enemies":"Cultist","floor":1,"turns":4},{"damage":0,"enemies":"2 Louse","floor":2,"turns":3},{"damage":0,"enemies":"Small Slimes","floor":4,"turns":3},{"damage":37,"enemies":"3 Sentries","floor":6,"turns":12},{"damage":3,"enemies":"Looter","floor":10,"turns":3},{"damage":3,"enemies":"Exordium Wildlife","floor":11,"turns":6},{"damage":2,"enemies":"Red Slaver","floor":12,"turns":3},{"damage":13,"enemies":"Blue Slaver","floor":13,"turns":4}],"seed_played":"8996508784084389461","potions_obtained":[{"floor":4,"key":"SteroidPotion"},{"floor":6,"key":"GamblersBrew"},{"floor":12,"key":"Explosive Potion"}],"is_trial":false,"path_per_floor":["M","M","?","M","?","E","?","$","T","M","M","M","M"],"character_chosen":"THE_SILENT","items_purchased":["Membership Card"],"campfire_rested":0,"item_purchase_floors":[8],"current_hp_per_floor":[61,61,44,44,49,12,12,12,12,9,6,4,0],"gold":89,"neow_bonus":"ONE_RANDOM_RARE_CARD","is_prod":false,"is_daily":false,"chose_seed":false,"campfire_upgraded":0,"win_rate":0,"timestamp":1556745445,"path_taken":["M","?","?","M","?","E","?","$","T","M","M","M","M"],"build_version":"2019-01-23","purchased_purges":0,"victory":false,"max_hp_per_floor":[70,70,70,70,75,75,75,75,75,75,75,75,75],"card_choices":[{"not_picked":["Predator","Deflect"],"picked":"Bane","floor":1},{"not_picked":["Predator","Deflect"],"picked":"Escape Plan","floor":2},{"not_picked":["Acrobatics","Outmaneuver"],"picked":"Prepared","floor":4},{"not_picked":["Burst","Deadly Poison"],"picked":"Poisoned Stab","floor":6},{"not_picked":["Flechettes","Caltrops","Prepared"],"picked":"SKIP","floor":10},{"not_picked":["Escape Plan","Endless Agony"],"picked":"Acrobatics","floor":11},{"not_picked":["Bane","Masterful Stab","Deflect"],"picked":"SKIP","floor":12}],"player_experience":580116,"relics_obtained":[{"floor":6,"key":"Bag of Marbles"},{"floor":9,"key":"Happy Flower"}],"event_choices":[{"damage_healed":0,"gold_gain":0,"player_choice":"Take Damage","damage_taken":17,"relics_obtained":["Golden Idol"],"max_hp_gain":0,"max_hp_loss":0,"event_name":"Golden Idol","floor":3,"gold_loss":0},{"damage_healed":0,"gold_gain":0,"player_choice":"Donut","damage_taken":0,"max_hp_gain":5,"max_hp_loss":0,"event_name":"Big Fish","floor":5,"gold_loss":0},{"damage_healed":0,"gold_gain":30,"player_choice":"Searched \u00272\u0027 times","damage_taken":0,"max_hp_gain":0,"max_hp_loss":0,"event_name":"Dead Adventurer","floor":7,"gold_loss":0}],"is_beta":false,"boss_relics":[],"items_purged_floors":[],"is_endless":false,"potions_floor_spawned":[4,6,12],"killed_by":"Blue Slaver","ascension_level":7}