{"gold_per_floor":[113,129,304,304,76,103,113,113,113,124,124,149,162,189,189,189],"floor_reached":16,"playtime":1396,"items_purged":["Doubt"],"score":218,"play_id":"61a4b9b3-8f14-43f3-850a-e05ea745bb97","local_time":"20181014043239","is_ascension_mode":true,"campfire_choices":[{"data":"Armaments","floor":8,"key":"SMITH"},{"data":"Bash","floor":11,"key":"SMITH"},{"data":"Warcry","floor":15,"key":"SMITH"}],"neow_cost":"NONE","seed_source_timestamp":297144285374997,"circlet_count":0,"master_deck":["Strike_R","Strike_R","Strike_R","Strike_R","Strike_R","Defend_R","Defend_R+1","Defend_R","Defend_R","Bash+1","AscendersBane","Armaments+1","Headbutt","Offering+1","Warcry+1","Pummel","Sword Boomerang","Twin Strike"],"relics":["Burning Blood","NeowsBlessing","Vajra","Kunai","The Courier","Smiling Mask","War Paint"],"potions_floor_usage":[12,14,16,16],"damage_taken":[{"damage":0,"enemies":"Cultist","floor":1,"turns":1},{"damage":0,"enemies":"Jaw Worm","floor":2,"turns":1},{"damage":0,"enemies":"Gremlin Nob","floor":6,"turns":1},{"damage":5,"enemies":"Small Slimes","floor":7,"turns":3},{"damage":16,"enemies":"2 Fungi Beasts","floor":10,"turns":3},{"damage":18,"enemies":"3 Sentries","floor":12,"turns":9},{"damage":27,"enemies":"Lots of Slimes","floor":13,"turns":6},{"damage":4,"enemies":"Gremlin Nob","floor":14,"turns":4},{"damage":47,"enemies":"Hexaghost","floor":16,"turns":9}],"seed_played":"2844706833275155350","potions_obtained":[{"floor":6,"key":"Block Potion"},{"floor":7,"key":"PowerPotion"},{"floor":12,"key":"Block Potion"},{"floor":14,"key":"AttackPotion"}],"is_trial":false,"path_per_floor":["M","M","?","?","$","E","M","R","T","M","R","E","M","E","R"],"character_chosen":"IRONCLAD","items_purchased":["Vajra"],"campfire_rested":0,"item_purchase_floors":[5],"current_hp_per_floor":[78,80,80,85,85,85,85,85,85,75,75,63,42,44,44,0],"gold":189,"neow_bonus":"THREE_ENEMY_KILL","is_prod":false,"is_daily":false,"chose_seed":false,"campfire_upgraded":3,"win_rate":0,"timestamp":1539505959,"path_taken":["M","?","?","?","$","E","M","R","T","M","R","E","M","E","R","BOSS"],"build_version":"2018-10-11","purchased_purges":1,"victory":false,"max_hp_per_floor":[80,80,80,85,85,85,85,85,85,85,85,85,85,85,85,85],"card_choices":[{"not_picked":["Reckless Charge","Body Slam"],"picked":"Armaments","floor":1},{"not_picked":["Shockwave","Power Through"],"picked":"Headbutt","floor":2},{"not_picked":["Pommel Strike","Havoc"],"picked":"Offering","floor":6},{"not_picked":["Carnage","True Grit"],"picked":"Warcry","floor":7},{"not_picked":["Anger","Clash"],"picked":"Pummel","floor":10},{"not_picked":["Thunderclap","Whirlwind"],"picked":"Sword Boomerang","floor":12},{"not_picked":["Warcry","Body Slam"],"picked":"Twin Strike","floor":13},{"not_picked":["Havoc","Body Slam","Second Wind"],"picked":"SKIP","floor":14}],"player_experience":350604,"relics_obtained":[{"floor":6,"key":"Kunai"},{"floor":9,"key":"The Courier"},{"floor":12,"key":"Smiling Mask"},{"floor":14,"key":"War Paint"}],"event_choices":[{"event_name":"Liars Game","player_choice":"agreed","floor":3,"damage_taken":0},{"event_name":"Big Fish","player_choice":"Donut","floor":4,"damage_taken":0}],"is_beta":false,"boss_relics":[],"items_purged_floors":[5],"is_endless":false,"potions_floor_spawned":[6,7,12,14],"killed_by":"Hexaghost","ascension_level":10}