{"gold_per_floor":[114,132,132,307,307,327,355,376,402,426,485,485,60,85,85,213,251,266,290,308,308,59,59,74,87,169,202,221,234,234,258,258,258],"floor_reached":33,"playtime":2545,"items_purged":["Regret","Doubt"],"score":313,"play_id":"f4c5bee2-bb85-4778-9aa1-6ae7af521879","local_time":"20180704074852","is_ascension_mode":false,"campfire_choices":[{"floor":12,"key":"REST"},{"floor":15,"key":"REST"},{"floor":23,"key":"REST"},{"floor":30,"key":"REST"},{"floor":32,"key":"REST"}],"neow_cost":"NONE","seed_source_timestamp":1164939147196330,"circlet_count":0,"master_deck":["Defend_B","Defend_B","Defend_B+1","Defend_B+1","Zap","Dualcast","Static Discharge","Streamline","Go for the Eyes","Streamline","Hologram","Coolheaded","Dark Shackles","Go for the Eyes","Barrage","Leap","Turbo","Capacitor","Barrage+1","Thunder Strike","FTL","Melter","Genetic Algorithm+1","Undo+1","Bite","Bite","Bite","Bite","Bite","Electrodynamics","FTL","Streamline+1","Reprogram+1","Coolheaded+1","Self Repair+1","Static Discharge+1","Skim"],"special_seed":17716,"relics":["Fusion Hammer","War Paint","Golden Idol","Odd Mushroom","Bag of Preparation","Tiny House","Frozen Egg 2","Anchor"],"potions_floor_usage":[8,16,19,27,33,33],"damage_taken":[{"damage":0,"enemies":"Small Slimes","floor":1,"turns":3},{"damage":0,"enemies":"2 Louse","floor":2,"turns":3},{"damage":11,"enemies":"Jaw Worm","floor":6,"turns":4},{"damage":24,"floor":7,"turns":4},{"damage":9,"enemies":"Blue Slaver","floor":8,"turns":3},{"damage":5,"enemies":"Looter","floor":10,"turns":3},{"damage":7,"enemies":"Large Slime","floor":14,"turns":7},{"damage":38,"enemies":"The Guardian","floor":16,"turns":10},{"damage":18,"enemies":"Shell Parasite","floor":18,"turns":6},{"damage":0,"enemies":"Spheric Guardian","floor":19,"turns":3},{"damage":32,"enemies":"Snake Plant","floor":20,"turns":7},{"damage":0,"enemies":"Sentry and Sphere","floor":24,"turns":4},{"damage":18,"enemies":"Snecko","floor":25,"turns":6},{"damage":12,"enemies":"Gremlin Leader","floor":27,"turns":8},{"damage":13,"enemies":"Chosen and Byrds","floor":28,"turns":5},{"damage":6,"enemies":"Cultist and Chosen","floor":29,"turns":6},{"damage":21,"enemies":"Centurion and Healer","floor":31,"turns":6},{"damage":63,"enemies":"Automaton","floor":33,"turns":6}],"seed_played":"-684394042009367138","potions_obtained":[{"floor":7,"key":"AttackPotion"},{"floor":8,"key":"Weak Potion"},{"floor":10,"key":"Dexterity Potion"},{"floor":16,"key":"Strength Potion"},{"floor":17,"key":"Explosive Potion"},{"floor":18,"key":"GamblersBrew"},{"floor":24,"key":"SteroidPotion"},{"floor":27,"key":"Weak Potion"}],"is_trial":false,"path_per_floor":["M","M","?","?","?","M","?","M","T","M","?","R","$","M","R","B",null,"M","M","M","?","$","R","M","M","T","E","M","M","R","M","R"],"character_chosen":"DEFECT","items_purchased":["Dark Shackles","Go for the Eyes","Barrage","Leap","Turbo","Capacitor","Electrodynamics","FTL"],"campfire_rested":5,"item_purchase_floors":[13,13,13,13,13,13,22,22],"current_hp_per_floor":[75,75,75,75,57,46,22,13,13,8,8,30,30,23,45,7,80,62,62,30,30,30,46,54,38,38,42,37,49,56,53,56,0],"gold":258,"neow_bonus":"BOSS_RELIC","is_prod":false,"is_daily":false,"chose_seed":false,"campfire_upgraded":0,"win_rate":0,"timestamp":1530683332,"path_taken":["M","M","?","?","?","M","?","M","T","M","?","R","$","M","R","BOSS","M","M","?","?","$","R","M","M","T","E","M","M","R","M","R","BOSS"],"build_version":"2018-06-28","purchased_purges":2,"victory":false,"max_hp_per_floor":[75,75,75,75,75,75,75,75,75,75,75,75,75,75,75,75,80,80,80,80,56,56,56,56,56,56,56,56,56,56,56,56,56],"card_choices":[{"not_picked":["Turbo","Compile Driver"],"picked":"Static Discharge","floor":1},{"not_picked":["Sweeping Beam","Leap"],"picked":"Streamline","floor":2},{"not_picked":["Sweeping Beam","Hologram"],"picked":"Go for the Eyes","floor":6},{"not_picked":["Tempest","All For One"],"picked":"Streamline","floor":7},{"not_picked":["Redo","Go for the Eyes"],"picked":"Hologram","floor":8},{"not_picked":["Rip and Tear","Lockon"],"picked":"Coolheaded","floor":10},{"not_picked":["Coolheaded","Rebound"],"picked":"Barrage","floor":14},{"not_picked":["Fission","Rainbow"],"picked":"Thunder Strike","floor":16},{"not_picked":["Conserve Battery","Beam Cell"],"picked":"FTL","floor":17},{"not_picked":["Stack","Gash"],"picked":"Melter","floor":18},{"not_picked":["Rip and Tear+1","Turbo+1"],"picked":"Genetic Algorithm+1","floor":19},{"not_picked":["Rebound","Coolheaded"],"picked":"Undo+1","floor":20},{"not_picked":["Reprogram","Biased Cognition"],"picked":"Streamline+1","floor":24},{"not_picked":["Sweeping Beam","Barrage"],"picked":"Reprogram+1","floor":25},{"not_picked":["Biased Cognition+1","Rip and Tear"],"picked":"Coolheaded+1","floor":27},{"not_picked":["Conserve Battery","Genetic Algorithm"],"picked":"Self Repair+1","floor":28},{"not_picked":["Heatsinks+1","Lockon"],"picked":"Static Discharge+1","floor":29},{"not_picked":["Stack","Rip and Tear"],"picked":"Skim","floor":31}],"player_experience":44581,"relics_obtained":[{"floor":7,"key":"Odd Mushroom"},{"floor":9,"key":"Bag of Preparation"},{"floor":26,"key":"Frozen Egg 2"},{"floor":27,"key":"Anchor"}],"event_choices":[{"event_name":"Big Fish","player_choice":"Box","floor":3,"damage_taken":0},{"event_name":"Liars Game","player_choice":"agreed","floor":4,"damage_taken":0},{"event_name":"Golden Idol","player_choice":"Take Damage","floor":5,"damage_taken":0},{"event_name":"Mushrooms","player_choice":"Fought Mushrooms","floor":7,"damage_taken":0},{"event_name":"Golden Wing","player_choice":"Gained Gold","floor":11,"damage_taken":0},{"event_name":"Vampires","player_choice":"Became a vampire","floor":21,"damage_taken":0}],"boss_relics":[{"not_picked":["Philosopher\u0027s Stone","Coffee Dripper"],"picked":"Tiny House"}],"items_purged_floors":[13,22],"is_endless":false,"potions_floor_spawned":[7,8,10,16,18,24,27,31],"killed_by":"Automaton","ascension_level":0}