{"gold_per_floor":[117,67,67,119,129,129,155,155,236,264,276,292,292,323,323,427,427,446,446,51,51,68,68,97,97,97,124,137,137,197,213,213,315,315,329,341,341,354,354,354,379,379,426,437,466,482,34,34,34,34],"floor_reached":51,"playtime":2595,"items_purged":[],"score":1213,"play_id":"19e4cbf7-bd03-487f-9b33-b253e1799576","local_time":"20180917164344","is_ascension_mode":true,"campfire_choices":[{"data":"Chill","floor":6.0,"key":"SMITH"},{"floor":8.0,"key":"REST"},{"floor":13.0,"key":"REST"},{"floor":15.0,"key":"REST"},{"floor":23.0,"key":"REST"},{"data":"Loop","floor":25.0,"key":"SMITH"},{"floor":29.0,"key":"REST"},{"floor":32.0,"key":"REST"},{"floor":40.0,"key":"REST"},{"floor":49,"key":"REST"}],"neow_cost":"NONE","seed_source_timestamp":267366838986188,"circlet_count":0,"master_deck":["Strike_B","Strike_B","Defend_B","Defend_B+1","Defend_B","Defend_B","Zap","Dualcast","Melter","Chill+1","Tempest","Consume","Consume+1","Electrodynamics","Thunder Strike","Chill+1","Auto Shields","Hello World","Ball Lightning+1","Loop+1","Decay","Conserve Battery+1","Blizzard","Stack+1","Redo+1","Seek+1","Redo+1","Capacitor+1","Coolheaded+1","Writhe","Chaos+1","Rebound+1","Writhe","Lockon+1","Turbo+1","Stack+1","Biased Cognition"],"special_seed":0,"relics":["Cracked Core","Ancient Tea Set","Anchor","Art of War","Du-Vu Doll","Darkstone Periapt","Smiling Mask","Blue Candle","Cursed Key","Bag of Preparation","Strange Spoon","Bag of Marbles","Toxic Egg 2","Sundial","Tiny Chest","Fusion Hammer","Oddly Smooth Stone","Ginger","Centennial Puzzle","Happy Flower","War Paint"],"potions_floor_usage":[50,50,50],"damage_taken":[{"damage":2.0,"enemies":"Jaw Worm","floor":1.0,"turns":4.0},{"damage":11.0,"enemies":"Small Slimes","floor":5.0,"turns":3.0},{"damage":20.0,"enemies":"3 Sentries","floor":7.0,"turns":9.0},{"damage":15.0,"enemies":"Lagavulin","floor":10.0,"turns":5.0},{"damage":0.0,"enemies":"2 Louse","floor":11.0,"turns":2.0},{"damage":0.0,"enemies":"Large Slime","floor":12.0,"turns":5.0},{"damage":13.0,"enemies":"3 Sentries","floor":14.0,"turns":8.0},{"damage":0.0,"enemies":"Slime Boss","floor":16.0,"turns":4.0},{"damage":5.0,"enemies":"Spheric Guardian","floor":18.0,"turns":3.0},{"damage":43.0,"enemies":"3 Byrds","floor":22.0,"turns":4.0},{"damage":0.0,"enemies":"Slavers","floor":24.0,"turns":3.0},{"damage":12.0,"enemies":"Gremlin Leader","floor":27.0,"turns":5.0},{"damage":0.0,"enemies":"Snecko","floor":28.0,"turns":4.0},{"damage":29.0,"enemies":"Slavers","floor":30.0,"turns":5.0},{"damage":16.0,"enemies":"Centurion and Healer","floor":31.0,"turns":6.0},{"damage":41.0,"enemies":"Automaton","floor":33.0,"turns":10.0},{"damage":0.0,"enemies":"Orb Walker","floor":35.0,"turns":3.0},{"damage":0.0,"enemies":"3 Darklings","floor":36.0,"turns":3.0},{"damage":17.0,"enemies":"Spire Growth","floor":38.0,"turns":5.0},{"damage":65.0,"enemies":"Nemesis","floor":41.0,"turns":7.0},{"damage":0.0,"enemies":"Mind Bloom Boss Battle","floor":42.0,"turns":3.0},{"damage":9.0,"enemies":"Transient","floor":44.0,"turns":5.0},{"damage":6.0,"enemies":"2 Orb Walkers","floor":45.0,"turns":5.0},{"damage":9,"enemies":"4 Shapes","floor":46,"turns":4},{"damage":3,"enemies":"Donu and Deca","floor":50,"turns":5}],"seed_played":"4880163795601176145","potions_obtained":[{"floor":1.0,"key":"EssenceOfSteel"},{"floor":7.0,"key":"PowerPotion"},{"floor":12.0,"key":"PowerPotion"},{"floor":14.0,"key":"PowerPotion"},{"floor":18.0,"key":"Regen Potion"},{"floor":22.0,"key":"FearPotion"},{"floor":31.0,"key":"Dexterity Potion"},{"floor":33.0,"key":"FearPotion"},{"floor":41.0,"key":"Fire Potion"},{"floor":42.0,"key":"FocusPotion"},{"floor":44.0,"key":"SkillPotion"}],"is_trial":false,"path_per_floor":["M","?","?","T","M","R","E","R","T","E","M","M","R","E","R","B",null,"M","?","$","?","M","R","E","R","T","E","M","R","E","M","R","B",null,"M","M","?","M","?","R","E","?","T","M","E","M","$","?","R","B"],"character_chosen":"DEFECT","items_purchased":["Bag of Preparation","Hello World","Strange Spoon","PowerPotion","SkillPotion","War Paint","Fire Potion","Biased Cognition"],"campfire_rested":8,"item_purchase_floors":[20,20,20,47,47,47,47,47],"current_hp_per_floor":[66,66,54,54,43,43,23,45,45,30,30,30,52,39,61,61,72,67,67,67,67,24,46,46,46,52,40,40,64,35,19,43,17,65,65,65,65,48,74,87,22,22,28,19,13,4,4,4,31,28],"gold":34,"neow_bonus":"RANDOM_COMMON_RELIC","is_prod":false,"is_daily":false,"chose_seed":false,"campfire_upgraded":2,"win_rate":0,"timestamp":1537217024,"path_taken":["M","?","?","?","M","R","E","R","T","E","M","M","R","E","R","BOSS","M","?","?","?","M","R","E","R","T","E","M","R","E","M","R","BOSS","M","M","?","M","?","R","E","?","T","?","E","M","$","?","R","BOSS"],"build_version":"2018-09-06","purchased_purges":0,"victory":true,"max_hp_per_floor":[75,75,75,75,75,75,75,75,75,75,75,75,75,75,75,75,75,75,75,75,75,75,75,75,75,81,81,81,81,81,81,81,81,81,81,81,81,81,87,87,87,87,93,93,93,93,93,93,93,93],"card_choices":[{"not_picked":["Undo","Stack"],"picked":"Melter","floor":1.0},{"not_picked":["Glacier","Steam"],"picked":"Chill","floor":5.0},{"not_picked":["Machine Learning","Go for the Eyes"],"picked":"Tempest","floor":7.0},{"not_picked":["Barrage","Go for the Eyes"],"picked":"Consume","floor":10.0},{"not_picked":["Sunder","Conserve Battery"],"picked":"Consume","floor":11.0},{"not_picked":["Recycle","Redo"],"picked":"Hello World","floor":12.0},{"not_picked":["Melter","Sweeping Beam"],"picked":"Electrodynamics","floor":14.0},{"not_picked":["Reboot","Creative AI"],"picked":"Thunder Strike","floor":16.0},{"not_picked":["Coolheaded","Redo+1"],"picked":"Chill+1","floor":18.0},{"not_picked":["Genetic Algorithm","FTL"],"picked":"Ball Lightning+1","floor":22.0},{"not_picked":["Steam","Turbo"],"picked":"Loop","floor":24.0},{"not_picked":["Barrage+1","Beam Cell+1"],"picked":"Conserve Battery+1","floor":27.0},{"not_picked":["Auto Shields+1","Heatsinks+1"],"picked":"Blizzard","floor":28.0},{"not_picked":["Fusion+1","Gash+1"],"picked":"Stack+1","floor":30.0},{"not_picked":["Compile Driver+1","Steam Power+1"],"picked":"Redo+1","floor":31.0},{"not_picked":["Creative AI","Reboot+1"],"picked":"Seek+1","floor":33.0},{"not_picked":["Leap+1","Streamline+1"],"picked":"Redo+1","floor":35.0},{"not_picked":["Lockon+1","Gash+1"],"picked":"Capacitor+1","floor":36.0},{"not_picked":["Ball Lightning+1","Barrage+1"],"picked":"Coolheaded+1","floor":38.0},{"not_picked":["Coolheaded+1","Streamline+1"],"picked":"Chaos+1","floor":41.0},{"not_picked":["Beam Cell+1","Consume+1"],"picked":"Rebound+1","floor":42.0},{"not_picked":["Rebound","Go for the Eyes"],"picked":"Lockon+1","floor":44.0},{"not_picked":["Fusion+1","Conserve Battery+1"],"picked":"Turbo+1","floor":45.0},{"not_picked":["Sunder","Conserve Battery+1"],"picked":"Stack+1","floor":46}],"player_experience":249945,"relics_obtained":[{"floor":4.0,"key":"Art of War"},{"floor":7.0,"key":"Du-Vu Doll"},{"floor":9.0,"key":"Darkstone Periapt"},{"floor":10.0,"key":"Smiling Mask"},{"floor":14.0,"key":"Blue Candle"},{"floor":24.0,"key":"Bag of Marbles"},{"floor":26.0,"key":"Toxic Egg 2"},{"floor":27.0,"key":"Sundial"},{"floor":30.0,"key":"Tiny Chest"},{"floor":41.0,"key":"Oddly Smooth Stone"},{"floor":42.0,"key":"Ginger"},{"floor":43.0,"key":"Centennial Puzzle"},{"floor":45.0,"key":"Happy Flower"}],"event_choices":[{"event_name":"The Cleric","player_choice":"Card Removal","floor":2.0,"damage_taken":0.0},{"event_name":"Scrap Ooze","player_choice":"success","floor":3.0,"damage_taken":12.0},{"event_name":"The Library","player_choice":"Read","floor":19.0,"damage_taken":0.0},{"event_name":"Vampires","player_choice":"Ignored","floor":21.0,"damage_taken":0.0},{"event_name":"Falling","player_choice":"Removed Power","floor":37.0,"damage_taken":0.0},{"event_name":"Winding Halls","player_choice":"Writhe","floor":39.0,"damage_taken":0.0},{"event_name":"MindBloom","player_choice":"Fight","floor":42.0,"damage_taken":0.0},{"event_name":"Purifier","player_choice":"One Purge","floor":48,"damage_taken":0}],"is_beta":false,"boss_relics":[{"not_picked":["Ectoplasm","Eternal Feather"],"picked":"Cursed Key"},{"not_picked":["Empty Cage","Pandora\u0027s Box"],"picked":"Fusion Hammer"}],"items_purged_floors":[],"is_endless":false,"potions_floor_spawned":[1,7,12,14,18,22,31,33,41,42,44],"ascension_level":6}