{"gold_per_floor":[118,133,149,149,167,231,250,250,250,282,282,301,301,301,301,301],"floor_reached":16,"playtime":807,"items_purged":[],"score":118,"play_id":"0b4494f1-5dd3-4eee-a2ba-3e370c028ea7","local_time":"20180718232043","is_ascension_mode":true,"campfire_choices":[{"data":"Terror","floor":8,"key":"SMITH"},{"data":"Quick Slash","floor":11,"key":"SMITH"},{"data":"Backstab","floor":13,"key":"SMITH"},{"floor":15,"key":"REST"}],"neow_cost":"","seed_source_timestamp":104424298332639,"circlet_count":0,"master_deck":["Defend_G","Defend_G","Defend_G","Defend_G","Defend_G","Strike_G","Strike_G","Strike_G","Strike_G","Strike_G","Survivor","Neutralize","Terror+1","Quick Slash+1","Normality","Bullet Time","Cloak And Dagger","Backstab+1"],"relics":["Ring of the Snake","Meat on the Bone","Tiny Chest","Gremlin Horn","Ginger","Snake Skull"],"potions_floor_usage":[16,16,16],"damage_taken":[{"damage":4,"enemies":"Cultist","floor":1,"turns":5},{"damage":1,"enemies":"Jaw Worm","floor":2,"turns":5},{"damage":0,"enemies":"2 Louse","floor":3,"turns":3},{"damage":14,"enemies":"Large Slime","floor":5,"turns":10},{"damage":33,"enemies":"3 Sentries","floor":6,"turns":12},{"damage":0,"enemies":"Looter","floor":7,"turns":4},{"damage":32,"enemies":"Gremlin Nob","floor":10,"turns":4},{"damage":0,"enemies":"3 Louse","floor":12,"turns":2},{"damage":39,"enemies":"Slime Boss","floor":16,"turns":12}],"seed_played":"-7625367265284196229","potions_obtained":[{"floor":2,"key":"Ancient Potion"},{"floor":3,"key":"LiquidBronze"},{"floor":7,"key":"Poison Potion"},{"floor":10,"key":"SteroidPotion"}],"is_trial":false,"path_per_floor":["M","M","M","?","M","E","M","R","T","E","R","M","R","?","R"],"character_chosen":"THE_SILENT","items_purchased":[],"campfire_rested":1,"item_purchase_floors":[],"current_hp_per_floor":[66,65,65,65,51,30,42,42,42,22,22,34,34,16,37,0],"gold":301,"neow_bonus":"","is_prod":false,"is_daily":false,"chose_seed":false,"campfire_upgraded":3,"win_rate":0,"timestamp":1531970443,"path_taken":["M","M","M","?","M","E","M","R","T","E","R","M","R","?","R","BOSS"],"build_version":"2018-07-12","purchased_purges":0,"victory":false,"max_hp_per_floor":[70,70,70,70,70,70,70,70,70,70,70,70,70,70,70,70],"card_choices":[{"not_picked":["Underhanded Strike","Deadly Poison"],"picked":"Terror","floor":1},{"not_picked":["Flechettes","Expertise","PiercingWail"],"picked":"SKIP","floor":2},{"not_picked":["PiercingWail","Riddle With Holes"],"picked":"Quick Slash","floor":3},{"not_picked":["Choke","Blade Dance","Sucker Punch"],"picked":"SKIP","floor":5},{"not_picked":["Acrobatics","PiercingWail"],"picked":"Bullet Time","floor":6},{"not_picked":["Choke","Slice","Outmaneuver"],"picked":"SKIP","floor":7},{"not_picked":["Dodge and Roll","PiercingWail"],"picked":"Cloak And Dagger","floor":10},{"not_picked":["Endless Agony","Cloak And Dagger"],"picked":"Backstab","floor":12}],"player_experience":90097,"relics_obtained":[{"floor":6,"key":"Tiny Chest"},{"floor":9,"key":"Gremlin Horn"},{"floor":10,"key":"Ginger"}],"event_choices":[{"event_name":"Accursed Blacksmith","player_choice":"Rummage","floor":4,"damage_taken":0},{"event_name":"Scrap Ooze","player_choice":"success","floor":14,"damage_taken":18}],"boss_relics":[],"items_purged_floors":[],"is_endless":false,"potions_floor_spawned":[2,3,7,10],"killed_by":"Slime Boss","ascension_level":1}