{"gold_per_floor":[117,128,128,141,4,35,35,62,62,77,93,122,135,163,163,237,237,250,250,260,260],"floor_reached":21,"playtime":1177,"items_purged":[],"score":422,"play_id":"05acc968-3db5-4889-9cdf-3ce41d546dfb","local_time":"20190325091723","is_ascension_mode":true,"campfire_choices":[{"floor":7.0,"key":"REST"},{"data":"Fission","floor":15.0,"key":"SMITH"}],"neow_cost":"TEN_PERCENT_HP_LOSS","seed_source_timestamp":1007376237583915,"circlet_count":0,"master_deck":["AscendersBane","Zap+1","Dualcast","Rebound+1","Self Repair","Streamline","Doom and Gloom","Seek","Fission+1","Ball Lightning","Go for the Eyes","Conserve Battery","Leap","Auto Shields","Electrodynamics","Rip and Tear","Biased Cognition","Barrage","Amplify","Reprogram","Sweeping Beam","Steam Power","Leap","Defragment"],"special_seed":0,"relics":["Cracked Core","Shovel","Regal Pillow","Bottled Flame","Darkstone Periapt","Vajra","Pandora\u0027s Box","Nloth\u0027s Gift"],"potions_floor_usage":[],"damage_taken":[{"damage":9.0,"enemies":"2 Louse","floor":1.0,"turns":3.0},{"damage":1.0,"enemies":"Cultist","floor":2.0,"turns":4.0},{"damage":6.0,"enemies":"Jaw Worm","floor":4.0,"turns":4.0},{"damage":20.0,"enemies":"3 Sentries","floor":6.0,"turns":4.0},{"damage":20.0,"enemies":"Lagavulin","floor":8.0,"turns":6.0},{"damage":9.0,"enemies":"Red Slaver","floor":10.0,"turns":3.0},{"damage":19.0,"enemies":"Exordium Wildlife","floor":11.0,"turns":3.0},{"damage":11.0,"enemies":"Gremlin Nob","floor":12.0,"turns":3.0},{"damage":0.0,"enemies":"2 Fungi Beasts","floor":13.0,"turns":2.0},{"damage":1.0,"enemies":"Lagavulin","floor":14.0,"turns":5.0},{"damage":28.0,"enemies":"The Guardian","floor":16.0,"turns":10.0},{"damage":26.0,"enemies":"3 Byrds","floor":18.0,"turns":3.0},{"damage":26,"enemies":"2 Thieves","floor":20,"turns":4},{"damage":24,"enemies":"Snake Plant","floor":21,"turns":1}],"seed_played":"-7419527109051711382","potions_obtained":[{"floor":1.0,"key":"Poison Potion"},{"floor":10.0,"key":"Ancient Potion"},{"floor":12.0,"key":"SkillPotion"},{"floor":14.0,"key":"Fire Potion"}],"is_trial":false,"path_per_floor":["M","M","?","M","$","E","R","E","T","M","M","E","M","E","R","B",null,"M","?","M","M"],"character_chosen":"DEFECT","items_purchased":["Doom and Gloom","Poison Potion"],"campfire_rested":1,"item_purchase_floors":[5,5],"current_hp_per_floor":[55,54,54,55,55,42,64,51,51,49,37,26,26,32,32,11,51,32,32,20,0],"gold":260,"neow_bonus":"ONE_RARE_RELIC","is_prod":false,"is_daily":false,"chose_seed":false,"campfire_upgraded":1,"win_rate":0,"timestamp":1553523443,"path_taken":["M","M","?","M","$","E","R","E","T","?","M","E","M","E","R","BOSS","M","?","M","?"],"build_version":"2019-01-23","purchased_purges":0,"victory":false,"max_hp_per_floor":[64,64,64,64,64,64,64,64,64,64,64,64,64,64,64,64,64,64,64,64,64],"card_choices":[{"not_picked":["Scrape","Conserve Battery"],"picked":"Rebound","floor":1.0},{"not_picked":["Aggregate","Sweeping Beam"],"picked":"Self Repair","floor":2.0},{"not_picked":["Gash","Rebound"],"picked":"Streamline","floor":4.0},{"not_picked":["Blizzard","Beam Cell"],"picked":"Seek","floor":6.0},{"not_picked":["Sweeping Beam","Scrape"],"picked":"Fission","floor":8.0},{"not_picked":["Streamline","Capacitor"],"picked":"Ball Lightning","floor":10.0},{"not_picked":["Rebound","Beam Cell"],"picked":"Go for the Eyes","floor":11.0},{"not_picked":["Rainbow","Fusion"],"picked":"Conserve Battery","floor":12.0},{"not_picked":["Coolheaded","Rebound"],"picked":"Leap","floor":13.0},{"not_picked":["Conserve Battery","Fusion"],"picked":"Auto Shields","floor":14.0},{"not_picked":["All For One","Biased Cognition"],"picked":"Electrodynamics","floor":16.0},{"not_picked":["Ball Lightning","Sweeping Beam","Storm"],"picked":"SKIP","floor":18.0},{"not_picked":["Barrage","Force Field"],"picked":"Defragment","floor":20}],"player_experience":922249,"relics_obtained":[{"floor":6.0,"key":"Regal Pillow"},{"floor":8.0,"key":"Bottled Flame"},{"floor":9.0,"key":"Whetstone"},{"floor":12.0,"key":"Darkstone Periapt"},{"floor":14.0,"key":"Vajra"}],"event_choices":[{"damage_healed":0.0,"max_hp_gain":0.0,"max_hp_loss":0.0,"gold_gain":0.0,"event_name":"Upgrade Shrine","player_choice":"Upgraded","floor":3.0,"gold_loss":0.0,"damage_taken":0.0,"cards_upgraded":["Zap"]},{"damage_healed":0.0,"max_hp_gain":0.0,"max_hp_loss":0.0,"gold_gain":0.0,"event_name":"N\u0027loth","player_choice":"Traded Relic","floor":19.0,"relics_lost":["Whetstone"],"gold_loss":0.0,"damage_taken":0.0,"relics_obtained":["Nloth\u0027s Gift"]}],"is_beta":false,"boss_relics":[{"not_picked":["Nuclear Battery","Eternal Feather"],"picked":"Pandora\u0027s Box"}],"items_purged_floors":[],"is_endless":false,"potions_floor_spawned":[1,6,10,12,14],"killed_by":"Snake Plant","ascension_level":20}