{"gold_per_floor":[119,139,139,56,56,56,91,91,91,91,108,122,23,23,23,96,96,110,89,89,14,14,14,14,14,14,31,31,31,62,62],"floor_reached":31,"playtime":1064,"items_purged":["Regret"],"score":548,"play_id":"43bca554-3aa7-4539-bd79-dad3cc5aa25a","local_time":"20190504055049","is_ascension_mode":true,"campfire_choices":[{"data":"Spot Weakness","floor":6,"key":"SMITH"},{"data":"Bash","floor":10,"key":"SMITH"},{"data":"Sword Boomerang","floor":15,"key":"SMITH"},{"floor":23,"key":"REST"},{"floor":25,"key":"DIG"},{"floor":29,"key":"REST"}],"neow_cost":"NONE","seed_source_timestamp":2884850393430433,"circlet_count":0,"master_deck":["AscendersBane","Strike_R","Strike_R","Strike_R","Strike_R","Strike_R","Defend_R","Defend_R","Defend_R","Defend_R","Bash+1","Sword Boomerang+1","Spot Weakness+1","Metallicize+1","Pommel Strike","Shrug It Off","Inflame+1","Feed","Decay","Writhe","Rage","Shrug It Off+1","Sword Boomerang","Shrug It Off"],"relics":["Burning Blood","NeowsBlessing","Dream Catcher","Frozen Egg 2","Centennial Puzzle","Calling Bell","Art of War","Mercury Hourglass","Shovel","MutagenicStrength","Blood Vial","Singing Bowl","Gremlin Horn"],"potions_floor_usage":[12,16,19,27,30,31],"damage_taken":[{"damage":0,"enemies":"Cultist","floor":1,"turns":1},{"damage":0,"enemies":"Small Slimes","floor":2,"turns":1},{"damage":0,"enemies":"3 Sentries","floor":7,"turns":2},{"damage":9,"enemies":"2 Louse","floor":11,"turns":3},{"damage":26,"enemies":"Gremlin Gang","floor":12,"turns":5},{"damage":6,"enemies":"The Guardian","floor":16,"turns":10},{"damage":44,"enemies":"Spheric Guardian","floor":18,"turns":6},{"damage":27,"enemies":"2 Thieves","floor":19,"turns":4},{"damage":12,"enemies":"Snecko","floor":27,"turns":5},{"damage":64,"enemies":"Gremlin Leader","floor":30,"turns":7},{"damage":34,"enemies":"Centurion and Healer","floor":31,"turns":5}],"seed_played":"-2861734012244579873","potions_obtained":[{"floor":2,"key":"SpeedPotion"},{"floor":11,"key":"BloodPotion"},{"floor":16,"key":"SkillPotion"},{"floor":18,"key":"Dexterity Potion"},{"floor":19,"key":"EssenceOfSteel"},{"floor":30,"key":"BloodPotion"}],"is_trial":false,"path_per_floor":["M","M","?","$","?","R","E","?","T","R","M","M","$","?","R","B",null,"M","M","?","$","?","R","?","R","T","M","$","R","E","M"],"character_chosen":"IRONCLAD","items_purchased":["Spot Weakness","Shrug It Off","Inflame+1"],"campfire_rested":2,"item_purchase_floors":[4,13,13],"current_hp_per_floor":[74,75,64,64,69,69,75,75,75,75,72,52,52,45,45,53,73,35,17,17,17,17,41,41,41,41,39,39,66,13,0],"gold":62,"neow_bonus":"THREE_ENEMY_KILL","is_prod":false,"is_daily":false,"chose_seed":false,"campfire_upgraded":3,"win_rate":0,"timestamp":1556967049,"path_taken":["M","M","?","$","?","R","E","?","T","R","?","M","$","?","R","BOSS","M","M","?","$","?","R","?","R","T","M","$","R","E","M"],"build_version":"2019-01-23","purchased_purges":1,"victory":false,"max_hp_per_floor":[75,75,75,75,80,80,80,80,80,80,80,80,80,80,80,80,80,80,83,83,83,83,83,83,83,83,85,85,87,90,93],"card_choices":[{"not_picked":["True Grit","Clash"],"picked":"Sword Boomerang","floor":1},{"not_picked":["Clash","Heavy Blade","Reckless Charge"],"picked":"SKIP","floor":2},{"not_picked":["Body Slam","Spot Weakness","Bloodletting"],"picked":"SKIP","floor":7},{"not_picked":["Flex","Bloodletting"],"picked":"Metallicize+1","floor":11},{"not_picked":["Clash","Blood for Blood"],"picked":"Pommel Strike","floor":12},{"not_picked":["Immolate","Fiend Fire"],"picked":"Feed","floor":16},{"not_picked":["Body Slam+1","Clothesline"],"picked":"Rage","floor":18},{"not_picked":["Armaments","Sentinel"],"picked":"Shrug It Off+1","floor":19},{"not_picked":["Disarm","Fire Breathing+1"],"picked":"Sword Boomerang","floor":23},{"not_picked":["Sever Soul","Havoc","Perfected Strike"],"picked":"Singing Bowl","floor":27},{"not_picked":["Clothesline","Body Slam","Cleave+1"],"picked":"Singing Bowl","floor":29},{"not_picked":["Second Wind","Combust+1"],"picked":"Shrug It Off","floor":30}],"player_experience":677852,"relics_obtained":[{"floor":7,"key":"Frozen Egg 2"},{"floor":9,"key":"Centennial Puzzle"},{"floor":17,"key":"Art of War"},{"floor":17,"key":"Mercury Hourglass"},{"floor":17,"key":"Shovel"},{"floor":25,"key":"Blood Vial"},{"floor":26,"key":"Singing Bowl"},{"floor":30,"key":"Gremlin Horn"}],"event_choices":[{"damage_healed":0,"gold_gain":0,"player_choice":"Success","damage_taken":11,"relics_obtained":["Dream Catcher"],"max_hp_gain":0,"max_hp_loss":0,"event_name":"Scrap Ooze","floor":3,"gold_loss":0},{"damage_healed":0,"gold_gain":0,"player_choice":"Donut","damage_taken":0,"max_hp_gain":5,"max_hp_loss":0,"event_name":"Big Fish","floor":5,"gold_loss":0},{"damage_healed":0,"gold_gain":0,"player_choice":"Cursed","damage_taken":0,"max_hp_gain":0,"max_hp_loss":0,"event_name":"Wheel of Change","floor":8,"gold_loss":0,"cards_obtained":["Decay"]},{"cards_removed":["Decay"],"damage_healed":0,"gold_gain":0,"player_choice":"Card Removal","damage_taken":7,"max_hp_gain":0,"max_hp_loss":0,"event_name":"Golden Wing","floor":14,"gold_loss":0},{"damage_healed":0,"gold_gain":0,"player_choice":"Inject Mutagens","damage_taken":0,"relics_obtained":["MutagenicStrength"],"max_hp_gain":0,"max_hp_loss":0,"event_name":"Drug Dealer","floor":20,"gold_loss":0},{"damage_healed":0,"gold_gain":0,"player_choice":"Ignored","damage_taken":0,"max_hp_gain":0,"max_hp_loss":0,"event_name":"Cursed Tome","floor":22,"gold_loss":0},{"damage_healed":0,"gold_gain":0,"player_choice":"Ignored","damage_taken":0,"max_hp_gain":0,"max_hp_loss":0,"event_name":"Vampires","floor":24,"gold_loss":0}],"is_beta":false,"boss_relics":[{"not_picked":["Eternal Feather","Orrery"],"picked":"Calling Bell"}],"items_purged_floors":[21],"is_endless":false,"potions_floor_spawned":[2,11,16,18,19,30],"killed_by":"Centurion and Healer","ascension_level":20}