{"gold_per_floor":[116,116,116,130,141,141,172,172,172,183,151,169,188,188,188,287,287,305,323,341,351,371,371,371],"floor_reached":24,"playtime":2960,"items_purged":[],"score":204,"play_id":"59e12236-3566-4ac5-ae2b-789f483f4114","local_time":"20190504042241","is_ascension_mode":false,"campfire_choices":[{"data":"Shrug It Off","floor":6,"key":"SMITH"},{"floor":8,"key":"REST"},{"floor":15,"key":"REST"},{"floor":23,"key":"REST"}],"neow_cost":"PERCENT_DAMAGE","seed_source_timestamp":198346582480800,"circlet_count":0,"master_deck":["Strike_R","Strike_R","Strike_R","Strike_R","Strike_R","Defend_R","Defend_R","Defend_R","Defend_R","Bash","Demon Form","Shrug It Off+1","True Grit","Flex","Shrug It Off","Battle Trance+1","Armaments+1","Clothesline","Pommel Strike","Bludgeon","Shrug It Off","Rampage","Iron Wave","Dropkick","Twin Strike+1"],"relics":["Burning Blood","Pocketwatch","Shuriken","Fusion Hammer"],"potions_floor_usage":[12,16,16,21,24,24],"damage_taken":[{"damage":1,"enemies":"2 Louse","floor":1,"turns":4},{"damage":12,"enemies":"Cultist","floor":4,"turns":6},{"damage":0,"enemies":"Small Slimes","floor":5,"turns":4},{"damage":21,"enemies":"Lagavulin","floor":7,"turns":8},{"damage":6,"enemies":"3 Louse","floor":10,"turns":6},{"damage":0,"enemies":"Exordium Thugs","floor":11,"turns":5},{"damage":8,"enemies":"Large Slime","floor":12,"turns":9},{"damage":7,"enemies":"Exordium Wildlife","floor":13,"turns":6},{"damage":67,"enemies":"Slime Boss","floor":16,"turns":14},{"damage":5,"enemies":"3 Byrds","floor":18,"turns":6},{"damage":0,"enemies":"Chosen","floor":19,"turns":4},{"damage":12,"enemies":"Centurion and Healer","floor":20,"turns":8},{"damage":35,"enemies":"Sentry and Sphere","floor":21,"turns":8},{"damage":32,"enemies":"Cultist and Chosen","floor":22,"turns":8},{"damage":44,"enemies":"Book of Stabbing","floor":24,"turns":7}],"seed_played":"3402101023730408061","potions_obtained":[{"floor":4,"key":"Energy Potion"},{"floor":10,"key":"SpeedPotion"},{"floor":12,"key":"Regen Potion"},{"floor":13,"key":"Fire Potion"},{"floor":21,"key":"Explosive Potion"},{"floor":22,"key":"Energy Potion"}],"is_trial":false,"path_per_floor":["M","?","$","M","M","R","E","R","T","M","M","M","M","?","R","B",null,"M","M","M","M","M","R","E"],"character_chosen":"IRONCLAD","items_purchased":[],"campfire_rested":3,"item_purchase_floors":[],"current_hp_per_floor":[61,61,61,55,61,61,46,70,70,70,76,74,73,57,80,34,80,80,80,74,45,19,43,0],"gold":371,"neow_bonus":"THREE_RARE_CARDS","is_prod":false,"is_daily":false,"chose_seed":false,"campfire_upgraded":1,"win_rate":0.0,"timestamp":1556936561,"path_taken":["M","?","?","M","M","R","E","R","T","M","M","?","M","?","R","BOSS","M","M","M","M","M","R","E"],"build_version":"2019-01-23","purchased_purges":0,"victory":false,"max_hp_per_floor":[80,80,80,80,80,80,80,80,80,80,80,80,80,80,80,80,80,80,80,80,80,80,80,80],"card_choices":[{"not_picked":["Bludgeon","Juggernaut"],"picked":"Demon Form","floor":0},{"not_picked":["Thunderclap","Intimidate"],"picked":"Shrug It Off","floor":1},{"not_picked":["Corruption","Bloodletting"],"picked":"True Grit","floor":4},{"not_picked":["Carnage","Clash"],"picked":"Flex","floor":5},{"not_picked":["Dark Embrace","Sword Boomerang"],"picked":"Shrug It Off","floor":7},{"not_picked":["Shrug It Off","Shockwave"],"picked":"Battle Trance","floor":10},{"not_picked":["Infernal Blade","Rage"],"picked":"Armaments","floor":11},{"not_picked":["Hemokinesis","Thunderclap"],"picked":"Clothesline","floor":12},{"not_picked":["Twin Strike","Armaments"],"picked":"Pommel Strike","floor":13},{"not_picked":["Brutality","Berserk"],"picked":"Bludgeon","floor":16},{"not_picked":["True Grit","Thunderclap+1"],"picked":"Shrug It Off","floor":18},{"not_picked":["Battle Trance+1","Anger"],"picked":"Rampage","floor":19},{"not_picked":["Pommel Strike","Thunderclap"],"picked":"Iron Wave","floor":20},{"not_picked":["Rupture","Warcry"],"picked":"Dropkick","floor":21},{"not_picked":["Warcry","Sword Boomerang"],"picked":"Twin Strike+1","floor":22}],"player_experience":1985,"relics_obtained":[{"floor":7,"key":"Pocketwatch"},{"floor":9,"key":"Shuriken"}],"event_choices":[{"damage_healed":0,"gold_gain":0,"player_choice":"Bought 0 Potions","damage_taken":0,"max_hp_gain":0,"max_hp_loss":0,"event_name":"The Woman in Blue","floor":2,"gold_loss":0},{"damage_healed":0,"gold_gain":0,"player_choice":"Entered Light","damage_taken":16,"max_hp_gain":0,"max_hp_loss":0,"event_name":"Shining Light","floor":14,"gold_loss":0,"cards_upgraded":["Armaments","Battle Trance"]}],"is_beta":false,"boss_relics":[{"not_picked":["Astrolabe","Runic Pyramid"],"picked":"Fusion Hammer"}],"items_purged_floors":[],"is_endless":false,"potions_floor_spawned":[4,10,12,13,21,22],"killed_by":"Book of Stabbing","ascension_level":0}