{"gold_per_floor":[116,134,134,134,134,134,162,162,188,46,66,100,114,114,114,114],"floor_reached":16,"playtime":693,"items_purged":[],"score":196,"play_id":"bce5c6e8-dfe8-4895-b0d1-3843af2c446f","local_time":"20190422191748","is_ascension_mode":true,"campfire_choices":[{"data":"Dramatic Entrance","floor":6,"key":"SMITH"},{"data":"Metallicize","floor":8,"key":"SMITH"},{"data":"Seeing Red","floor":15,"key":"SMITH"}],"neow_cost":"NONE","seed_source_timestamp":1896832722954724,"circlet_count":0,"master_deck":["AscendersBane","Strike_R","Strike_R","Strike_R","Strike_R","Strike_R","Defend_R","Defend_R","Defend_R","Defend_R","Bash","Dramatic Entrance+1","Cleave","Battle Trance","Regret","Metallicize+1","Thunderclap","Seeing Red+1","Disarm","Exhume+1"],"relics":["Burning Blood","Blood Vial","Odd Mushroom","Pen Nib","Incense Burner"],"potions_floor_usage":[7,12,12,16],"damage_taken":[{"damage":7,"enemies":"Jaw Worm","floor":1,"turns":3},{"damage":4,"enemies":"2 Louse","floor":2,"turns":3},{"damage":0,"enemies":"The Mushroom Lair","floor":7,"turns":1},{"damage":2,"enemies":"Small Slimes","floor":11,"turns":2},{"damage":33,"enemies":"3 Sentries","floor":12,"turns":7},{"damage":10,"enemies":"Exordium Thugs","floor":13,"turns":4},{"damage":48,"enemies":"Slime Boss","floor":16,"turns":9}],"seed_played":"2870121301745147019","potions_obtained":[{"floor":2,"key":"Explosive Potion"},{"floor":7,"key":"FearPotion"},{"floor":11,"key":"PowerPotion"},{"floor":13,"key":"Explosive Potion"}],"is_trial":false,"path_per_floor":["M","M","?","?","?","R","?","R","T","$","M","E","M","?","R","B"],"character_chosen":"IRONCLAD","items_purchased":["Thunderclap","Seeing Red"],"campfire_rested":0,"item_purchase_floors":[10,10],"current_hp_per_floor":[67,69,69,69,69,69,75,75,75,75,75,48,46,46,46,0],"gold":114,"neow_bonus":"RANDOM_COLORLESS","is_prod":false,"is_daily":false,"chose_seed":false,"campfire_upgraded":3,"win_rate":0,"timestamp":1555978668,"path_taken":["M","M","?","?","?","R","?","R","T","?","?","E","M","?","R","BOSS"],"build_version":"2019-01-23","purchased_purges":0,"victory":false,"max_hp_per_floor":[75,75,75,75,75,75,75,75,75,75,75,75,75,75,75,75],"card_choices":[{"not_picked":["Flex","Hemokinesis"],"picked":"Cleave","floor":1},{"not_picked":["Body Slam","True Grit"],"picked":"Battle Trance","floor":2},{"not_picked":["Sword Boomerang","Whirlwind"],"picked":"Metallicize","floor":7},{"not_picked":["Burning Pact","Cleave"],"picked":"Disarm","floor":11},{"not_picked":["Armaments","Warcry"],"picked":"Exhume","floor":12},{"not_picked":["Warcry","Reckless Charge","Anger"],"picked":"SKIP","floor":13}],"player_experience":673855,"relics_obtained":[{"floor":7,"key":"Odd Mushroom"},{"floor":9,"key":"Pen Nib"},{"floor":12,"key":"Incense Burner"}],"event_choices":[{"damage_healed":0,"gold_gain":0,"player_choice":"Box","damage_taken":0,"relics_obtained":["Blood Vial"],"max_hp_gain":0,"max_hp_loss":0,"event_name":"Big Fish","floor":3,"gold_loss":0,"cards_obtained":["Regret"]},{"damage_healed":0,"gold_gain":0,"player_choice":"Ignored","damage_taken":0,"max_hp_gain":0,"max_hp_loss":0,"event_name":"Liars Game","floor":4,"gold_loss":0},{"damage_healed":0,"gold_gain":0,"player_choice":"Leave","damage_taken":0,"max_hp_gain":0,"max_hp_loss":0,"event_name":"The Cleric","floor":5,"gold_loss":0},{"damage_healed":0,"gold_gain":0,"player_choice":"Fought Mushrooms","damage_taken":0,"max_hp_gain":0,"max_hp_loss":0,"event_name":"Mushrooms","floor":7,"gold_loss":0},{"damage_healed":0,"gold_gain":0,"player_choice":"Grow","damage_taken":0,"max_hp_gain":0,"max_hp_loss":0,"event_name":"Living Wall","floor":14,"gold_loss":0,"cards_upgraded":["Exhume"]}],"is_beta":false,"boss_relics":[],"items_purged_floors":[],"is_endless":false,"potions_floor_spawned":[2,7,11,13],"killed_by":"Slime Boss","ascension_level":20}