{"gold_per_floor":[111,127,138,138,149,149,169,169,169,182,182,193,193,193,193,193],"floor_reached":16,"playtime":596,"items_purged":[],"score":94,"play_id":"a08fecb5-6230-40d0-9349-a3c93ce90793","local_time":"20190215150700","is_ascension_mode":false,"campfire_choices":[{"data":"Catalyst","floor":6.0,"key":"SMITH"},{"data":"Bouncing Flask","floor":11.0,"key":"SMITH"},{"data":"Distraction","floor":13.0,"key":"SMITH"},{"floor":15,"key":"REST"}],"neow_cost":"NONE","seed_source_timestamp":214839766426875,"circlet_count":0,"master_deck":["Defend_G+1","Defend_G+1","Defend_G","Defend_G","Defend_G","Strike_G","Strike_G","Strike_G","Strike_G","Strike_G","Survivor","Neutralize","Bouncing Flask+1","Catalyst+1","Dagger Spray","Deadly Poison","Distraction+1","Poisoned Stab","Dodge and Roll"],"special_seed":0,"relics":["Sozu","Bottled Lightning","NlothsMask"],"potions_floor_usage":[],"damage_taken":[{"damage":3.0,"enemies":"Jaw Worm","floor":1.0,"turns":4.0},{"damage":0.0,"enemies":"Cultist","floor":2.0,"turns":3.0},{"damage":0.0,"enemies":"2 Louse","floor":3.0,"turns":2.0},{"damage":0.0,"enemies":"Large Slime","floor":5.0,"turns":6.0},{"damage":5.0,"enemies":"Red Slaver","floor":7.0,"turns":3.0},{"damage":4.0,"enemies":"2 Fungi Beasts","floor":10.0,"turns":3.0},{"damage":6.0,"enemies":"Lots of Slimes","floor":12.0,"turns":2.0},{"damage":0,"enemies":"Slime Boss","floor":16,"turns":1}],"seed_played":"-1835650252491764755","potions_obtained":[],"is_trial":false,"path_per_floor":["M","M","M","?","M","R","M","?","T","M","R","M","R","?","R","B"],"character_chosen":"THE_SILENT","items_purchased":[],"campfire_rested":1,"item_purchase_floors":[],"current_hp_per_floor":[67,67,67,70,70,70,65,51,51,47,47,41,41,41,62,62],"gold":193,"neow_bonus":"BOSS_RELIC","is_prod":false,"is_daily":false,"chose_seed":false,"campfire_upgraded":3,"win_rate":0,"timestamp":1550261220,"path_taken":["M","M","M","?","?","R","M","?","T","M","R","M","R","?","R","BOSS"],"build_version":"2019-01-23","purchased_purges":0,"victory":false,"max_hp_per_floor":[70,70,70,70,70,70,70,70,70,70,70,70,70,70,70,70],"card_choices":[{"not_picked":["Acrobatics","Cloak And Dagger"],"picked":"Bouncing Flask","floor":1.0},{"not_picked":["Sucker Punch","Leg Sweep"],"picked":"Catalyst","floor":2.0},{"not_picked":["Blade Dance","Setup"],"picked":"Dagger Spray","floor":3.0},{"not_picked":["PiercingWail","Tools of the Trade"],"picked":"Deadly Poison","floor":5.0},{"not_picked":["Underhanded Strike","Quick Slash"],"picked":"Distraction","floor":7.0},{"not_picked":["PiercingWail","Deadly Poison"],"picked":"Poisoned Stab","floor":10.0},{"not_picked":["Deflect","Escape Plan"],"picked":"Dodge and Roll","floor":12.0}],"player_experience":664146,"relics_obtained":[{"floor":9.0,"key":"Bottled Lightning"}],"event_choices":[{"damage_healed":3.0,"max_hp_gain":0.0,"max_hp_loss":0.0,"gold_gain":0.0,"event_name":"Wheel of Change","player_choice":"Full Heal","floor":4.0,"gold_loss":0.0,"damage_taken":0.0},{"damage_healed":0.0,"max_hp_gain":0.0,"max_hp_loss":0.0,"gold_gain":0.0,"event_name":"Shining Light","player_choice":"Entered Light","floor":8.0,"gold_loss":0.0,"damage_taken":14.0,"cards_upgraded":["Defend_G","Defend_G"]},{"damage_healed":0,"gold_gain":0,"player_choice":"Trade","damage_taken":0,"relics_obtained":["NlothsMask"],"max_hp_gain":0,"max_hp_loss":0,"event_name":"FaceTrader","floor":14,"gold_loss":0}],"is_beta":false,"boss_relics":[],"items_purged_floors":[],"is_endless":false,"potions_floor_spawned":[2,7,12],"killed_by":"Slime Boss","ascension_level":0}