{"gold_per_floor":[118,79,89,89,48,73,88,122,122,134,176,198,210,222,234,350,362,394,71,85,114,114,149,149,174,174,174,174,174,204,204,204,301,301,316,86,86,134,134,134,167,167,167,167,196,196,196,226,226,226],"floor_reached":51,"playtime":2945,"items_purged":["Doubt"],"score":964,"play_id":"9501d612-1845-40d5-881d-b57c95a9ef6d","local_time":"20180722170825","is_ascension_mode":true,"campfire_choices":[{"floor":10.0,"key":"REST"},{"data":"White Noise","floor":13.0,"key":"SMITH"},{"floor":15.0,"key":"REST"},{"data":"Storm","floor":24.0,"key":"SMITH"},{"data":"Tempest","floor":29.0,"key":"SMITH"},{"floor":32.0,"key":"REST"},{"data":"Biased Cognition","floor":40,"key":"SMITH"},{"data":"Zap","floor":42,"key":"SMITH"},{"data":"Turbo","floor":44,"key":"SMITH"},{"data":"Dualcast","floor":47,"key":"SMITH"},{"data":"Static Discharge","floor":49,"key":"SMITH"}],"neow_cost":"CURSE","seed_source_timestamp":51249002158756,"circlet_count":0,"master_deck":["Defend_B","Defend_B","Defend_B","Zap+1","Dualcast+1","Clumsy","Tempest+1","Turbo+1","Ball Lightning","White Noise+1","Static Discharge+1","Recycle+1","Storm+1","Double Energy+1","BootSequence+1","Reinforced Body+1","Biased Cognition+1","Parasite","Writhe","FTL+1","Conserve Battery+1","Melter+1","Auto Shields+1","Coolheaded+1","Bite+1","Bite+1","Bite+1","Bite+1","Fusion+1","Meteor Strike+1","Sunder+1","BootSequence+1","White Noise+1","Storm+1","Jack Of All Trades+1"],"special_seed":0,"relics":["Cracked Core","Bag of Preparation","Toxic Egg 2","Dead Branch","MawBank","Juzu Bracelet","Calling Bell","Vajra","Molten Egg 2","Ice Cream","Ginger","Red Mask","Oddly Smooth Stone","Potion Belt","Pear","Boot","Shuriken","Nuclear Battery","Bag of Marbles","Gambling Chip","Prayer Wheel","Bottled Lightning","Gremlin Horn","Cables","Question Card"],"potions_floor_usage":[35,35,35,37,50,50,50],"damage_taken":[{"damage":6.0,"enemies":"Jaw Worm","floor":1.0,"turns":2.0},{"damage":1.0,"enemies":"Cultist","floor":3.0,"turns":3.0},{"damage":21.0,"enemies":"Lagavulin","floor":6.0,"turns":5.0},{"damage":9.0,"enemies":"Small Slimes","floor":7.0,"turns":4.0},{"damage":24.0,"enemies":"3 Sentries","floor":8.0,"turns":4.0},{"damage":6.0,"enemies":"Gremlin Nob","floor":11.0,"turns":4.0},{"damage":0.0,"enemies":"Blue Slaver","floor":12.0,"turns":2.0},{"damage":10.0,"enemies":"Slime Boss","floor":16.0,"turns":6.0},{"damage":0.0,"enemies":"3 Byrds","floor":18.0,"turns":4.0},{"damage":12.0,"enemies":"2 Thieves","floor":20.0,"turns":3.0},{"damage":11.0,"floor":21.0,"turns":2.0},{"damage":5.0,"enemies":"Slavers","floor":23.0,"turns":3.0},{"damage":21.0,"enemies":"Book of Stabbing","floor":25.0,"turns":4.0},{"damage":36.0,"enemies":"Gremlin Leader","floor":30.0,"turns":5.0},{"damage":39.0,"enemies":"Collector","floor":33.0,"turns":8.0},{"damage":4,"enemies":"3 Darklings","floor":35,"turns":3},{"damage":0,"floor":37,"turns":4},{"damage":0,"floor":38,"turns":4},{"damage":2,"enemies":"Nemesis","floor":41,"turns":5},{"damage":0,"enemies":"2 Orb Walkers","floor":45,"turns":2},{"damage":0,"enemies":"Nemesis","floor":48,"turns":3},{"damage":15,"enemies":"Awakened One","floor":50,"turns":6}],"seed_played":"5636148837661765599","potions_obtained":[{"floor":3.0,"key":"GamblersBrew"},{"floor":8.0,"key":"Poison Potion"},{"floor":16.0,"key":"Dexterity Potion"},{"floor":20.0,"key":"Weak Potion"},{"floor":21.0,"key":"EssenceOfSteel"},{"floor":31.0,"key":"LiquidBronze"},{"floor":31.0,"key":"GamblersBrew"},{"floor":31.0,"key":"FocusPotion"},{"floor":33.0,"key":"FearPotion"},{"floor":35,"key":"FearPotion"},{"floor":41,"key":"SpeedPotion"},{"floor":45,"key":"Weak Potion"},{"floor":48,"key":"EssenceOfSteel"}],"is_trial":false,"path_per_floor":["M","$","M","?","?","E","M","E","T","R","E","M","R","?","R","B",null,"M","$","M","?","?","E","R","E","T","?","T","R","E","?","R","B",null,"M","$","?","?","?","R","E","R","T","R","E","?","R","E","R","B"],"character_chosen":"DEFECT","items_purchased":["White Noise","Ginger","FTL+1","Bag of Marbles"],"campfire_rested":3,"item_purchase_floors":[2,19,19,36],"current_hp_per_floor":[69,69,68,68,68,54,45,21,21,43,37,37,37,30,52,49,75,75,75,70,59,59,61,61,40,50,50,50,50,26,26,43,25,59,58,58,59,59,59,59,59,59,59,59,59,59,59,59,59,50],"gold":226,"neow_bonus":"TRANSFORM_TWO_CARDS","is_prod":false,"is_daily":false,"chose_seed":false,"campfire_upgraded":8,"win_rate":0,"timestamp":1532293705,"path_taken":["M","$","M","?","?","E","M","E","T","R","E","M","R","?","R","BOSS","M","$","M","?","?","E","R","E","T","?","?","R","E","?","R","BOSS","M","$","?","?","?","R","E","R","T","R","E","?","R","E","R","BOSS"],"build_version":"2018-07-19v2","purchased_purges":1,"victory":true,"max_hp_per_floor":[75,75,75,75,75,75,75,75,75,75,75,75,75,75,75,75,75,75,75,75,75,75,75,75,75,85,59,59,59,59,59,59,59,59,59,59,59,59,59,59,59,59,59,59,59,59,59,59,59,59],"card_choices":[{"not_picked":["Barrage","Compile Driver"],"picked":"Ball Lightning","floor":1.0},{"not_picked":["Leap","Hologram"],"picked":"Static Discharge","floor":3.0},{"not_picked":["Aggregate","Barrage"],"picked":"Recycle","floor":6.0},{"not_picked":["Heatsinks","Ball Lightning"],"picked":"Storm","floor":7.0},{"not_picked":["Turbo+1","Meteor Strike"],"picked":"Double Energy+1","floor":8.0},{"not_picked":["Recycle+1","FTL"],"picked":"BootSequence+1","floor":11.0},{"not_picked":["Cold Snap","Go for the Eyes"],"picked":"Reinforced Body+1","floor":12.0},{"not_picked":["Machine Learning","Core Surge"],"picked":"Biased Cognition","floor":16.0},{"not_picked":["Reinforced Body+1","Compile Driver+1","Aggregate+1"],"picked":"SKIP","floor":18.0},{"not_picked":["Hologram+1","Cold Snap+1"],"picked":"Conserve Battery+1","floor":20.0},{"not_picked":["Streamline+1","Glacier+1"],"picked":"Melter+1","floor":21.0},{"not_picked":["Fission+1","Hologram+1"],"picked":"Auto Shields+1","floor":23.0},{"not_picked":["Scrape+1","Leap+1"],"picked":"Coolheaded+1","floor":25.0},{"not_picked":["Beam Cell+1","Rebound+1"],"picked":"Fusion+1","floor":30.0},{"not_picked":["Buffer","All For One+1"],"picked":"Meteor Strike+1","floor":33.0},{"not_picked":["Compile Driver+1","Beam Cell+1"],"picked":"Sunder+1","floor":35},{"not_picked":["Hologram+1","Compile Driver+1"],"picked":"BootSequence+1","floor":38},{"not_picked":["Compile Driver+1","Coolheaded+1"],"picked":"White Noise+1","floor":41},{"not_picked":["Glacier+1","Reinforced Body+1"],"picked":"Storm+1","floor":45},{"not_picked":["Good Instincts+1","Enlightenment+1"],"picked":"Jack Of All Trades+1","floor":46},{"not_picked":["Sweeping Beam+1","Skim+1","Auto Shields+1"],"picked":"SKIP","floor":48},{"not_picked":["Sweeping Beam+1","Skim+1","Auto Shields+1"],"picked":"SKIP","floor":48}],"player_experience":117829,"relics_obtained":[{"floor":6.0,"key":"Toxic Egg 2"},{"floor":8.0,"key":"Dead Branch"},{"floor":9.0,"key":"MawBank"},{"floor":11.0,"key":"Juzu Bracelet"},{"floor":17.0,"key":"Vajra"},{"floor":17.0,"key":"Molten Egg 2"},{"floor":17.0,"key":"Ice Cream"},{"floor":21.0,"key":"Red Mask"},{"floor":23.0,"key":"Oddly Smooth Stone"},{"floor":25.0,"key":"Potion Belt"},{"floor":26.0,"key":"Pear"},{"floor":28.0,"key":"Boot"},{"floor":30.0,"key":"Shuriken"},{"floor":37,"key":"Gambling Chip"},{"floor":38,"key":"Prayer Wheel"},{"floor":41,"key":"Bottled Lightning"},{"floor":43,"key":"Gremlin Horn"},{"floor":45,"key":"Cables"},{"floor":48,"key":"Question Card"}],"event_choices":[{"event_name":"Accursed Blacksmith","player_choice":"Rummage","floor":4.0,"damage_taken":0.0},{"event_name":"World of Goop","player_choice":"Left","floor":5.0,"damage_taken":0.0},{"event_name":"Golden Wing","player_choice":"Card Removal","floor":14.0,"damage_taken":0.0},{"event_name":"Masked Bandits","player_choice":"Fought over 85 gold","floor":21.0,"damage_taken":0.0},{"event_name":"Drug Dealer","player_choice":"Ignored","floor":22.0,"damage_taken":0.0},{"event_name":"Vampires","player_choice":"Became a vampire","floor":27.0,"damage_taken":0.0},{"event_name":"The Lab","player_choice":"Got Potions","floor":31.0,"damage_taken":0.0},{"event_name":"MindBloom","player_choice":"Fight","floor":37,"damage_taken":0},{"event_name":"Mysterious Sphere","player_choice":"Fight","floor":38,"damage_taken":0},{"event_name":"Falling","player_choice":"Removed Attack","floor":39,"damage_taken":0},{"event_name":"SensoryStone","player_choice":"Memory 1","floor":46,"damage_taken":0}],"is_beta":false,"boss_relics":[{"not_picked":["White Beast Statue","Fusion Hammer"],"picked":"Calling Bell"},{"not_picked":["Snecko Eye","Empty Cage"],"picked":"Nuclear Battery"}],"items_purged_floors":[36],"is_endless":false,"potions_floor_spawned":[3,8,16,20,21,33,35,41,45,48],"ascension_level":1}