{"gold_per_floor":[117,117,117,21,40,40,66,66,93,93,110,110,137,62,62,62],"floor_reached":16,"playtime":610,"items_purged":["Strike_G"],"score":212,"play_id":"80c1b89f-6540-41fd-a7bc-322ce3d7dfb9","local_time":"20190329081047","is_ascension_mode":true,"campfire_choices":[{"floor":6.0,"key":"REST"},{"floor":12.0,"key":"REST"},{"floor":15.0,"key":"REST"}],"neow_cost":"PERCENT_DAMAGE","seed_source_timestamp":1349985210302170,"circlet_count":0,"master_deck":["AscendersBane","Defend_G","Defend_G","Defend_G","Defend_G","Defend_G","Strike_G","Strike_G","Strike_G","Strike_G","Survivor","Neutralize","Deadly Poison","Leg Sweep","Dagger Spray","Deadly Poison","Footwork","Cloak And Dagger"],"special_seed":0,"relics":["Ring of the Snake","Ginger","Du-Vu Doll","Regal Pillow","Oddly Smooth Stone","Happy Flower"],"potions_floor_usage":[],"damage_taken":[{"damage":13.0,"enemies":"Jaw Worm","floor":1.0,"turns":7.0},{"damage":0.0,"enemies":"2 Louse","floor":5.0,"turns":4.0},{"damage":34.0,"enemies":"Lagavulin","floor":7.0,"turns":9.0},{"damage":3.0,"enemies":"Small Slimes","floor":11.0,"turns":4.0},{"damage":35.0,"enemies":"Gremlin Nob","floor":13.0,"turns":5.0},{"damage":44,"enemies":"Hexaghost","floor":16,"turns":9}],"seed_played":"2046275991181757671","potions_obtained":[{"floor":5.0,"key":"SteroidPotion"},{"floor":7.0,"key":"SpeedPotion"},{"floor":13.0,"key":"SteroidPotion"}],"is_trial":false,"path_per_floor":["M","?","?","$","M","R","E","?","T","?","M","R","E","$","R","B"],"character_chosen":"THE_SILENT","items_purchased":["SteroidPotion","Leg Sweep"],"campfire_rested":3,"item_purchase_floors":[4,4],"current_hp_per_floor":[31,5,27,27,27,46,12,12,12,12,9,43,8,8,42,0],"gold":62,"neow_bonus":"ONE_RARE_RELIC","is_prod":false,"is_daily":false,"chose_seed":false,"campfire_upgraded":0,"win_rate":0,"timestamp":1553865047,"path_taken":["M","?","?","$","M","R","E","?","T","?","M","R","E","?","R","BOSS"],"build_version":"2019-01-23","purchased_purges":1,"victory":false,"max_hp_per_floor":[66,66,66,66,66,66,66,66,66,66,66,66,66,66,66,66],"card_choices":[{"not_picked":["Predator","Quick Slash"],"picked":"Deadly Poison","floor":1.0},{"not_picked":["Finisher","Dodge and Roll"],"picked":"Dagger Spray","floor":5.0},{"not_picked":["All Out Attack","Night Terror"],"picked":"Deadly Poison","floor":7.0},{"not_picked":["Prepared","Crippling Poison"],"picked":"Footwork","floor":11.0},{"not_picked":["Quick Slash","Setup"],"picked":"Cloak And Dagger","floor":13.0}],"player_experience":950827,"relics_obtained":[{"floor":7.0,"key":"Regal Pillow"},{"floor":9.0,"key":"Oddly Smooth Stone"},{"floor":13.0,"key":"Happy Flower"}],"event_choices":[{"damage_healed":0.0,"max_hp_gain":0.0,"max_hp_loss":0.0,"gold_gain":0.0,"event_name":"Scrap Ooze","player_choice":"Success","floor":2.0,"gold_loss":0.0,"damage_taken":26.0,"relics_obtained":["Du-Vu Doll"]},{"damage_healed":22.0,"max_hp_gain":0.0,"max_hp_loss":0.0,"gold_gain":0.0,"event_name":"Big Fish","player_choice":"Banana","floor":3.0,"gold_loss":0.0,"damage_taken":0.0},{"damage_healed":0.0,"max_hp_gain":0.0,"max_hp_loss":0.0,"gold_gain":0.0,"event_name":"Liars Game","player_choice":"Ignored","floor":8.0,"gold_loss":0.0,"damage_taken":0.0},{"damage_healed":0.0,"max_hp_gain":0.0,"max_hp_loss":0.0,"gold_gain":0.0,"event_name":"Shining Light","player_choice":"Ignored","floor":10.0,"gold_loss":0.0,"damage_taken":0.0}],"is_beta":false,"boss_relics":[],"items_purged_floors":[14],"is_endless":false,"potions_floor_spawned":[5,7,13],"killed_by":"Hexaghost","ascension_level":20}