{"gold_per_floor":[111,111,131,131,81,115,115,115,142,142,170,170,95,106,106,208,208,174,190,190,190,34,34,34],"floor_reached":24,"playtime":2552,"items_purged":["Strike_R"],"score":320,"play_id":"f6c5620f-6312-454d-8924-c8c0c6704aba","local_time":"20181227111808","is_ascension_mode":true,"campfire_choices":[{"data":"Clothesline","floor":7.0,"key":"SMITH"},{"data":"Bash","floor":10.0,"key":"SMITH"},{"data":"Limit Break","floor":12.0,"key":"SMITH"},{"data":"True Grit","floor":15.0,"key":"SMITH"},{"data":"Inflame","floor":23,"key":"SMITH"}],"neow_cost":"NONE","seed_source_timestamp":208263761479692,"circlet_count":0,"master_deck":["AscendersBane","Strike_R+1","Strike_R","Defend_R","Defend_R","Defend_R","Defend_R","Bash+1","Clothesline+1","Combust","Iron Wave+1","Headbutt","Limit Break+1","Parasite","Inflame+1","True Grit+1","Limit Break","Thunderclap+1"],"special_seed":0,"relics":["Burning Blood","Happy Flower","Whetstone","Magic Flower","Mark of Pain","Bag of Preparation"],"potions_floor_usage":[20],"damage_taken":[{"damage":11.0,"enemies":"2 Louse","floor":1.0,"turns":3.0},{"damage":5.0,"enemies":"Jaw Worm","floor":3.0,"turns":5.0},{"damage":51.0,"enemies":"Lagavulin","floor":6.0,"turns":8.0},{"damage":21.0,"enemies":"Gremlin Nob","floor":11.0,"turns":5.0},{"damage":1.0,"enemies":"Small Slimes","floor":14.0,"turns":3.0},{"damage":32.0,"enemies":"Hexaghost","floor":16.0,"turns":11.0},{"damage":40.0,"enemies":"2 Thieves","floor":18.0,"turns":5.0},{"damage":12.0,"enemies":"Chosen","floor":19.0,"turns":8.0},{"damage":20,"enemies":"Colosseum Slavers","floor":20,"turns":4},{"damage":49,"enemies":"Book of Stabbing","floor":24,"turns":5}],"seed_played":"-3796443818206265","potions_obtained":[{"floor":1.0,"key":"Swift Potion"},{"floor":3.0,"key":"Swift Potion"},{"floor":14.0,"key":"Ancient Potion"},{"floor":16.0,"key":"SpeedPotion"}],"is_trial":false,"path_per_floor":["M","?","M","?","?","E","R","?","T","R","E","R","$","M","R","B",null,"M","M","?","?","$","R","E"],"character_chosen":"IRONCLAD","items_purchased":["Bag of Preparation"],"campfire_rested":0,"item_purchase_floors":[22],"current_hp_per_floor":[67,67,68,68,68,23,23,43,43,43,28,28,28,36,36,13,63,32,29,18,44,44,44,0],"gold":34,"neow_bonus":"THREE_CARDS","is_prod":false,"is_daily":false,"chose_seed":false,"campfire_upgraded":5,"win_rate":0,"timestamp":1545927488,"path_taken":["M","?","M","?","?","E","R","?","T","R","E","R","$","M","R","BOSS","M","M","?","?","$","R","E"],"build_version":"2018-12-20","purchased_purges":1,"victory":false,"max_hp_per_floor":[80,80,80,80,80,80,80,80,80,80,80,80,80,80,80,80,80,80,80,80,80,80,80,80],"card_choices":[{"not_picked":["Headbutt","Warcry"],"picked":"Clothesline","floor":0.0},{"not_picked":["Metallicize","Body Slam"],"picked":"Combust","floor":1.0},{"not_picked":["Whirlwind","Dual Wield"],"picked":"Headbutt","floor":3.0},{"not_picked":["Cleave","Headbutt"],"picked":"Limit Break","floor":6.0},{"not_picked":["Anger","Shrug It Off"],"picked":"Inflame","floor":11.0},{"not_picked":["Bloodletting","Hemokinesis"],"picked":"True Grit","floor":14.0},{"not_picked":["Dark Embrace","Berserk"],"picked":"Limit Break","floor":16.0},{"not_picked":["Iron Wave","Havoc"],"picked":"Thunderclap+1","floor":18.0},{"not_picked":["Armaments","Wild Strike","Perfected Strike"],"picked":"SKIP","floor":19.0}],"player_experience":442177,"relics_obtained":[{"floor":6.0,"key":"Happy Flower"},{"floor":9.0,"key":"Whetstone"},{"floor":11.0,"key":"Magic Flower"}],"event_choices":[{"damage_healed":0.0,"max_hp_gain":0.0,"max_hp_loss":0.0,"gold_gain":0.0,"cards_transformed":["Strike_R"],"event_name":"Living Wall","player_choice":"Change","floor":2.0,"gold_loss":0.0,"damage_taken":0.0,"cards_obtained":["Iron Wave"]},{"damage_healed":0.0,"max_hp_gain":0.0,"max_hp_loss":0.0,"gold_gain":0.0,"event_name":"Liars Game","player_choice":"Ignored","floor":4.0,"gold_loss":0.0,"damage_taken":0.0},{"cards_removed":["Strike_R"],"damage_healed":0.0,"max_hp_gain":0.0,"max_hp_loss":0.0,"gold_gain":0.0,"event_name":"The Cleric","player_choice":"Card Removal","floor":5.0,"gold_loss":50.0,"damage_taken":0.0},{"damage_healed":20.0,"max_hp_gain":0.0,"max_hp_loss":0.0,"gold_gain":0.0,"event_name":"Mushrooms","player_choice":"Healed and dodged fight","floor":8.0,"gold_loss":0.0,"damage_taken":0.0,"cards_obtained":["Parasite"]},{"damage_healed":0,"gold_gain":0,"player_choice":"Fight","damage_taken":0,"max_hp_gain":0,"max_hp_loss":0,"event_name":"Colosseum","floor":20,"gold_loss":0},{"damage_healed":0,"gold_gain":0,"player_choice":"Fled From Nobs","damage_taken":0,"max_hp_gain":0,"max_hp_loss":0,"event_name":"Colosseum","floor":20,"gold_loss":0},{"damage_healed":26,"gold_gain":0,"player_choice":"Heal","damage_taken":0,"max_hp_gain":0,"max_hp_loss":0,"event_name":"The Library","floor":21,"gold_loss":0}],"is_beta":false,"boss_relics":[{"not_picked":["Astrolabe","Fusion Hammer"],"picked":"Mark of Pain"}],"items_purged_floors":[13],"is_endless":false,"potions_floor_spawned":[1,3,14,16,18,19,20],"killed_by":"Book of Stabbing","ascension_level":12}