{"gold_per_floor":[18,18,38,50,61,96,96,122,176,23,23,50,25,37,37,37],"floor_reached":16,"playtime":994,"items_purged":[],"score":168,"play_id":"def40daa-0ead-4d55-a9a3-9dcfb52ed9f0","local_time":"20180925014433","is_ascension_mode":true,"campfire_choices":[{"floor":7,"key":"REST"},{"floor":11,"key":"REST"},{"floor":15,"key":"REST"}],"neow_cost":"NO_GOLD","seed_source_timestamp":40170101747899,"circlet_count":0,"master_deck":["Defend_G","Defend_G","Defend_G","Defend_G","Defend_G","Strike_G","Strike_G","Strike_G","Strike_G","Strike_G","Survivor","Neutralize","Cloak And Dagger","Flying Knee","Well Laid Plans","Bane","Bullet Time","PiercingWail","Dagger Spray"],"relics":["Ring of the Snake","Bottled Lightning","Sundial","Oddly Smooth Stone","Art of War","Centennial Puzzle"],"potions_floor_usage":[8,12,16,16],"damage_taken":[{"damage":0,"enemies":"Jaw Worm","floor":1,"turns":5},{"damage":0,"enemies":"Small Slimes","floor":3,"turns":4},{"damage":0,"enemies":"Cultist","floor":4,"turns":4},{"damage":6,"enemies":"Exordium Thugs","floor":5,"turns":5},{"damage":48,"enemies":"Gremlin Nob","floor":6,"turns":7},{"damage":14,"enemies":"3 Sentries","floor":8,"turns":12},{"damage":40,"enemies":"Lagavulin","floor":12,"turns":11},{"damage":0,"enemies":"Large Slime","floor":14,"turns":6},{"damage":45,"enemies":"Slime Boss","floor":16,"turns":12}],"seed_played":"4893938016383100980","potions_obtained":[{"floor":5,"key":"Dexterity Potion"},{"floor":8,"key":"Fire Potion"},{"floor":12,"key":"GamblersBrew"},{"floor":14,"key":"AttackPotion"}],"is_trial":false,"path_per_floor":["M","?","M","M","M","E","R","E","T","$","R","E","$","M","R"],"character_chosen":"THE_SILENT","items_purchased":["Art of War","PiercingWail"],"campfire_rested":3,"item_purchase_floors":[10,13],"current_hp_per_floor":[77,77,77,77,71,23,48,34,34,34,59,19,19,19,44,0],"gold":37,"neow_bonus":"TWENTY_PERCENT_HP_BONUS","is_prod":false,"is_daily":false,"chose_seed":false,"campfire_upgraded":0,"win_rate":0,"timestamp":1537854273,"path_taken":["M","?","M","M","?","E","R","E","T","$","R","E","?","?","R","BOSS"],"build_version":"2018-09-20","purchased_purges":0,"victory":false,"max_hp_per_floor":[84,84,84,84,84,84,84,84,84,84,84,84,84,84,84,84],"card_choices":[{"not_picked":["Deflect","Sucker Punch"],"picked":"Cloak And Dagger","floor":1},{"not_picked":["Concentrate","Acrobatics","Outmaneuver"],"picked":"SKIP","floor":3},{"not_picked":["Tactician","Poisoned Stab"],"picked":"Flying Knee","floor":4},{"not_picked":["Bane","Skewer"],"picked":"Well Laid Plans","floor":5},{"not_picked":["Deadly Poison","Poisoned Stab"],"picked":"Bane","floor":6},{"not_picked":["Bane","Dagger Throw","Dodge and Roll"],"picked":"SKIP","floor":8},{"not_picked":["Blade Dance","Deadly Poison"],"picked":"Bullet Time","floor":12},{"not_picked":["Deflect","Dagger Throw"],"picked":"Dagger Spray","floor":14}],"player_experience":290091,"relics_obtained":[{"floor":6,"key":"Bottled Lightning"},{"floor":8,"key":"Sundial"},{"floor":9,"key":"Oddly Smooth Stone"},{"floor":12,"key":"Centennial Puzzle"}],"event_choices":[{"event_name":"The Cleric","player_choice":"Leave","floor":2,"damage_taken":0}],"is_beta":false,"boss_relics":[],"items_purged_floors":[],"is_endless":false,"potions_floor_spawned":[5,8,12,14],"killed_by":"Slime Boss","ascension_level":8}