{"gold_per_floor":[113,132,307,307,307,334,334,360,360,371,371,387,387,387,387,387],"floor_reached":16,"playtime":880,"items_purged":[],"score":140,"play_id":"b806e808-560a-4dd3-8f3d-742419a5e0b9","local_time":"20180918135736","is_ascension_mode":true,"campfire_choices":[{"floor":7.0,"key":"REST"},{"floor":11.0,"key":"REST"},{"floor":13,"key":"DIG"},{"floor":15,"key":"DIG"}],"neow_cost":"NONE","seed_source_timestamp":38087691584416,"circlet_count":0,"master_deck":["Defend_G","Defend_G","Defend_G","Defend_G","Defend_G","Strike_G","Strike_G","Strike_G","Strike_G","Strike_G+1","Survivor","Neutralize","Underhanded Strike+1","Infinite Blades","Doubt","All Out Attack","Acrobatics","Parasite"],"special_seed":0,"relics":["HoveringKite","Shovel","Paper Crane","WingedGreaves","Happy Flower","Smiling Mask"],"potions_floor_usage":[16,16],"damage_taken":[{"damage":6.0,"enemies":"2 Louse","floor":1.0,"turns":3.0},{"damage":0.0,"enemies":"Small Slimes","floor":2.0,"turns":3.0},{"damage":53.0,"enemies":"Gremlin Nob","floor":6.0,"turns":6.0},{"damage":22.0,"enemies":"3 Sentries","floor":8.0,"turns":8.0},{"damage":2.0,"enemies":"Jaw Worm","floor":10.0,"turns":3.0},{"damage":3,"enemies":"Blue Slaver","floor":12,"turns":4},{"damage":46,"enemies":"Hexaghost","floor":16,"turns":14}],"seed_played":"-6495907006361221824","potions_obtained":[{"floor":8.0,"key":"Weak Potion"},{"floor":12,"key":"Swift Potion"}],"is_trial":false,"path_per_floor":["M","M","?","?","?","E","R","E","T","M","R","M","R","?","R"],"character_chosen":"THE_SILENT","items_purchased":[],"campfire_rested":2,"item_purchase_floors":[],"current_hp_per_floor":[57,57,57,43,66,13,34,12,12,10,31,28,28,45,45,0],"gold":387,"neow_bonus":"BOSS_RELIC","is_prod":false,"is_daily":false,"chose_seed":false,"campfire_upgraded":0,"win_rate":0,"timestamp":1537293456,"path_taken":["M","M","?","?","?","E","R","E","T","?","R","M","R","?","R","BOSS"],"build_version":"2018-09-06","purchased_purges":0,"victory":false,"max_hp_per_floor":[70,70,70,70,70,70,70,70,70,70,70,70,70,70,70,70],"card_choices":[{"not_picked":["Flying Knee","Deflect"],"picked":"Underhanded Strike","floor":1.0},{"not_picked":["Flechettes","Footwork"],"picked":"Infinite Blades","floor":2.0},{"not_picked":["Catalyst","Dagger Throw"],"picked":"All Out Attack","floor":6.0},{"not_picked":["Envenom","Calculated Gamble","Dodge and Roll"],"picked":"SKIP","floor":8.0},{"not_picked":["Dagger Throw","Choke","Flechettes"],"picked":"SKIP","floor":10.0},{"not_picked":["Deadly Poison","Concentrate"],"picked":"Acrobatics","floor":12}],"player_experience":253605,"relics_obtained":[{"floor":6.0,"key":"Shovel"},{"floor":8.0,"key":"Paper Crane"},{"floor":9.0,"key":"WingedGreaves"},{"floor":13,"key":"Happy Flower"},{"floor":15,"key":"Smiling Mask"}],"event_choices":[{"event_name":"Liars Game","player_choice":"agreed","floor":3.0,"damage_taken":0.0},{"event_name":"Shining Light","player_choice":"Entered Light","floor":4.0,"damage_taken":0.0},{"event_name":"Big Fish","player_choice":"Banana","floor":5.0,"damage_taken":0.0},{"event_name":"Mushrooms","player_choice":"Healed and dodged fight","floor":14,"damage_taken":0}],"is_beta":false,"boss_relics":[],"items_purged_floors":[],"is_endless":false,"potions_floor_spawned":[8,12],"killed_by":"Hexaghost","ascension_level":6}