{"gold_per_floor":[119,119,130,55,55,55,93,93,93,137,137,155,155,171,171,296,296,312,312,323,57,73,73,36,36,36,70,86,86,103,115,115,210,210,228,242,242,254,254,254,270,81,107,132,149,149,149,169,169,169],"floor_reached":51,"playtime":3262,"items_purged":["Strike_G","Defend_G"],"score":1118,"play_id":"8ff4b45f-1088-4f8f-ba71-e42439bfa355","local_time":"20181023172028","is_ascension_mode":true,"campfire_choices":[{"data":"Backflip","floor":6.0,"key":"SMITH"},{"floor":8.0,"key":"REST"},{"data":"1","floor":11.0,"key":"LIFT"},{"data":"2","floor":15.0,"key":"LIFT"},{"data":"3","floor":23.0,"key":"LIFT"},{"floor":29.0,"key":"REST"},{"floor":32.0,"key":"REST"},{"data":"Neutralize","floor":40,"key":"SMITH"},{"floor":47,"key":"REST"},{"data":"Backflip","floor":49,"key":"SMITH"}],"neow_cost":"NONE","seed_source_timestamp":200539989372709,"circlet_count":0,"master_deck":["Defend_G","Defend_G","Defend_G","Strike_G","Strike_G","Survivor","Neutralize+1","AscendersBane","Calculated Gamble+1","Skewer+1","Backflip+1","Backflip+1","Blade Dance+1","Cloak And Dagger+1","Concentrate+1","Riddle With Holes","Backflip+1","Escape Plan+1","Blade Dance+1","Blade Dance+1","Malaise+1","Blur+1","Dagger Spray+1","Blind+1","Outmaneuver+1","Blade Dance+1"],"special_seed":0,"relics":["Astrolabe","Girya","Letter Opener","Singing Bowl","Toxic Egg 2","Lizard Tail","Nloth\u0027s Gift","Vajra","Ornamental Fan","Pen Nib","Pear","Sozu","Anchor","Smiling Mask","Bird Faced Urn"],"potions_floor_usage":[],"damage_taken":[{"damage":0.0,"enemies":"Jaw Worm","floor":1.0,"turns":4.0},{"damage":0.0,"enemies":"2 Louse","floor":3.0,"turns":3.0},{"damage":14.0,"enemies":"3 Sentries","floor":7.0,"turns":8.0},{"damage":16.0,"enemies":"Gremlin Nob","floor":10.0,"turns":3.0},{"damage":0.0,"enemies":"Small Slimes","floor":12.0,"turns":2.0},{"damage":1.0,"enemies":"Exordium Thugs","floor":14.0,"turns":4.0},{"damage":31.0,"enemies":"Hexaghost","floor":16.0,"turns":9.0},{"damage":2.0,"enemies":"Spheric Guardian","floor":18.0,"turns":3.0},{"damage":11.0,"enemies":"2 Thieves","floor":20.0,"turns":3.0},{"damage":0.0,"enemies":"Centurion and Healer","floor":22.0,"turns":4.0},{"damage":13.0,"enemies":"Book of Stabbing","floor":27.0,"turns":4.0},{"damage":20.0,"enemies":"Snake Plant","floor":28.0,"turns":2.0},{"damage":0.0,"enemies":"Cultist and Chosen","floor":30.0,"turns":4.0},{"damage":0.0,"enemies":"Snecko","floor":31.0,"turns":2.0},{"damage":16.0,"enemies":"Champ","floor":33.0,"turns":4.0},{"damage":0.0,"enemies":"3 Darklings","floor":35.0,"turns":4.0},{"damage":0.0,"enemies":"3 Shapes","floor":36.0,"turns":2.0},{"damage":0,"enemies":"Jaw Worm Horde","floor":38,"turns":2},{"damage":7,"enemies":"Spire Growth","floor":41,"turns":4},{"damage":28,"enemies":"Nemesis","floor":44,"turns":7},{"damage":3,"enemies":"Writhing Mass","floor":45,"turns":5},{"damage":0,"enemies":"Mind Bloom Boss Battle","floor":46,"turns":4},{"damage":0,"enemies":"Jaw Worm Horde","floor":48,"turns":1},{"damage":36,"enemies":"Awakened One","floor":50,"turns":13}],"seed_played":"-8486659350272297638","potions_obtained":[{"floor":1.0,"key":"Energy Potion"},{"floor":3.0,"key":"GamblersBrew"},{"floor":14.0,"key":"Explosive Potion"},{"floor":16.0,"key":"Strength Potion"},{"floor":18.0,"key":"Regen Potion"}],"is_trial":false,"path_per_floor":["M","?","M","$","?","R","E","R","T","E","R","M","T","M","R","B",null,"M","?","M","$","M","R","$","?","T","E","M","R","M","M","R","B",null,"M","M","?","M","?","R","M","$","T","E","M","?","R","M","R","B"],"character_chosen":"THE_SILENT","items_purchased":["Concentrate+1","Vajra","Riddle With Holes","Escape Plan+1","Blind+1"],"campfire_rested":4,"item_purchase_floors":[21,21,21,24,42],"current_hp_per_floor":[63,68,68,68,50,50,36,58,58,42,42,44,44,43,43,12,61,59,59,59,59,59,59,59,59,59,68,48,74,76,78,93,77,89,91,91,105,107,107,107,100,100,100,72,71,71,103,105,105,69],"gold":169,"neow_bonus":"BOSS_RELIC","is_prod":false,"is_daily":false,"chose_seed":false,"campfire_upgraded":3,"win_rate":0,"timestamp":1540329628,"path_taken":["M","?","M","?","?","R","E","R","T","E","R","M","?","?","R","BOSS","M","?","M","?","M","R","$","?","T","E","?","R","M","M","R","BOSS","M","M","?","M","?","R","M","?","T","E","M","?","R","M","R","BOSS"],"build_version":"2018-10-18","purchased_purges":2,"victory":true,"max_hp_per_floor":[70,75,75,75,75,75,75,75,75,75,75,77,77,77,77,77,77,77,77,79,79,79,79,79,79,79,89,89,89,91,93,93,93,93,95,95,105,107,107,107,107,107,107,107,109,109,109,111,111,111],"card_choices":[{"not_picked":["Prepared","Concentrate","Deflect"],"picked":"SKIP","floor":1.0},{"not_picked":["Caltrops","Backstab"],"picked":"Backflip","floor":3.0},{"not_picked":["Masterful Stab","Skewer"],"picked":"Backflip","floor":7.0},{"not_picked":["Flying Knee","Slice","Prepared"],"picked":"Singing Bowl","floor":12.0},{"not_picked":["Footwork","Underhanded Strike"],"picked":"Blade Dance+1","floor":14.0},{"not_picked":["Die Die Die","Unload"],"picked":"Venomology+1","floor":16.0},{"not_picked":["Prepared+1","All Out Attack"],"picked":"Cloak And Dagger+1","floor":18.0},{"not_picked":["Underhanded Strike","Quick Slash","Endless Agony+1"],"picked":"Singing Bowl","floor":20.0},{"not_picked":["Deadly Poison+1","Prepared+1"],"picked":"Backflip+1","floor":22.0},{"not_picked":["Doppelganger+1","Noxious Fumes+1"],"picked":"Blade Dance+1","floor":27.0},{"not_picked":["Dash+1","Slice"],"picked":"Blade Dance+1","floor":28.0},{"not_picked":["Reflex+1","Prepared+1","Dagger Spray"],"picked":"Singing Bowl","floor":30.0},{"not_picked":["Corpse Explosion+1","Prepared+1","Noxious Fumes+1"],"picked":"Singing Bowl","floor":31.0},{"not_picked":["Envenom","Wraith Form v2"],"picked":"Malaise+1","floor":33.0},{"not_picked":["Predator","Prepared+1","Choke"],"picked":"Singing Bowl","floor":35.0},{"not_picked":["Prepared+1","Eviscerate+1"],"picked":"Blur+1","floor":36.0},{"not_picked":["Slice+1","Dagger Throw+1","Acrobatics+1"],"picked":"Singing Bowl","floor":38},{"not_picked":["PiercingWail+1","Sucker Punch"],"picked":"Dagger Spray+1","floor":41},{"not_picked":["Reflex+1","Acrobatics+1"],"picked":"Outmaneuver+1","floor":44},{"not_picked":["Deadly Poison+1","Acrobatics+1","Outmaneuver+1"],"picked":"Singing Bowl","floor":45},{"not_picked":["Backstab","Deadly Poison+1"],"picked":"Blade Dance+1","floor":46},{"not_picked":["Blade Dance+1","Flechettes","Tactician+1"],"picked":"Singing Bowl","floor":48}],"player_experience":383717,"relics_obtained":[{"floor":7.0,"key":"Girya"},{"floor":9.0,"key":"Letter Opener"},{"floor":10.0,"key":"Singing Bowl"},{"floor":13.0,"key":"Toxic Egg 2"},{"floor":26.0,"key":"Pen Nib"},{"floor":27.0,"key":"Pear"},{"floor":43,"key":"Anchor"},{"floor":44,"key":"Smiling Mask"},{"floor":46,"key":"Bird Faced Urn"}],"event_choices":[{"damage_healed":0.0,"max_hp_gain":5.0,"max_hp_loss":0.0,"gold_gain":0.0,"event_name":"Big Fish","player_choice":"Donut","floor":2.0,"gold_loss":0.0,"damage_taken":0.0},{"damage_healed":0.0,"max_hp_gain":0.0,"max_hp_loss":0.0,"gold_gain":0.0,"event_name":"Golden Idol","player_choice":"Take Damage","floor":5.0,"gold_loss":0.0,"damage_taken":18.0,"relics_obtained":["Golden Idol"]},{"damage_healed":0.0,"max_hp_gain":0.0,"max_hp_loss":0.0,"gold_gain":0.0,"event_name":"N\u0027loth","player_choice":"Traded Relic","floor":19.0,"relics_lost":["Golden Idol"],"gold_loss":0.0,"damage_taken":0.0,"relics_obtained":["Nloth\u0027s Gift"]},{"damage_healed":0.0,"max_hp_gain":0.0,"max_hp_loss":0.0,"gold_gain":0.0,"event_name":"The Mausoleum","player_choice":"Opened","floor":25.0,"gold_loss":0.0,"damage_taken":0.0,"relics_obtained":["Ornamental Fan"]},{"cards_removed":["Venomology"],"damage_healed":4.0,"max_hp_gain":10.0,"max_hp_loss":0.0,"gold_gain":0.0,"event_name":"Bonfire Elementals","player_choice":"Offered Rare","floor":37.0,"gold_loss":0.0,"damage_taken":0.0},{"cards_removed":["Quick Slash"],"damage_healed":0,"gold_gain":0,"player_choice":"Removed Attack","damage_taken":0,"max_hp_gain":0,"max_hp_loss":0,"event_name":"Falling","floor":39,"gold_loss":0},{"damage_healed":0,"gold_gain":0,"player_choice":"Fight","damage_taken":0,"max_hp_gain":0,"max_hp_loss":0,"event_name":"MindBloom","floor":46,"gold_loss":0}],"is_beta":false,"boss_relics":[{"not_picked":["Pandora\u0027s Box","Tiny House"],"picked":"Lizard Tail"},{"not_picked":["Black Star","Runic Dome"],"picked":"Sozu"}],"items_purged_floors":[4,42],"is_endless":false,"potions_floor_spawned":[1,3,14,16,18,31,38,45,46],"ascension_level":11}