{"gold_per_floor":[365,335,352,363,377,409,409,442,442,442,457,8,8,19,19,119,119,136,150,150],"floor_reached":20,"playtime":1068,"items_purged":[],"score":223,"play_id":"3e68ec33-1af5-4f8e-8347-7ab8ac1cfd2a","local_time":"20190415232808","is_ascension_mode":true,"campfire_choices":[{"floor":10,"key":"REST"},{"data":"Bane","floor":13,"key":"SMITH"},{"data":"Neutralize","floor":15,"key":"SMITH"}],"neow_cost":"PERCENT_DAMAGE","seed_source_timestamp":237447122899033,"circlet_count":0,"master_deck":["Defend_G","Defend_G","Defend_G","Defend_G","Defend_G","Strike_G","Strike_G","Strike_G","Strike_G","Strike_G","Survivor","Neutralize+1","Noxious Fumes+1","Quick Slash","Bane+1","Acrobatics","Corpse Explosion","Dash"],"relics":["Ring of the Serpent","Mummified Hand","Omamori","Blue Candle","Matryoshka","Lee\u0027s Waffle"],"potions_floor_usage":[5,5,6,11,19],"damage_taken":[{"damage":0,"enemies":"2 Louse","floor":1,"turns":3},{"damage":0,"enemies":"Cultist","floor":3,"turns":4},{"damage":2,"enemies":"Jaw Worm","floor":4,"turns":5},{"damage":1,"enemies":"Looter","floor":5,"turns":4},{"damage":33,"enemies":"Gremlin Nob","floor":6,"turns":5},{"damage":22,"enemies":"3 Sentries","floor":8,"turns":7},{"damage":7,"enemies":"Exordium Thugs","floor":11,"turns":4},{"damage":0,"enemies":"Blue Slaver","floor":14,"turns":4},{"damage":38,"enemies":"Slime Boss","floor":16,"turns":9},{"damage":49,"enemies":"2 Thieves","floor":18,"turns":4},{"damage":5,"enemies":"Shell Parasite","floor":19,"turns":9},{"damage":32,"enemies":"3 Cultists","floor":20,"turns":3}],"seed_played":"5654988418204959559","potions_obtained":[{"floor":1,"key":"SkillPotion"},{"floor":2,"key":"Block Potion"},{"floor":2,"key":"Explosive Potion"},{"floor":4,"key":"Regen Potion"},{"floor":8,"key":"Poison Potion"},{"floor":16,"key":"Ancient Potion"},{"floor":18,"key":"Fruit Juice"}],"is_trial":false,"path_per_floor":["M","?","M","M","M","E","?","E","T","R","M","$","R","M","R","B",null,"M","M","M"],"character_chosen":"THE_SILENT","items_purchased":["Matryoshka","Lee\u0027s Waffle"],"campfire_rested":1,"item_purchase_floors":[12,12],"current_hp_per_floor":[49,49,49,47,58,25,25,3,3,24,17,77,77,77,77,39,77,28,28,0],"gold":150,"neow_bonus":"TWO_FIFTY_GOLD","is_prod":false,"is_daily":false,"chose_seed":false,"campfire_upgraded":2,"win_rate":0,"timestamp":1555367288,"path_taken":["M","?","?","M","M","E","?","E","T","R","M","$","R","M","R","BOSS","M","M","M"],"build_version":"2019-01-23","purchased_purges":0,"victory":false,"max_hp_per_floor":[70,70,70,70,70,70,70,70,70,70,70,77,77,77,77,77,77,77,82,82],"card_choices":[{"not_picked":["Quick Slash","Deflect"],"picked":"Noxious Fumes","floor":1},{"not_picked":["Deadly Poison","Prepared"],"picked":"Quick Slash","floor":3},{"not_picked":["Terror","Eviscerate","PiercingWail"],"picked":"SKIP","floor":4},{"not_picked":["Dagger Spray","PiercingWail","Slice"],"picked":"SKIP","floor":5},{"not_picked":["Poisoned Stab","Calculated Gamble"],"picked":"Bane","floor":6},{"not_picked":["Adrenaline","Malaise"],"picked":"Acrobatics","floor":8},{"not_picked":["Acrobatics","Calculated Gamble","Backstab"],"picked":"SKIP","floor":11},{"not_picked":["Outmaneuver","Concentrate","Predator"],"picked":"SKIP","floor":14},{"not_picked":["A Thousand Cuts","Burst"],"picked":"Corpse Explosion","floor":16},{"not_picked":["Prepared+1","Sucker Punch"],"picked":"Dash","floor":18},{"not_picked":["Quick Slash+1","Outmaneuver","Poisoned Stab"],"picked":"SKIP","floor":19}],"player_experience":452692,"relics_obtained":[{"floor":6,"key":"Mummified Hand"},{"floor":8,"key":"Omamori"},{"floor":9,"key":"Blue Candle"}],"event_choices":[{"damage_healed":0,"gold_gain":0,"player_choice":"Bought 2 Potions","damage_taken":0,"max_hp_gain":0,"max_hp_loss":0,"event_name":"The Woman in Blue","floor":2,"gold_loss":0},{"damage_healed":0,"gold_gain":0,"player_choice":"Grow","damage_taken":0,"max_hp_gain":0,"max_hp_loss":0,"event_name":"Living Wall","floor":7,"gold_loss":0,"cards_upgraded":["Noxious Fumes"]}],"is_beta":false,"boss_relics":[{"not_picked":["Lizard Tail","Coffee Dripper"],"picked":"Ring of the Serpent"}],"items_purged_floors":[],"is_endless":false,"potions_floor_spawned":[1,4,8,16,18],"killed_by":"3 Cultists","ascension_level":4}