{"gold_per_floor":[119,133,145,0,0,0,25,25,50,50,78,78,106,126,126,203,203,219,229,279,298,231,231,261,261,261,281,281,298,298,318,318,393,393,405,420,420,420,130,159,159,188,239,239,239,258,278,310,310,310,310,310,310,33,64,64],"floor_reached":56,"playtime":4690,"items_purged":["Strike_B"],"score":2021,"play_id":"3f3a2e87-7cc7-4c91-8b82-d66e50039994","local_time":"20190413151608","is_ascension_mode":true,"campfire_choices":[{"data":"Darkness","floor":6.0,"key":"SMITH"},{"floor":8.0,"key":"REST"},{"data":"Zap","floor":10.0,"key":"SMITH"},{"data":"Defragment","floor":15.0,"key":"SMITH"},{"data":"Hyperbeam","floor":23.0,"key":"SMITH"},{"data":"Lockon","floor":25.0,"key":"SMITH"},{"data":"Undo","floor":28.0,"key":"SMITH"},{"data":"Hologram","floor":30.0,"key":"SMITH"},{"floor":32.0,"key":"REST"},{"floor":41.0,"key":"REST"},{"floor":44.0,"key":"RECALL"},{"floor":49.0,"key":"REST"},{"floor":53.0,"key":"REST"}],"neow_cost":"PERCENT_DAMAGE","seed_source_timestamp":0,"circlet_count":0,"master_deck":["AscendersBane","Strike_B","Strike_B+1","Defend_B","Defend_B","Defend_B","Defend_B+1","Zap+1","Dualcast+1","Ball Lightning","Steam","Cold Snap+1","Darkness+1","Defragment+1","Sweeping Beam","Stack","Hologram+1","Hyperbeam+1","Lockon+1","Undo+1","Hello World","Hologram+1","Go for the Eyes+1","Capacitor","Echo Form","Cold Snap","Conserve Battery","Master of Strategy","Magnetism","Redo","Glacier","Electrodynamics","Stack+1","Leap+1","Hologram"],"special_seed":0,"relics":["Cracked Core","Thread and Needle","Regal Pillow","Juzu Bracelet","Bag of Preparation","War Paint","Bottled Tornado","Velvet Choker","Anchor","Symbiotic Virus","Ancient Tea Set","Fusion Hammer","Centennial Puzzle","Strawberry","Whetstone","Cables","Runic Capacitor","Bottled Lightning"],"potions_floor_usage":[56],"damage_taken":[{"damage":0.0,"enemies":"Jaw Worm","floor":1.0,"turns":3.0},{"damage":3.0,"enemies":"Small Slimes","floor":2.0,"turns":3.0},{"damage":0.0,"enemies":"Cultist","floor":3.0,"turns":3.0},{"damage":7.0,"enemies":"Lagavulin","floor":7.0,"turns":5.0},{"damage":10.0,"enemies":"3 Sentries","floor":11.0,"turns":6.0},{"damage":8.0,"enemies":"Lagavulin","floor":13.0,"turns":4.0},{"damage":0.0,"enemies":"Red Slaver","floor":14.0,"turns":3.0},{"damage":8.0,"enemies":"Slime Boss","floor":16.0,"turns":10.0},{"damage":0.0,"enemies":"Spheric Guardian","floor":18.0,"turns":3.0},{"damage":4.0,"enemies":"Chosen","floor":19.0,"turns":5.0},{"damage":15.0,"enemies":"Snake Plant","floor":21.0,"turns":4.0},{"damage":9.0,"enemies":"Book of Stabbing","floor":24.0,"turns":5.0},{"damage":0.0,"enemies":"3 Cultists","floor":27.0,"turns":3.0},{"damage":0.0,"enemies":"Cultist and Chosen","floor":29.0,"turns":5.0},{"damage":0.0,"enemies":"Shelled Parasite and Fungi","floor":31.0,"turns":4.0},{"damage":53.0,"enemies":"Collector","floor":33.0,"turns":14.0},{"damage":6.0,"enemies":"3 Darklings","floor":35.0,"turns":5.0},{"damage":0.0,"enemies":"3 Shapes","floor":36.0,"turns":4.0},{"damage":15.0,"enemies":"Nemesis","floor":40.0,"turns":5.0},{"damage":30.0,"enemies":"Giant Head","floor":42.0,"turns":9.0},{"damage":1.0,"enemies":"3 Darklings","floor":46.0,"turns":3.0},{"damage":0.0,"enemies":"Jaw Worm Horde","floor":47.0,"turns":4.0},{"damage":0.0,"enemies":"Nemesis","floor":48.0,"turns":5.0},{"damage":24.0,"enemies":"Donu and Deca","floor":50.0,"turns":9.0},{"damage":11.0,"enemies":"Time Eater","floor":51.0,"turns":11.0},{"damage":23.0,"enemies":"Shield and Spear","floor":55.0,"turns":7.0},{"damage":99,"enemies":"The Heart","floor":56,"turns":3}],"seed_played":"-4031333021123075955","potions_obtained":[{"floor":3.0,"key":"Weak Potion"},{"floor":14.0,"key":"SteroidPotion"},{"floor":27.0,"key":"PowerPotion"},{"floor":55.0,"key":"LiquidBronze"}],"is_trial":false,"path_per_floor":["M","M","M","$","?","R","E","R","T","R","E","T","E","M","R","B",null,"M","M","?","M","?","R","E","R","T","M","R","M","R","M","R","B",null,"M","M","?","?","$","E","R","E","T","R","?","M","M","E","R","B","B",null,"R","$","E","B"],"character_chosen":"DEFECT","items_purchased":["Darkness","Explosive Potion","Redo","Centennial Puzzle","Runic Capacitor","Hologram"],"campfire_rested":5,"item_purchase_floors":[4,4,39,39,54,54],"current_hp_per_floor":[46,43,43,43,36,36,29,65,65,65,55,55,47,47,47,39,63,63,59,59,44,44,44,35,35,35,35,35,35,35,35,71,18,58,52,52,52,42,42,34,72,42,42,42,42,41,41,41,74,50,39,65,74,74,51,0],"gold":64,"neow_bonus":"ONE_RARE_RELIC","is_prod":false,"is_daily":false,"chose_seed":false,"campfire_upgraded":7,"win_rate":0,"timestamp":1555186568,"path_taken":["M","M","M","$","?","R","E","R","T","R","E","?","E","M","R","BOSS","M","M","?","M","?","R","E","R","T","M","R","M","R","M","R","BOSS","M","M","?","?","$","E","R","E","T","R","?","M","M","E","R","BOSS","BOSS","R","$","E","BOSS"],"build_version":"2019-01-23","purchased_purges":1,"victory":false,"max_hp_per_floor":[71,71,71,71,71,71,71,71,71,71,71,71,71,71,71,71,71,71,71,71,71,71,71,71,71,71,71,71,71,71,71,71,71,71,71,71,71,71,71,78,78,78,78,78,74,74,74,74,74,74,74,74,74,74,74,74],"card_choices":[{"not_picked":["Conserve Battery","Double Energy"],"picked":"Ball Lightning","floor":1.0},{"not_picked":["Hologram","Skim"],"picked":"Steam","floor":2.0},{"not_picked":["Streamline","Skim"],"picked":"Cold Snap","floor":3.0},{"not_picked":["Ball Lightning","Double Energy"],"picked":"Defragment","floor":7.0},{"not_picked":["Storm","Streamline"],"picked":"Sweeping Beam","floor":11.0},{"not_picked":["Reboot","Rebound"],"picked":"Stack","floor":13.0},{"not_picked":["Fusion","Heatsinks"],"picked":"Hologram","floor":14.0},{"not_picked":["Fission","Rainbow"],"picked":"Hyperbeam","floor":16.0},{"not_picked":["Sweeping Beam","Beam Cell"],"picked":"Lockon","floor":18.0},{"not_picked":["Scrape","Ball Lightning"],"picked":"Undo","floor":19.0},{"not_picked":["Doom and Gloom","Gash"],"picked":"Hello World","floor":21.0},{"not_picked":["BootSequence","Gash"],"picked":"Hologram+1","floor":24.0},{"not_picked":["Compile Driver","Storm"],"picked":"Go for the Eyes+1","floor":27.0},{"not_picked":["Rip and Tear","Sweeping Beam","Leap"],"picked":"SKIP","floor":29.0},{"not_picked":["Conserve Battery","Buffer"],"picked":"Capacitor","floor":31.0},{"not_picked":["Creative AI","Biased Cognition"],"picked":"Echo Form","floor":33.0},{"not_picked":["Go for the Eyes+1","Streamline+1"],"picked":"Cold Snap","floor":35.0},{"not_picked":["Rip and Tear+1","Compile Driver","Tempest"],"picked":"SKIP","floor":36.0},{"not_picked":["Discovery","Sadistic Nature"],"picked":"Master of Strategy","floor":38.0},{"not_picked":["Secret Weapon","HandOfGreed"],"picked":"Magnetism","floor":38.0},{"not_picked":["Rebound","Stack"],"picked":"Glacier","floor":40.0},{"not_picked":["Conserve Battery","White Noise"],"picked":"Electrodynamics","floor":42.0},{"not_picked":["Rip and Tear","Gash"],"picked":"Stack+1","floor":46.0},{"not_picked":["Gash","White Noise"],"picked":"Leap+1","floor":47.0},{"not_picked":["Reboot","Turbo","Blizzard"],"picked":"SKIP","floor":48.0},{"not_picked":["Ball Lightning","Conserve Battery","Machine Learning"],"picked":"SKIP","floor":55.0}],"player_experience":1044424,"relics_obtained":[{"floor":7.0,"key":"Regal Pillow"},{"floor":9.0,"key":"Juzu Bracelet"},{"floor":11.0,"key":"Bag of Preparation"},{"floor":12.0,"key":"War Paint"},{"floor":13.0,"key":"Bottled Tornado"},{"floor":24.0,"key":"Symbiotic Virus"},{"floor":26.0,"key":"Ancient Tea Set"},{"floor":40.0,"key":"Strawberry"},{"floor":42.0,"key":"Whetstone"},{"floor":48.0,"key":"Cables"},{"floor":55.0,"key":"Bottled Lightning"}],"event_choices":[{"cards_removed":["Strike_B"],"damage_healed":0.0,"max_hp_gain":0.0,"max_hp_loss":0.0,"gold_gain":0.0,"event_name":"Golden Wing","player_choice":"Card Removal","floor":5.0,"gold_loss":0.0,"damage_taken":7.0},{"damage_healed":0.0,"max_hp_gain":0.0,"max_hp_loss":0.0,"gold_gain":50.0,"event_name":"Nest","player_choice":"Stole From Cult","floor":20.0,"gold_loss":0.0,"damage_taken":0.0},{"damage_healed":0.0,"max_hp_gain":0.0,"max_hp_loss":0.0,"gold_gain":0.0,"event_name":"WeMeetAgain","player_choice":"Paid Gold","floor":22.0,"gold_loss":67.0,"damage_taken":0.0,"relics_obtained":["Anchor"]},{"damage_healed":0.0,"max_hp_gain":0.0,"max_hp_loss":0.0,"gold_gain":0.0,"event_name":"Match and Keep!","player_choice":"1 cards matched","floor":37.0,"gold_loss":0.0,"damage_taken":0.0,"cards_obtained":["Conserve Battery"]},{"damage_healed":0.0,"max_hp_gain":0.0,"max_hp_loss":0.0,"gold_gain":0.0,"event_name":"SensoryStone","player_choice":"Memory 3","floor":38.0,"gold_loss":0.0,"damage_taken":10.0},{"damage_healed":0.0,"max_hp_gain":0.0,"max_hp_loss":4.0,"gold_gain":0.0,"event_name":"Winding Halls","player_choice":"Max HP","floor":45.0,"gold_loss":0.0,"damage_taken":0.0}],"is_beta":false,"boss_relics":[{"not_picked":["White Beast Statue","Empty Cage"],"picked":"Velvet Choker"},{"not_picked":["Eternal Feather","Pandora\u0027s Box"],"picked":"Fusion Hammer"}],"items_purged_floors":[39],"is_endless":false,"potions_floor_spawned":[3,14,16,24,27,29,33,40,42,48,55],"killed_by":"The Heart","ascension_level":20}