{"gold_per_floor":[115,129,129,59,69,69,82,102,126,160,130,130,164,181,181,260,260,274,49,46,62,81,81,81,81,158,158,158,18,35,35,35,106,106,117,217,235,235,11,11,11,28,79,79,98,115,15,15,15,15],"floor_reached":51,"playtime":7362,"items_purged":["Strike_G","Strike_G"],"score":1106,"play_id":"9249797c-9831-4eef-a9c0-ab62f51d366d","local_time":"20190122174420","is_ascension_mode":true,"campfire_choices":[{"data":"Endless Agony","floor":6.0,"key":"SMITH"},{"data":"Neutralize","floor":12.0,"key":"SMITH"},{"data":"Footwork","floor":15.0,"key":"SMITH"},{"floor":23.0,"key":"REST"},{"floor":27.0,"key":"REST"},{"floor":32.0,"key":"REST"},{"floor":40.0,"key":"REST"},{"floor":44.0,"key":"REST"},{"floor":49.0,"key":"REST"}],"neow_cost":"TEN_PERCENT_HP_LOSS","seed_source_timestamp":303937749450324,"circlet_count":0,"master_deck":["AscendersBane","Defend_G","Defend_G","Defend_G","Defend_G","Defend_G","Strike_G+1","Strike_G+1","Survivor","Neutralize+1","Endless Agony+1","Footwork+1","Endless Agony+1","Sucker Punch","PiercingWail","Well Laid Plans","Acrobatics","Night Terror","Dodge and Roll+1","Expertise","Dodge and Roll","Finisher","Footwork","Noxious Fumes+1","Grand Finale","Deflect+1","Caltrops","Dodge and Roll+1"],"special_seed":0,"relics":["Ring of the Snake","StoneCalendar","Bag of Preparation","Whetstone","Juzu Bracelet","Fusion Hammer","Pen Nib","Nilry\u0027s Codex","Pantograph","Sozu","Unceasing Top","Oddly Smooth Stone","Question Card","PreservedInsect"],"potions_floor_usage":[50],"damage_taken":[{"damage":0.0,"enemies":"Cultist","floor":1.0,"turns":5.0},{"damage":0.0,"enemies":"Jaw Worm","floor":2.0,"turns":4.0},{"damage":0.0,"enemies":"2 Louse","floor":5.0,"turns":3.0},{"damage":0.0,"enemies":"Exordium Wildlife","floor":7.0,"turns":4.0},{"damage":0.0,"enemies":"Blue Slaver","floor":8.0,"turns":5.0},{"damage":16.0,"enemies":"Lagavulin","floor":10.0,"turns":7.0},{"damage":9.0,"enemies":"3 Sentries","floor":13.0,"turns":7.0},{"damage":13.0,"enemies":"Large Slime","floor":14.0,"turns":6.0},{"damage":15.0,"enemies":"Hexaghost","floor":16.0,"turns":10.0},{"damage":2.0,"enemies":"Spheric Guardian","floor":18.0,"turns":6.0},{"damage":0.0,"enemies":"2 Thieves","floor":20.0,"turns":4.0},{"damage":9.0,"enemies":"Cultist and Chosen","floor":21.0,"turns":7.0},{"damage":0.0,"enemies":"Snake Plant","floor":22.0,"turns":7.0},{"damage":32.0,"enemies":"Colosseum Slavers","floor":28.0,"turns":5.0},{"damage":0.0,"enemies":"Centurion and Healer","floor":30.0,"turns":13.0},{"damage":49.0,"enemies":"Champ","floor":33.0,"turns":19.0},{"damage":14.0,"enemies":"Orb Walker","floor":35.0,"turns":6.0},{"damage":0.0,"enemies":"Mind Bloom Boss Battle","floor":36.0,"turns":7.0},{"damage":11.0,"enemies":"3 Darklings","floor":37.0,"turns":7.0},{"damage":31.0,"enemies":"Sphere and 2 Shapes","floor":42.0,"turns":4.0},{"damage":12.0,"enemies":"Jaw Worm Horde","floor":45.0,"turns":4.0},{"damage":3.0,"enemies":"3 Darklings","floor":46.0,"turns":6.0},{"damage":37,"enemies":"Time Eater","floor":50,"turns":13}],"seed_played":"-8712648637333454708","potions_obtained":[{"floor":5.0,"key":"SpeedPotion"},{"floor":8.0,"key":"Poison Potion"},{"floor":11.0,"key":"Strength Potion"},{"floor":11.0,"key":"Energy Potion"},{"floor":14.0,"key":"GhostInAJar"},{"floor":18.0,"key":"Poison Potion"},{"floor":21.0,"key":"AttackPotion"},{"floor":30.0,"key":"LiquidBronze"}],"is_trial":false,"path_per_floor":["M","M","?","$","M","R","M","M","T","E","?","R","E","M","R","B",null,"M","$","M","M","M","R","?","?","T","R","?","$","M","$","R","B",null,"M","?","M","?","$","R","T","M","T","R","M","M","$","?","R","B",null],"character_chosen":"THE_SILENT","items_purchased":["Endless Agony","Pen Nib","Finisher","Footwork","Caltrops","Oddly Smooth Stone"],"campfire_rested":6,"item_purchase_floors":[4,19,29,29,39,39],"current_hp_per_floor":[59,59,59,59,59,59,59,59,59,43,43,43,34,21,21,6,47,45,45,45,36,36,54,54,33,33,51,19,19,19,19,37,11,48,34,59,48,48,48,60,60,29,29,47,35,32,32,32,50,23],"gold":15,"neow_bonus":"ONE_RARE_RELIC","is_prod":false,"is_daily":false,"chose_seed":false,"campfire_upgraded":3,"win_rate":0,"timestamp":1548197060,"path_taken":["M","M","?","?","M","R","M","M","T","E","?","R","E","M","R","BOSS","M","$","M","M","M","R","?","?","T","R","?","?","M","$","R","BOSS","M","?","M","?","$","R","?","M","T","R","M","M","$","?","R","BOSS"],"build_version":"2019-01-17v2","purchased_purges":2,"victory":true,"max_hp_per_floor":[60,60,60,60,60,60,60,60,60,60,60,60,60,60,60,60,60,60,60,60,60,60,60,60,60,60,60,60,60,60,60,60,60,60,60,60,60,60,60,60,60,60,60,60,60,60,60,60,60,60],"card_choices":[{"not_picked":["Deflect","Blade Dance"],"picked":"Endless Agony","floor":1.0},{"not_picked":["Deflect","Outmaneuver"],"picked":"Footwork","floor":2.0},{"not_picked":["Escape Plan","Underhanded Strike"],"picked":"Sucker Punch","floor":5.0},{"not_picked":["Bane","Dagger Throw"],"picked":"PiercingWail","floor":7.0},{"not_picked":["Endless Agony","Flying Knee"],"picked":"Well Laid Plans","floor":8.0},{"not_picked":["Riddle With Holes","Underhanded Strike","PiercingWail"],"picked":"SKIP","floor":10.0},{"not_picked":["Envenom","Prepared"],"picked":"Acrobatics","floor":13.0},{"not_picked":["Slice","Prepared","PiercingWail"],"picked":"SKIP","floor":14.0},{"not_picked":["Venomology","Adrenaline"],"picked":"Night Terror","floor":16.0},{"not_picked":["Setup","Outmaneuver","Deadly Poison"],"picked":"SKIP","floor":18.0},{"not_picked":["Distraction","Quick Slash+1"],"picked":"Dodge and Roll+1","floor":20.0},{"not_picked":["Sucker Punch","PiercingWail"],"picked":"Expertise","floor":21.0},{"not_picked":["Eviscerate","Sucker Punch"],"picked":"Dodge and Roll","floor":22.0},{"not_picked":["Flying Knee","Reflex"],"picked":"Noxious Fumes+1","floor":30.0},{"not_picked":["Envenom","Corpse Explosion"],"picked":"Grand Finale","floor":33.0},{"not_picked":["Bane","Dagger Throw+1","Outmaneuver+1"],"picked":"SKIP","floor":35.0},{"not_picked":["Dagger Spray+1","Heel Hook"],"picked":"Deflect+1","floor":37.0},{"not_picked":["Predator","Calculated Gamble","Choke+1"],"picked":"Dodge and Roll+1","floor":42.0},{"not_picked":["Eviscerate","All Out Attack","Prepared","Bane"],"picked":"SKIP","floor":45.0},{"not_picked":["Slice+1","Dagger Spray","Tactician","Dodge and Roll"],"picked":"SKIP","floor":46.0}],"player_experience":550704,"relics_obtained":[{"floor":9.0,"key":"Bag of Preparation"},{"floor":10.0,"key":"Whetstone"},{"floor":13.0,"key":"Juzu Bracelet"},{"floor":25.0,"key":"Nilry\u0027s Codex"},{"floor":26.0,"key":"Pantograph"},{"floor":36.0,"key":"Unceasing Top"},{"floor":41.0,"key":"Question Card"},{"floor":43.0,"key":"PreservedInsect"}],"event_choices":[{"damage_healed":0.0,"max_hp_gain":0.0,"max_hp_loss":0.0,"gold_gain":0.0,"event_name":"Upgrade Shrine","player_choice":"Upgraded","floor":3.0,"gold_loss":0.0,"damage_taken":0.0,"cards_upgraded":["Endless Agony"]},{"damage_healed":0.0,"max_hp_gain":0.0,"max_hp_loss":0.0,"gold_gain":0.0,"event_name":"The Woman in Blue","player_choice":"Bought 2 Potions","floor":11.0,"gold_loss":0.0,"damage_taken":0.0},{"damage_healed":0.0,"max_hp_gain":0.0,"max_hp_loss":0.0,"gold_gain":0.0,"event_name":"Ghosts","player_choice":"Ignored","floor":24.0,"gold_loss":0.0,"damage_taken":0.0},{"damage_healed":0.0,"max_hp_gain":0.0,"max_hp_loss":0.0,"gold_gain":0.0,"event_name":"Cursed Tome","player_choice":"Obtained Book","floor":25.0,"gold_loss":0.0,"damage_taken":21.0},{"damage_healed":0.0,"max_hp_gain":0.0,"max_hp_loss":0.0,"gold_gain":0.0,"event_name":"Colosseum","player_choice":"Fight","floor":28.0,"gold_loss":0.0,"damage_taken":0.0},{"damage_healed":0.0,"max_hp_gain":0.0,"max_hp_loss":0.0,"gold_gain":0.0,"event_name":"Colosseum","player_choice":"Fled From Nobs","floor":28.0,"gold_loss":0.0,"damage_taken":0.0},{"damage_healed":0.0,"max_hp_gain":0.0,"max_hp_loss":0.0,"gold_gain":0.0,"event_name":"MindBloom","player_choice":"Fight","floor":36.0,"gold_loss":0.0,"damage_taken":0.0},{"damage_healed":0.0,"max_hp_gain":0.0,"max_hp_loss":0.0,"gold_gain":0.0,"event_name":"Tomb of Lord Red Mask","player_choice":"Ignored","floor":38.0,"gold_loss":0.0,"damage_taken":0.0},{"cards_removed":["Strike_G"],"damage_healed":0.0,"max_hp_gain":0.0,"max_hp_loss":0.0,"gold_gain":0.0,"event_name":"Falling","player_choice":"Removed Attack","floor":48.0,"gold_loss":0.0,"damage_taken":0.0}],"is_beta":false,"boss_relics":[{"not_picked":["HoveringKite","Runic Pyramid"],"picked":"Fusion Hammer"},{"not_picked":["Cursed Key","Coffee Dripper"],"picked":"Sozu"}],"items_purged_floors":[19,47],"is_endless":false,"potions_floor_spawned":[5,8,13,14,18,21,30,36,46],"ascension_level":15}