{"gold_per_floor":[110,110,110,133,62,62,105,105,105,124,162,112,125,125],"floor_reached":14,"playtime":468,"items_purged":[],"score":103,"play_id":"a88aab7f-46d3-44b6-a212-147d4f22e42c","local_time":"20180721223926","is_ascension_mode":true,"campfire_choices":[{"data":"Sunder","floor":6,"key":"SMITH"},{"data":"Defend_B","floor":8,"key":"SMITH"}],"neow_cost":"","seed_source_timestamp":254489557727106,"circlet_count":0,"master_deck":["Strike_B","Strike_B","Strike_B","Defend_B","Defend_B","Defend_B","Defend_B+1","Zap","Dualcast","BootSequence","Sunder+1","Creative AI","BootSequence","Sunder","Tempest+1"],"special_seed":0,"relics":["Cracked Core","Golden Idol","NlothsMask","Ancient Tea Set","Toxic Egg 2"],"potions_floor_usage":[11,14],"damage_taken":[{"damage":3,"enemies":"Jaw Worm","floor":1,"turns":3},{"damage":1,"enemies":"2 Louse","floor":4,"turns":2},{"damage":24,"enemies":"Lagavulin","floor":7,"turns":6},{"damage":0,"enemies":"Cultist","floor":10,"turns":3},{"damage":14,"enemies":"Gremlin Nob","floor":11,"turns":3},{"damage":0,"enemies":"Large Slime","floor":13,"turns":3},{"damage":24,"enemies":"Lagavulin","floor":14,"turns":3}],"seed_played":"1381881422129772357","potions_obtained":[{"floor":1,"key":"Fire Potion"},{"floor":4,"key":"Swift Potion"},{"floor":10,"key":"EssenceOfSteel"}],"is_trial":false,"path_per_floor":["M","?","?","M","$","R","E","R","T","M","E","?","M"],"character_chosen":"DEFECT","items_purchased":["Sunder"],"campfire_rested":0,"item_purchase_floors":[5],"current_hp_per_floor":[72,54,54,53,53,53,29,29,29,29,15,15,15,0],"gold":125,"neow_bonus":"","is_prod":false,"is_daily":false,"chose_seed":false,"campfire_upgraded":2,"win_rate":0,"timestamp":1532227166,"path_taken":["M","?","?","M","$","R","E","R","T","M","E","?","M","E"],"build_version":"2018-07-19v2","purchased_purges":0,"victory":false,"max_hp_per_floor":[75,75,75,75,75,75,75,75,75,75,75,75,75,75],"card_choices":[{"not_picked":["Hello World","Undo","Skim"],"picked":"SKIP","floor":1},{"not_picked":["Barrage","Ball Lightning"],"picked":"BootSequence","floor":4},{"not_picked":["Ball Lightning","Barrage"],"picked":"Creative AI","floor":7},{"not_picked":["Leap","Hologram"],"picked":"BootSequence","floor":10},{"not_picked":["Ball Lightning","Redo"],"picked":"Sunder","floor":11},{"not_picked":["Stack+1","Steam+1"],"picked":"Tempest+1","floor":13}],"player_experience":113844,"relics_obtained":[{"floor":7,"key":"Ancient Tea Set"},{"floor":11,"key":"Toxic Egg 2"}],"event_choices":[{"event_name":"Golden Idol","player_choice":"Take Damage","floor":2,"damage_taken":0},{"event_name":"FaceTrader","player_choice":"Trade","floor":3,"damage_taken":0},{"event_name":"The Cleric","player_choice":"Card Removal","floor":12,"damage_taken":0}],"is_beta":false,"boss_relics":[],"items_purged_floors":[],"is_endless":false,"potions_floor_spawned":[1,4,10],"killed_by":"Lagavulin","ascension_level":1}