{"gold_per_floor":[115,130,146,166,177,177,204,221,247,247,263,274,291,316,316,316],"floor_reached":16,"playtime":635,"items_purged":[],"score":236,"play_id":"49bc17aa-ca15-491d-8315-dbb9848c6025","local_time":"20190318153612","is_ascension_mode":true,"campfire_choices":[{"data":"Perfected Strike","floor":6,"key":"SMITH"},{"floor":15,"key":"REST"}],"neow_cost":"NONE","seed_source_timestamp":339931589744782,"circlet_count":0,"master_deck":["AscendersBane","Strike_R","Strike_R","Strike_R","Strike_R","Strike_R","Defend_R","Defend_R","Defend_R","Defend_R","Bash","Cleave","Wild Strike","Perfected Strike+1","Whirlwind","Perfected Strike","Pommel Strike","Perfected Strike","Armaments","Anger"],"relics":["Burning Blood","Sundial","Bag of Preparation","The Courier"],"potions_floor_usage":[14,14],"damage_taken":[{"damage":12,"enemies":"2 Louse","floor":1,"turns":4},{"damage":2,"enemies":"Jaw Worm","floor":2,"turns":5},{"damage":10,"enemies":"Small Slimes","floor":3,"turns":3},{"damage":20,"enemies":"Exordium Thugs","floor":4,"turns":4},{"damage":13,"enemies":"Gremlin Gang","floor":5,"turns":4},{"damage":30,"enemies":"3 Sentries","floor":7,"turns":7},{"damage":6,"enemies":"Exordium Wildlife","floor":8,"turns":2},{"damage":0,"enemies":"3 Louse","floor":11,"turns":2},{"damage":9,"enemies":"Red Slaver","floor":12,"turns":2},{"damage":8,"enemies":"2 Fungi Beasts","floor":13,"turns":3},{"damage":15,"enemies":"Lagavulin","floor":14,"turns":5},{"damage":43,"enemies":"The Guardian","floor":16,"turns":8}],"seed_played":"-6533555033622708408","potions_obtained":[{"floor":5,"key":"Weak Potion"},{"floor":7,"key":"SpeedPotion"},{"floor":12,"key":"Strength Potion"}],"is_trial":false,"path_per_floor":["M","M","M","M","M","R","E","M","T","?","M","M","M","E","R","B"],"character_chosen":"IRONCLAD","items_purchased":[],"campfire_rested":1,"item_purchase_floors":[],"current_hp_per_floor":[69,73,69,55,48,48,24,24,24,24,30,27,25,16,40,0],"gold":316,"neow_bonus":"TEN_PERCENT_HP_BONUS","is_prod":false,"is_daily":false,"chose_seed":false,"campfire_upgraded":1,"win_rate":0,"timestamp":1552937772,"path_taken":["M","M","M","M","M","R","E","M","T","?","M","M","M","E","R","BOSS"],"build_version":"2019-01-23","purchased_purges":0,"victory":false,"max_hp_per_floor":[82,82,82,82,82,82,82,82,82,82,82,82,82,82,82,82],"card_choices":[{"not_picked":["Heavy Blade","Flex"],"picked":"Cleave","floor":1},{"not_picked":["Sentinel","Heavy Blade","Havoc"],"picked":"SKIP","floor":2},{"not_picked":["Feel No Pain","Twin Strike"],"picked":"Wild Strike","floor":3},{"not_picked":["Metallicize","Searing Blow"],"picked":"Perfected Strike","floor":4},{"not_picked":["Thunderclap","Ghostly Armor"],"picked":"Whirlwind","floor":5},{"not_picked":["Barricade","Wild Strike"],"picked":"Perfected Strike","floor":7},{"not_picked":["Whirlwind","Warcry"],"picked":"Pommel Strike","floor":8},{"not_picked":["Flex","Shrug It Off"],"picked":"Perfected Strike","floor":11},{"not_picked":["Clash","Flex","Searing Blow"],"picked":"SKIP","floor":12},{"not_picked":["Sword Boomerang","Heavy Blade"],"picked":"Armaments","floor":13},{"not_picked":["Sword Boomerang","Reaper"],"picked":"Anger","floor":14}],"player_experience":846520,"relics_obtained":[{"floor":7,"key":"Sundial"},{"floor":9,"key":"Bag of Preparation"},{"floor":14,"key":"The Courier"}],"event_choices":[{"damage_healed":0,"gold_gain":0,"player_choice":"Ignored","damage_taken":0,"max_hp_gain":0,"max_hp_loss":0,"event_name":"Liars Game","floor":10,"gold_loss":0}],"is_beta":false,"boss_relics":[],"items_purged_floors":[],"is_endless":false,"potions_floor_spawned":[5,7,8,12,13],"killed_by":"The Guardian","ascension_level":20}