{"gold_per_floor":[364,384,397,67,80,80,109,135,188,201,213,230,230,260,260,355,355,370,280,299,56,67,67,101,101,101,114,114,130,149,24,24,120,120,133,153,153,166,177,177,193,193,216,14,14,27,46,46,46,46],"floor_reached":51,"playtime":4192,"items_purged":["Strike_R","Strike_R","Strike_R","Strike_R"],"score":990,"play_id":"1bf909f1-b31c-4dbe-b99d-75a2dd116bfb","local_time":"20190504092737","is_ascension_mode":true,"campfire_choices":[{"data":"Armaments","floor":6.0,"key":"SMITH"},{"data":"Searing Blow","floor":13.0,"key":"SMITH"},{"data":"Searing Blow+1","floor":15.0,"key":"SMITH"},{"data":"Searing Blow+2","floor":23.0,"key":"SMITH"},{"data":"Searing Blow+3","floor":25.0,"key":"SMITH"},{"data":"Searing Blow+4","floor":28.0,"key":"SMITH"},{"data":"Searing Blow+5","floor":32.0,"key":"SMITH"},{"data":"Searing Blow+6","floor":40.0,"key":"SMITH"},{"data":"Searing Blow+7","floor":42.0,"key":"SMITH"},{"data":"Searing Blow+9","floor":49,"key":"SMITH"}],"neow_cost":"TEN_PERCENT_HP_LOSS","seed_source_timestamp":0,"circlet_count":0,"master_deck":["AscendersBane","Defend_R","Defend_R","Defend_R","Defend_R","Bash","Battle Trance+1","True Grit","Searing Blow+10","Shrug It Off","Armaments+1","Metallicize","Shrug It Off","Shrug It Off","Offering","Armaments+1","Seeing Red","Battle Trance","Barricade","Evolve+1","Madness","Madness","Intimidate+1","Burning Pact+1"],"special_seed":0,"relics":["Black Blood","HandDrill","Pen Nib","Oddly Smooth Stone","Potion Belt","Anchor","Centennial Puzzle","Paper Frog","Mango","Mark of Pain","Bag of Preparation"],"potions_floor_usage":[50,50],"damage_taken":[{"damage":1.0,"enemies":"Cultist","floor":1.0,"turns":4.0},{"damage":1.0,"enemies":"Jaw Worm","floor":2.0,"turns":5.0},{"damage":10.0,"enemies":"Small Slimes","floor":3.0,"turns":7.0},{"damage":16.0,"enemies":"Gremlin Gang","floor":5.0,"turns":8.0},{"damage":8.0,"enemies":"Lagavulin","floor":7.0,"turns":7.0},{"damage":0.0,"enemies":"3 Louse","floor":10.0,"turns":6.0},{"damage":2.0,"enemies":"Looter","floor":11.0,"turns":5.0},{"damage":9.0,"enemies":"Large Slime","floor":12.0,"turns":17.0},{"damage":2.0,"enemies":"3 Sentries","floor":14.0,"turns":9.0},{"damage":9.0,"enemies":"The Guardian","floor":16.0,"turns":15.0},{"damage":3.0,"enemies":"Shell Parasite","floor":18.0,"turns":11.0},{"damage":36.0,"enemies":"3 Byrds","floor":20.0,"turns":11.0},{"damage":5.0,"enemies":"Snake Plant","floor":22.0,"turns":9.0},{"damage":9.0,"enemies":"Book of Stabbing","floor":24.0,"turns":9.0},{"damage":33.0,"enemies":"3 Cultists","floor":27.0,"turns":8.0},{"damage":6.0,"enemies":"Centurion and Healer","floor":29.0,"turns":5.0},{"damage":6.0,"enemies":"Snake Plant","floor":30.0,"turns":3.0},{"damage":21.0,"enemies":"Champ","floor":33.0,"turns":10.0},{"damage":1.0,"enemies":"Orb Walker","floor":35.0,"turns":5.0},{"damage":6.0,"enemies":"3 Shapes","floor":36.0,"turns":5.0},{"damage":6.0,"enemies":"Jaw Worm Horde","floor":38.0,"turns":6.0},{"damage":6.0,"enemies":"Writhing Mass","floor":39.0,"turns":3.0},{"damage":6.0,"enemies":"3 Darklings","floor":41.0,"turns":14.0},{"damage":6.0,"enemies":"Maw","floor":46.0,"turns":7.0},{"damage":6.0,"enemies":"Spire Growth","floor":47.0,"turns":4.0},{"damage":23,"enemies":"Time Eater","floor":50,"turns":10}],"seed_played":"1678016995623585366","potions_obtained":[{"floor":1.0,"key":"Strength Potion"},{"floor":2.0,"key":"EssenceOfSteel"},{"floor":5.0,"key":"LiquidBronze"},{"floor":11.0,"key":"SkillPotion"},{"floor":12.0,"key":"SpeedPotion"},{"floor":16.0,"key":"EssenceOfSteel"},{"floor":22.0,"key":"Poison Potion"},{"floor":27.0,"key":"Explosive Potion"},{"floor":30.0,"key":"Energy Potion"},{"floor":35.0,"key":"Weak Potion"},{"floor":39.0,"key":"BloodPotion"},{"floor":41.0,"key":"FairyPotion"}],"is_trial":false,"path_per_floor":["M","M","M","$","M","R","E","T","T","M","M","M","R","E","R","B",null,"M","?","M","$","M","R","E","R","T","M","R","M","M","$","R","B",null,"M","M","?","M","M","R","M","R","T","$","?","M","M","?","R","B",null],"character_chosen":"IRONCLAD","items_purchased":["HandDrill","Shrug It Off","Centennial Puzzle","Explosive Potion"],"campfire_rested":0,"item_purchase_floors":[4,4,21,44],"current_hp_per_floor":[72,72,68,68,58,58,56,56,56,62,66,63,63,67,67,64,70,72,72,46,46,51,51,52,52,66,43,43,47,51,51,51,40,75,84,86,75,79,83,83,86,86,86,86,86,86,86,86,86,81],"gold":46,"neow_bonus":"TWO_FIFTY_GOLD","is_prod":false,"is_daily":false,"chose_seed":false,"campfire_upgraded":10,"win_rate":0,"timestamp":1556987257,"path_taken":["M","M","M","$","M","R","E","?","T","M","M","M","R","E","R","BOSS","M","?","M","$","M","R","E","R","T","M","R","M","M","$","R","BOSS","M","M","?","M","M","R","M","R","T","$","?","?","M","?","R","BOSS"],"build_version":"2019-01-23","purchased_purges":4,"victory":true,"max_hp_per_floor":[72,72,72,72,72,72,72,72,72,72,72,72,72,72,72,72,72,72,72,72,72,72,72,72,72,86,86,86,86,86,86,86,86,86,86,86,86,86,86,86,86,86,86,86,86,86,86,86,86,86],"card_choices":[{"not_picked":["Infernal Blade","Metallicize"],"picked":"Battle Trance","floor":1.0},{"not_picked":["Pummel","Sever Soul"],"picked":"True Grit","floor":2.0},{"not_picked":["Flex","Inflame"],"picked":"Searing Blow","floor":3.0},{"not_picked":["Dual Wield","Anger"],"picked":"Armaments","floor":5.0},{"not_picked":["Entrench","Armaments","Pommel Strike"],"picked":"SKIP","floor":7.0},{"not_picked":["Sentinel","Twin Strike"],"picked":"Metallicize","floor":10.0},{"not_picked":["Sentinel","Flex","Uppercut"],"picked":"SKIP","floor":11.0},{"not_picked":["Heavy Blade","Limit Break"],"picked":"Shrug It Off","floor":12.0},{"not_picked":["Iron Wave","Second Wind"],"picked":"Shrug It Off","floor":14.0},{"not_picked":["Berserk","Feed"],"picked":"Offering","floor":16.0},{"not_picked":["Whirlwind","Headbutt+1"],"picked":"Armaments+1","floor":18.0},{"not_picked":["Rampage","Perfected Strike","Body Slam"],"picked":"SKIP","floor":20.0},{"not_picked":["Wild Strike","Perfected Strike"],"picked":"Seeing Red","floor":22.0},{"not_picked":["Wild Strike+1","Armaments"],"picked":"Battle Trance","floor":24.0},{"not_picked":["Twin Strike","Body Slam+1","Fire Breathing+1"],"picked":"SKIP","floor":27.0},{"not_picked":["Havoc","Infernal Blade+1","Pommel Strike"],"picked":"SKIP","floor":29.0},{"not_picked":["Flex","Spot Weakness","Warcry"],"picked":"SKIP","floor":30.0},{"not_picked":["Impervious","Fiend Fire"],"picked":"Barricade","floor":33.0},{"not_picked":["Dropkick","Infernal Blade+1"],"picked":"Evolve+1","floor":35.0},{"not_picked":["Pommel Strike","Body Slam","Clothesline"],"picked":"SKIP","floor":36.0},{"not_picked":["Havoc","Twin Strike+1","Anger"],"picked":"SKIP","floor":38.0},{"not_picked":["Rupture+1","Clothesline"],"picked":"Intimidate+1","floor":39.0},{"not_picked":["True Grit","Headbutt","Disarm"],"picked":"SKIP","floor":41.0},{"not_picked":["Sword Boomerang+1","Second Wind","Cleave+1"],"picked":"SKIP","floor":46.0},{"not_picked":["Twin Strike+1","Shrug It Off"],"picked":"Burning Pact+1","floor":47.0}],"player_experience":376994,"relics_obtained":[{"floor":7.0,"key":"Pen Nib"},{"floor":8.0,"key":"Oddly Smooth Stone"},{"floor":9.0,"key":"Potion Belt"},{"floor":14.0,"key":"Anchor"},{"floor":24.0,"key":"Paper Frog"},{"floor":26.0,"key":"Mango"},{"floor":43.0,"key":"Bag of Preparation"}],"event_choices":[{"cards_removed":["Strike_R"],"damage_healed":0.0,"max_hp_gain":0.0,"max_hp_loss":0.0,"gold_gain":0.0,"event_name":"Designer","player_choice":"Upgrade and Remove","floor":19.0,"gold_loss":90.0,"damage_taken":0.0,"cards_upgraded":["Battle Trance"]},{"damage_healed":0.0,"max_hp_gain":0.0,"max_hp_loss":0.0,"gold_gain":0.0,"event_name":"Winding Halls","player_choice":"Embrace Madness","floor":37.0,"gold_loss":0.0,"damage_taken":11.0,"cards_obtained":["Madness","Madness"]},{"damage_healed":0.0,"max_hp_gain":0.0,"max_hp_loss":0.0,"gold_gain":0.0,"event_name":"Accursed Blacksmith","player_choice":"Forge","floor":45.0,"gold_loss":0.0,"damage_taken":0.0,"cards_upgraded":["Searing Blow"]},{"damage_healed":0,"gold_gain":0,"player_choice":"Ignored","damage_taken":0,"max_hp_gain":0,"max_hp_loss":0,"event_name":"Mysterious Sphere","floor":48,"gold_loss":0}],"is_beta":false,"boss_relics":[{"not_picked":["Coffee Dripper","Eternal Feather"],"picked":"Black Blood"},{"not_picked":["Philosopher\u0027s Stone","Pandora\u0027s Box"],"picked":"Mark of Pain"}],"items_purged_floors":[4,21,31,44],"is_endless":false,"potions_floor_spawned":[1,2,5,11,12,16,22,27,30,35,39,41],"ascension_level":10}