{"gold_per_floor":[368,368,383,401,401,401,433,433,433,463,19,19,38,66,66,165,165,183,203,203,203,213,213,138,138],"floor_reached":25,"playtime":649,"items_purged":[],"score":199,"play_id":"2df9b490-30d3-441a-9fbf-1f41c44ac39c","local_time":"20180909162017","is_ascension_mode":false,"campfire_choices":[{"floor":6,"key":"REST"},{"data":"Shrug It Off","floor":12,"key":"SMITH"},{"data":"Demon Form","floor":15,"key":"SMITH"},{"floor":23,"key":"REST"}],"neow_cost":"PERCENT_DAMAGE","seed_source_timestamp":1848201894711463,"circlet_count":0,"master_deck":["Strike_R","Strike_R","Strike_R","Strike_R+1","Strike_R","Defend_R","Defend_R","Defend_R","Defend_R","Bash+1","Clash+1","Iron Wave","Body Slam","Shrug It Off+1","Searing Blow+1","Demon Form+1","Impervious","Heavy Blade+1","Cleave+1","Cleave+1"],"relics":["Burning Blood","Juzu Bracelet","Self Forming Clay","Molten Egg 2","Ornamental Fan","Lee\u0027s Waffle","Paper Frog","Odd Mushroom","Philosopher\u0027s Stone"],"potions_floor_usage":[7,19,19],"damage_taken":[{"damage":14,"enemies":"Jaw Worm","floor":1,"turns":4},{"damage":0,"enemies":"Cultist","floor":3,"turns":3},{"damage":0,"enemies":"Small Slimes","floor":4,"turns":3},{"damage":35,"enemies":"3 Sentries","floor":7,"turns":7},{"damage":0,"enemies":"3 Louse","floor":13,"turns":3},{"damage":21,"enemies":"The Mushroom Lair","floor":14,"turns":4},{"damage":48,"enemies":"Hexaghost","floor":16,"turns":8},{"damage":20,"enemies":"Spheric Guardian","floor":18,"turns":4},{"damage":51,"enemies":"3 Byrds","floor":19,"turns":6},{"damage":26,"enemies":"Snake Plant","floor":22,"turns":4},{"damage":38,"enemies":"Slavers","floor":25,"turns":2}],"seed_played":"-914924367411762624","potions_obtained":[{"floor":3,"key":"Swift Potion"},{"floor":4,"key":"LiquidBronze"},{"floor":16,"key":"FearPotion"}],"is_trial":false,"path_per_floor":["M","?","M","M","?","R","E","?","T","?","$","R","M","?","R","B",null,"M","M","?","?","M","R","?"],"character_chosen":"IRONCLAD","items_purchased":["Lee\u0027s Waffle","Paper Frog"],"campfire_rested":2,"item_purchase_floors":[11,11],"current_hp_per_floor":[48,48,54,60,44,68,39,27,27,27,87,87,87,72,72,30,87,73,28,28,28,8,34,34,0],"gold":138,"neow_bonus":"TWO_FIFTY_GOLD","is_prod":false,"is_daily":false,"chose_seed":false,"campfire_upgraded":2,"win_rate":0,"timestamp":1536502817,"path_taken":["M","?","M","M","?","R","E","?","T","?","$","R","M","?","R","BOSS","M","M","?","?","M","R","?","E"],"build_version":"2018-09-06","purchased_purges":0,"victory":false,"max_hp_per_floor":[80,80,80,80,80,80,80,80,80,80,87,87,87,87,87,87,87,87,87,87,87,87,87,87,87],"card_choices":[{"not_picked":["Sword Boomerang","Headbutt"],"picked":"Clash","floor":1},{"not_picked":["Rampage","Sword Boomerang"],"picked":"Iron Wave","floor":3},{"not_picked":["Rupture","Havoc"],"picked":"Body Slam","floor":4},{"not_picked":["Spot Weakness","Cleave"],"picked":"Shrug It Off","floor":7},{"not_picked":["Havoc","Dual Wield"],"picked":"Searing Blow+1","floor":13},{"not_picked":["Spot Weakness","Havoc"],"picked":"Demon Form","floor":14},{"not_picked":["Berserk","Juggernaut"],"picked":"Impervious","floor":16},{"not_picked":["Warcry+1","Body Slam+1"],"picked":"Heavy Blade+1","floor":18},{"not_picked":["Sword Boomerang+1","Iron Wave+1"],"picked":"Cleave+1","floor":19},{"not_picked":["Warcry","Anger+1"],"picked":"Cleave+1","floor":22}],"player_experience":239404,"relics_obtained":[{"floor":7,"key":"Juzu Bracelet"},{"floor":9,"key":"Molten Egg 2"},{"floor":14,"key":"Odd Mushroom"}],"event_choices":[{"event_name":"Living Wall","player_choice":"Grow","floor":2,"damage_taken":0},{"event_name":"Shining Light","player_choice":"Entered Light","floor":5,"damage_taken":0},{"event_name":"Scrap Ooze","player_choice":"success","floor":8,"damage_taken":12},{"event_name":"Dead Adventurer","player_choice":"Searched \u00273\u0027 times","floor":10,"damage_taken":0},{"event_name":"Mushrooms","player_choice":"Fought Mushrooms","floor":14,"damage_taken":0},{"event_name":"Ghosts","player_choice":"Ignored","floor":20,"damage_taken":0},{"event_name":"Forgotten Altar","player_choice":"Smashed Altar","floor":21,"damage_taken":0},{"event_name":"Beggar","player_choice":"Gave Gold","floor":24,"damage_taken":0}],"is_beta":false,"boss_relics":[{"not_picked":["Runic Pyramid","White Beast Statue"],"picked":"Philosopher\u0027s Stone"}],"items_purged_floors":[],"is_endless":false,"potions_floor_spawned":[3,4,16],"killed_by":"Slavers","ascension_level":0}