{"gold_per_floor":[111,129,148,207,207,207,241,259,282,20,47,47,47,72,72,202,202,218,15,114,135,148,148,184,7,7,28,28,47,47,61,61,186,186,200,224,224],"floor_reached":37,"playtime":2383,"items_purged":["Strike_B"],"score":618,"play_id":"3998c2f0-8f2d-436f-8f23-32d660818487","local_time":"20181023014622","is_ascension_mode":true,"campfire_choices":[{"floor":6.0,"key":"REST"},{"floor":15.0,"key":"REST"},{"data":"Loop","floor":23.0,"key":"SMITH"},{"floor":28.0,"key":"REST"},{"floor":32.0,"key":"REST"}],"neow_cost":"TEN_PERCENT_HP_LOSS","seed_source_timestamp":1063651755165080,"circlet_count":0,"master_deck":["Strike_B","Strike_B","Defend_B+1","Defend_B","Defend_B","Defend_B","Zap","Dualcast","AscendersBane","Blind+1","Finesse","Melter","Leap+1","Seek+1","White Noise","Cold Snap","Loop+1","Rebound","Injury","Biased Cognition","Chaos","Hello World","Lockon+1","Transmutation","Pain","Compile Driver","Recycle","BootSequence","Amplify","Capacitor","Parasite"],"special_seed":0,"relics":["FrozenCore","DataDisk","Happy Flower","War Paint","Strawberry","Golden Idol","Boot","Cursed Key","ClockworkSouvenir","Oddly Smooth Stone","Ginger"],"potions_floor_usage":[33],"damage_taken":[{"damage":9.0,"enemies":"Jaw Worm","floor":1.0,"turns":3.0},{"damage":0.0,"enemies":"Small Slimes","floor":2.0,"turns":3.0},{"damage":0.0,"enemies":"Cultist","floor":3.0,"turns":4.0},{"damage":9.0,"enemies":"3 Sentries","floor":7.0,"turns":7.0},{"damage":5.0,"enemies":"Exordium Wildlife","floor":8.0,"turns":4.0},{"damage":26.0,"enemies":"Gremlin Nob","floor":11.0,"turns":5.0},{"damage":4.0,"enemies":"The Guardian","floor":16.0,"turns":11.0},{"damage":8.0,"enemies":"Shell Parasite","floor":18.0,"turns":4.0},{"damage":0.0,"enemies":"Spheric Guardian","floor":21.0,"turns":3.0},{"damage":0.0,"enemies":"Centurion and Healer","floor":22.0,"turns":8.0},{"damage":24.0,"enemies":"Book of Stabbing","floor":24.0,"turns":6.0},{"damage":5.0,"enemies":"Shelled Parasite and Fungi","floor":27.0,"turns":5.0},{"damage":1.0,"enemies":"Snake Plant","floor":29.0,"turns":5.0},{"damage":28.0,"enemies":"Cultist and Chosen","floor":31.0,"turns":5.0},{"damage":40,"enemies":"Automaton","floor":33,"turns":14},{"damage":0,"enemies":"Orb Walker","floor":35,"turns":4},{"damage":54,"enemies":"3 Shapes","floor":36,"turns":7},{"damage":34,"enemies":"Writhing Mass","floor":37,"turns":10}],"seed_played":"-7052447834591408404","potions_obtained":[{"floor":2.0,"key":"SpeedPotion"},{"floor":3.0,"key":"Fire Potion"},{"floor":16.0,"key":"Swift Potion"},{"floor":24.0,"key":"FairyPotion"},{"floor":36,"key":"FocusPotion"}],"is_trial":false,"path_per_floor":["M","M","M","?","?","R","E","M","T","$","E","?","?","T","R","B",null,"M","$","?","M","M","R","E","$","T","M","R","M","?","M","R","B",null,"M","M"],"character_chosen":"DEFECT","items_purchased":["War Paint","Loop","ClockworkSouvenir","Transmutation"],"campfire_rested":4,"item_purchase_floors":[10,10,19,25],"current_hp_per_floor":[59,59,59,59,45,65,56,51,51,51,32,32,32,32,54,50,69,61,61,61,61,61,61,37,37,37,32,54,53,53,25,47,7,58,58,4,0],"gold":224,"neow_bonus":"RANDOM_COLORLESS_2","is_prod":false,"is_daily":false,"chose_seed":false,"campfire_upgraded":1,"win_rate":0,"timestamp":1540273582,"path_taken":["M","M","M","?","?","R","E","?","T","$","E","?","?","?","R","BOSS","M","$","?","M","?","R","E","?","T","M","R","M","?","?","R","BOSS","M","M","M"],"build_version":"2018-10-18","purchased_purges":1,"victory":false,"max_hp_per_floor":[68,68,68,68,68,68,68,68,68,68,75,75,75,75,75,75,75,75,75,75,75,75,75,75,75,75,75,75,75,75,75,75,75,75,75,75,75],"card_choices":[{"not_picked":["Gash","Conserve Battery"],"picked":"Melter","floor":1.0},{"not_picked":["Streamline","Stack"],"picked":"Leap","floor":2.0},{"not_picked":["Gash","Ball Lightning"],"picked":"Seek","floor":3.0},{"not_picked":["Fusion","Leap"],"picked":"White Noise","floor":7.0},{"not_picked":["Go for the Eyes","Leap"],"picked":"Cold Snap","floor":8.0},{"not_picked":["Leap","Cold Snap"],"picked":"Rebound","floor":11.0},{"not_picked":["Machine Learning","Seek"],"picked":"Biased Cognition","floor":16.0},{"not_picked":["Redo","Auto Shields","Streamline"],"picked":"SKIP","floor":18.0},{"not_picked":["Genetic Algorithm","Beam Cell"],"picked":"Chaos","floor":21.0},{"not_picked":["Skim","Leap+1"],"picked":"Hello World","floor":22.0},{"not_picked":["Blizzard","Multi-Cast"],"picked":"Lockon+1","floor":24.0},{"not_picked":["Streamline+1","Gash"],"picked":"Compile Driver","floor":27.0},{"not_picked":["Hello World","Go for the Eyes"],"picked":"Recycle","floor":29.0},{"not_picked":["Hologram","Doom and Gloom"],"picked":"BootSequence","floor":31.0},{"not_picked":["Meteor Strike","Seek"],"picked":"Amplify","floor":33},{"not_picked":["Compile Driver","Chill+1"],"picked":"Capacitor","floor":35},{"not_picked":["Stack","Double Energy","Recycle"],"picked":"SKIP","floor":36}],"player_experience":380152,"relics_obtained":[{"floor":7.0,"key":"DataDisk"},{"floor":9.0,"key":"Happy Flower"},{"floor":11.0,"key":"Strawberry"},{"floor":14.0,"key":"Boot"},{"floor":24.0,"key":"Oddly Smooth Stone"},{"floor":26.0,"key":"Ginger"}],"event_choices":[{"damage_healed":0.0,"max_hp_gain":0.0,"max_hp_loss":0.0,"gold_gain":59.0,"event_name":"Golden Wing","player_choice":"Gained Gold","floor":4.0,"gold_loss":0.0,"damage_taken":0.0},{"damage_healed":0.0,"max_hp_gain":0.0,"max_hp_loss":0.0,"gold_gain":0.0,"event_name":"Shining Light","player_choice":"Entered Light","floor":5.0,"gold_loss":0.0,"damage_taken":14.0,"cards_upgraded":["Defend_B","Leap"]},{"cards_removed":["Strike_B"],"damage_healed":0.0,"max_hp_gain":0.0,"max_hp_loss":0.0,"gold_gain":0.0,"event_name":"Purifier","player_choice":"Purged","floor":12.0,"gold_loss":0.0,"damage_taken":0.0},{"damage_healed":0.0,"max_hp_gain":0.0,"max_hp_loss":0.0,"gold_gain":0.0,"event_name":"Golden Idol","player_choice":"Take Wound","floor":13.0,"gold_loss":0.0,"damage_taken":0.0,"relics_obtained":["Golden Idol"],"cards_obtained":["Injury"]},{"damage_healed":0.0,"max_hp_gain":0.0,"max_hp_loss":0.0,"gold_gain":99.0,"event_name":"Nest","player_choice":"Stole From Cult","floor":20.0,"gold_loss":0.0,"damage_taken":0.0},{"damage_healed":0.0,"max_hp_gain":0.0,"max_hp_loss":0.0,"gold_gain":0.0,"event_name":"Beggar","player_choice":"Ignored","floor":30.0,"gold_loss":0.0,"damage_taken":0.0}],"is_beta":false,"boss_relics":[{"not_picked":["Eternal Feather","Empty Cage"],"picked":"Cursed Key"},{"not_picked":["Snecko Eye","Busted Crown"],"picked":"FrozenCore"}],"items_purged_floors":[10],"is_endless":false,"potions_floor_spawned":[2,3,16,24,29,36],"killed_by":"Writhing Mass","ascension_level":11}