{"gold_per_floor":[114,129,141,157,168,193,193,228,309,309,334,348,348,367,367,444,444,459,39,49,99,110,110,136,149,149,64,78,78,91,25,25,102,102,113,18,30,30,43,73,84,0,0,49,49,59,59,75,75,75,75],"floor_reached":52,"playtime":4321,"items_purged":[],"score":2031,"play_id":"6cbcf517-88fe-466b-bdb6-771af3b379d3","local_time":"20190420215606","is_ascension_mode":true,"campfire_choices":[{"floor":7.0,"key":"REST"},{"floor":13.0,"key":"REST"},{"data":"Well Laid Plans","floor":15.0,"key":"SMITH"},{"data":"Poisoned Stab","floor":23.0,"key":"SMITH"},{"floor":29.0,"key":"REST"},{"data":"Skewer","floor":32.0,"key":"SMITH"},{"floor":45.0,"key":"REST"},{"data":"Wraith Form v2","floor":49.0,"key":"SMITH"}],"neow_cost":"NONE","seed_source_timestamp":35523788297648,"circlet_count":0,"master_deck":["AscendersBane","Defend_G","Defend_G","Defend_G","Defend_G","Defend_G","Strike_G","Strike_G","Strike_G","Strike_G","Strike_G","Survivor","Neutralize","Dash","Sucker Punch","Leg Sweep","Sucker Punch","Quick Slash","Backstab","Poisoned Stab+1","Well Laid Plans+1","Terror+1","Catalyst+1","Adrenaline+1","Escape Plan+1","Caltrops","Leg Sweep+1","Acrobatics+1","Skewer+1","Caltrops","Caltrops+1","After Image","Catalyst+1","Corpse Explosion+1","Poisoned Stab","Bouncing Flask+1","Bouncing Flask+1","Parasite","Dodge and Roll+1","Deflect+1","PiercingWail+1","Wraith Form v2+1"],"special_seed":0,"relics":["Ring of the Snake","Bird Faced Urn","Darkstone Periapt","Toxic Egg 2","The Courier","Ginger","Philosopher\u0027s Stone","Bottled Tornado","Oddly Smooth Stone","Potion Belt","Sundial","Pantograph","Snecko Eye","Boot","Red Mask","Gambling Chip"],"potions_floor_usage":[],"damage_taken":[{"damage":2.0,"enemies":"Cultist","floor":1.0,"turns":5.0},{"damage":1.0,"enemies":"Jaw Worm","floor":2.0,"turns":4.0},{"damage":3.0,"enemies":"2 Louse","floor":3.0,"turns":3.0},{"damage":1.0,"enemies":"Looter","floor":4.0,"turns":4.0},{"damage":0.0,"enemies":"2 Fungi Beasts","floor":5.0,"turns":4.0},{"damage":21.0,"enemies":"Gremlin Nob","floor":6.0,"turns":6.0},{"damage":52.0,"enemies":"Lagavulin","floor":8.0,"turns":11.0},{"damage":0.0,"enemies":"Gremlin Nob","floor":11.0,"turns":3.0},{"damage":1.0,"enemies":"Exordium Thugs","floor":12.0,"turns":4.0},{"damage":0.0,"enemies":"Looter","floor":14.0,"turns":2.0},{"damage":25.0,"enemies":"Hexaghost","floor":16.0,"turns":12.0},{"damage":18.0,"enemies":"3 Byrds","floor":18.0,"turns":5.0},{"damage":1.0,"enemies":"Spheric Guardian","floor":20.0,"turns":5.0},{"damage":6.0,"enemies":"Snake Plant","floor":22.0,"turns":5.0},{"damage":8.0,"enemies":"Gremlin Leader","floor":24.0,"turns":6.0},{"damage":0.0,"enemies":"Chosen and Byrds","floor":25.0,"turns":4.0},{"damage":19.0,"enemies":"3 Cultists","floor":28.0,"turns":8.0},{"damage":2.0,"enemies":"Cultist and Chosen","floor":30.0,"turns":5.0},{"damage":48.0,"enemies":"Champ","floor":33.0,"turns":12.0},{"damage":5.0,"enemies":"3 Shapes","floor":35.0,"turns":3.0},{"damage":0.0,"enemies":"3 Darklings","floor":37.0,"turns":2.0},{"damage":0.0,"enemies":"Writhing Mass","floor":39.0,"turns":4.0},{"damage":0.0,"enemies":"Nemesis","floor":40.0,"turns":3.0},{"damage":14.0,"enemies":"Sphere and 2 Shapes","floor":41.0,"turns":4.0},{"damage":39.0,"enemies":"2 Orb Walkers","floor":44.0,"turns":5.0},{"damage":0.0,"enemies":"Maw","floor":46.0,"turns":4.0},{"damage":8.0,"enemies":"Spire Growth","floor":48.0,"turns":3.0},{"damage":0,"enemies":"Time Eater","floor":50,"turns":4},{"damage":40,"enemies":"Donu and Deca","floor":51,"turns":4}],"seed_played":"1126883862921066204","potions_obtained":[{"floor":1.0,"key":"GhostInAJar"},{"floor":5.0,"key":"Ancient Potion"},{"floor":6.0,"key":"Swift Potion"},{"floor":8.0,"key":"SteroidPotion"},{"floor":11.0,"key":"GamblersBrew"},{"floor":25.0,"key":"SteroidPotion"},{"floor":28.0,"key":"SteroidPotion"},{"floor":33.0,"key":"Weak Potion"},{"floor":35.0,"key":"Explosive Potion"},{"floor":37.0,"key":"Dexterity Potion"},{"floor":48.0,"key":"Fire Potion"}],"is_trial":false,"path_per_floor":["M","M","M","M","M","E","R","E","T","T","E","M","R","M","R","B",null,"M","$","M","?","M","R","E","M","T","?","M","R","M","$","R","B",null,"M","$","M","?","M","E","M","?","T","?","R","M","$","M","R","B","B",null],"character_chosen":"THE_SILENT","items_purchased":["Caltrops","Bottled Tornado","Oddly Smooth Stone","AttackPotion","Catalyst+1","Bouncing Flask+1","LiquidBronze"],"campfire_rested":4,"item_purchase_floors":[19,19,19,19,31,36,36],"current_hp_per_floor":[63,62,59,58,58,37,58,6,6,6,6,7,28,30,30,7,56,40,40,43,43,41,41,37,41,41,41,26,47,51,51,51,27,61,62,62,64,64,74,74,62,62,62,29,51,59,59,59,59,74,36],"gold":75,"neow_bonus":"TEN_PERCENT_HP_BONUS","is_prod":false,"is_daily":false,"chose_seed":false,"campfire_upgraded":4,"win_rate":0,"timestamp":1555815366,"path_taken":["M","M","M","M","?","E","R","E","T","?","E","M","R","M","R","BOSS","M","$","M","?","M","R","E","?","T","?","M","R","M","$","R","BOSS","M","$","M","?","M","E","M","?","T","?","R","M","$","M","R","BOSS","BOSS"],"build_version":"2019-01-23","purchased_purges":0,"victory":true,"max_hp_per_floor":[72,72,72,72,72,72,72,72,72,72,72,72,72,72,72,72,72,72,72,72,72,72,72,72,72,72,72,72,72,72,72,72,72,72,72,72,72,68,74,74,74,74,74,74,74,74,74,74,74,74,74],"card_choices":[{"not_picked":["Choke","Dagger Throw"],"picked":"Dash","floor":1.0},{"not_picked":["Dodge and Roll","Dagger Throw"],"picked":"Sucker Punch","floor":2.0},{"not_picked":["Concentrate","Calculated Gamble"],"picked":"Leg Sweep","floor":3.0},{"not_picked":["Underhanded Strike","Blur"],"picked":"Sucker Punch","floor":4.0},{"not_picked":["Sucker Punch","PiercingWail"],"picked":"Quick Slash","floor":5.0},{"not_picked":["Crippling Poison","Blade Dance"],"picked":"Backstab","floor":6.0},{"not_picked":["Sucker Punch","Finisher"],"picked":"Poisoned Stab","floor":8.0},{"not_picked":["Bane","Dash"],"picked":"Well Laid Plans","floor":11.0},{"not_picked":["Calculated Gamble+1","Dagger Throw"],"picked":"Terror+1","floor":12.0},{"not_picked":["Endless Agony","Masterful Stab"],"picked":"Catalyst+1","floor":14.0},{"not_picked":["Bullet Time+1","Unload"],"picked":"Adrenaline+1","floor":16.0},{"not_picked":["Blade Dance+1","Accuracy"],"picked":"Escape Plan+1","floor":18.0},{"not_picked":["Expertise+1","Dagger Throw"],"picked":"Leg Sweep+1","floor":20.0},{"not_picked":["Acrobatics+1","Bane","Quick Slash"],"picked":"SKIP","floor":22.0},{"not_picked":["Bane","Quick Slash"],"picked":"Acrobatics+1","floor":22.0},{"not_picked":["Riddle With Holes","Reflex+1"],"picked":"Skewer","floor":24.0},{"not_picked":["Dash","Backstab"],"picked":"Caltrops","floor":25.0},{"not_picked":["Leg Sweep+1","Riddle With Holes"],"picked":"Caltrops+1","floor":28.0},{"not_picked":["Sucker Punch","Calculated Gamble+1"],"picked":"After Image","floor":30.0},{"not_picked":["Envenom","Malaise+1"],"picked":"Corpse Explosion+1","floor":33.0},{"not_picked":["Expertise+1","Cloak And Dagger+1"],"picked":"Poisoned Stab","floor":35.0},{"not_picked":["Skewer","Dagger Spray"],"picked":"Bouncing Flask+1","floor":37.0},{"not_picked":["Prepared+1","Deflect+1"],"picked":"Dodge and Roll+1","floor":39.0},{"not_picked":["Infinite Blades+1","Cloak And Dagger+1"],"picked":"Deflect+1","floor":40.0},{"not_picked":["Prepared+1","Quick Slash","All Out Attack+1"],"picked":"SKIP","floor":41.0},{"not_picked":["Dagger Spray","Poisoned Stab+1"],"picked":"PiercingWail+1","floor":44.0},{"not_picked":["Accuracy","Underhanded Strike","Cloak And Dagger+1"],"picked":"SKIP","floor":46.0},{"not_picked":["Accuracy","Underhanded Strike","Cloak And Dagger+1"],"picked":"SKIP","floor":46.0},{"not_picked":["Accuracy","Underhanded Strike","Cloak And Dagger+1"],"picked":"SKIP","floor":46.0},{"not_picked":["Calculated Gamble+1","Infinite Blades"],"picked":"Wraith Form v2","floor":48.0}],"player_experience":1070803,"relics_obtained":[{"floor":6.0,"key":"Bird Faced Urn"},{"floor":8.0,"key":"Darkstone Periapt"},{"floor":9.0,"key":"Toxic Egg 2"},{"floor":10.0,"key":"The Courier"},{"floor":11.0,"key":"Ginger"},{"floor":24.0,"key":"Potion Belt"},{"floor":26.0,"key":"Sundial"},{"floor":40.0,"key":"Boot"},{"floor":44.0,"key":"Gambling Chip"}],"event_choices":[{"damage_healed":0.0,"max_hp_gain":0.0,"max_hp_loss":0.0,"gold_gain":50.0,"event_name":"Golden Shrine","player_choice":"Pray","floor":21.0,"gold_loss":0.0,"damage_taken":0.0},{"damage_healed":0.0,"max_hp_gain":0.0,"max_hp_loss":0.0,"gold_gain":0.0,"event_name":"Addict","player_choice":"Obtained Relic","floor":27.0,"gold_loss":85.0,"damage_taken":0.0,"relics_obtained":["Pantograph"]},{"damage_healed":0.0,"max_hp_gain":0.0,"max_hp_loss":4.0,"gold_gain":0.0,"event_name":"Winding Halls","player_choice":"Max HP","floor":38.0,"gold_loss":0.0,"damage_taken":0.0},{"damage_healed":0.0,"max_hp_gain":0.0,"max_hp_loss":0.0,"gold_gain":0.0,"event_name":"Tomb of Lord Red Mask","player_choice":"Paid","floor":42.0,"gold_loss":84.0,"damage_taken":0.0,"relics_obtained":["Red Mask"]},{"damage_healed":0.0,"max_hp_gain":0.0,"max_hp_loss":0.0,"gold_gain":0.0,"event_name":"Mysterious Sphere","player_choice":"Fight","floor":44.0,"gold_loss":0.0,"damage_taken":0.0}],"is_beta":false,"boss_relics":[{"not_picked":["Tiny House","Eternal Feather"],"picked":"Philosopher\u0027s Stone"},{"not_picked":["HoveringKite","Coffee Dripper"],"picked":"Snecko Eye"}],"items_purged_floors":[],"is_endless":false,"potions_floor_spawned":[1,5,6,8,11,25,28,33,35,37,41,48],"ascension_level":20}