{"gold_per_floor":[113,35,35,110,160,160,172,201,201,221,236,254,97,97,97,199,199,209,223,223,223,236,236,266,266],"floor_reached":25,"playtime":1057,"items_purged":[],"score":221,"play_id":"c7f9d7f2-087c-47dc-b484-492057ecc5af","local_time":"20180728083039","is_ascension_mode":false,"campfire_choices":[{"floor":6,"key":"REST"},{"floor":15,"key":"REST"},{"floor":23,"key":"REST"}],"neow_cost":"NONE","seed_source_timestamp":525083160198920,"circlet_count":0,"master_deck":["Strike_R","Strike_R","Strike_R","Strike_R","Strike_R","Defend_R","Defend_R","Defend_R","Defend_R","Bash+1","Metallicize+1","Clash","Barricade+1","Clothesline","Cleave","Flame Barrier","Inflame","Pommel Strike","Disarm","Heavy Blade","Immolate","Uppercut+1","Rage","Shrug It Off","Seeing Red"],"relics":["Burning Blood","Paper Frog","Dream Catcher","Lizard Tail","Nilry\u0027s Codex","Matryoshka"],"potions_floor_usage":[12,16,19,22],"damage_taken":[{"damage":9,"enemies":"Small Slimes","floor":1,"turns":4},{"damage":7,"enemies":"Cultist","floor":7,"turns":4},{"damage":22,"enemies":"3 Sentries","floor":8,"turns":11},{"damage":11,"enemies":"Jaw Worm","floor":10,"turns":5},{"damage":12,"enemies":"2 Fungi Beasts","floor":11,"turns":4},{"damage":17,"enemies":"3 Louse","floor":12,"turns":4},{"damage":6,"enemies":"The Guardian","floor":16,"turns":11},{"damage":39,"enemies":"Spheric Guardian","floor":18,"turns":8},{"damage":20,"enemies":"2 Thieves","floor":19,"turns":3},{"damage":46,"enemies":"Cultist and Chosen","floor":22,"turns":8},{"damage":40,"enemies":"Book of Stabbing","floor":24,"turns":10},{"damage":21,"enemies":"Sentry and Sphere","floor":25,"turns":7}],"seed_played":"-2266717038685300509","potions_obtained":[{"floor":1,"key":"SteroidPotion"},{"floor":8,"key":"SpeedPotion"},{"floor":10,"key":"BloodPotion"},{"floor":11,"key":"SteroidPotion"},{"floor":19,"key":"Dexterity Potion"}],"is_trial":false,"path_per_floor":["M","$","?","?","?","R","M","E","T","M","M","M","$","?","R","B",null,"M","M","?","?","M","R","E"],"character_chosen":"IRONCLAD","items_purchased":["Metallicize","Inflame","Pommel Strike","Disarm"],"campfire_rested":3,"item_purchase_floors":[2,13,13,13],"current_hp_per_floor":[77,77,77,66,66,80,79,63,63,58,52,49,49,49,73,73,80,47,33,17,22,29,53,19,0],"gold":266,"neow_bonus":"UPGRADE_CARD","is_prod":false,"is_daily":false,"chose_seed":false,"campfire_upgraded":0,"win_rate":0,"timestamp":1532759439,"path_taken":["M","$","?","?","?","R","M","E","T","M","M","M","$","?","R","BOSS","M","M","?","?","M","R","E","M"],"build_version":"2018-07-26","purchased_purges":0,"victory":false,"max_hp_per_floor":[80,80,80,80,80,80,80,80,80,80,80,80,80,80,80,80,80,80,80,80,80,80,80,80,80],"card_choices":[{"not_picked":["Corruption","True Grit","Havoc"],"picked":"SKIP","floor":1},{"not_picked":["Warcry","Wild Strike"],"picked":"Clash","floor":7},{"not_picked":["Rampage","Entrench"],"picked":"Barricade","floor":8},{"not_picked":["Thunderclap","Whirlwind"],"picked":"Clothesline","floor":10},{"not_picked":["Warcry","Intimidate"],"picked":"Cleave","floor":11},{"not_picked":["Iron Wave","Headbutt"],"picked":"Flame Barrier","floor":12},{"not_picked":["Intimidate","Iron Wave"],"picked":"Heavy Blade","floor":15},{"not_picked":["Brutality","Feed"],"picked":"Immolate","floor":16},{"not_picked":["Corruption","True Grit"],"picked":"Pommel Strike","floor":18},{"not_picked":["Battle Trance","Armaments"],"picked":"Uppercut+1","floor":19},{"not_picked":["Sword Boomerang","Wild Strike"],"picked":"Rage","floor":22},{"not_picked":["Inflame","Body Slam"],"picked":"Shrug It Off","floor":23},{"not_picked":["Body Slam","Pommel Strike"],"picked":"Seeing Red","floor":24}],"player_experience":128792,"relics_obtained":[{"floor":8,"key":"Paper Frog"},{"floor":9,"key":"Dream Catcher"},{"floor":20,"key":"Nilry\u0027s Codex"},{"floor":24,"key":"Matryoshka"}],"event_choices":[{"event_name":"Upgrade Shrine","player_choice":"Upgraded","floor":3,"damage_taken":0},{"event_name":"World of Goop","player_choice":"Gather Gold","floor":4,"damage_taken":0},{"event_name":"Golden Wing","player_choice":"Gained Gold","floor":5,"damage_taken":0},{"event_name":"Living Wall","player_choice":"Grow","floor":14,"damage_taken":0},{"event_name":"Cursed Tome","player_choice":"Obtained Book","floor":20,"damage_taken":0},{"event_name":"Bonfire Elementals","player_choice":"COMMON","floor":21,"damage_taken":0}],"is_beta":false,"boss_relics":[{"not_picked":["White Beast Statue","Philosopher\u0027s Stone"],"picked":"Lizard Tail"}],"items_purged_floors":[],"is_endless":false,"potions_floor_spawned":[1,8,10,11,19],"killed_by":"Sentry and Sphere","ascension_level":0}