{"path_per_floor":["M","M","?","M","M","M","R","E","T","M","?","M","R","M","R","B",null,"M","M","M","$","M","R","M","R","T","E","?","?","M","M","R","B",null,"M","M","M","?","$","R","M","E","T","M","M","M","M","$","R","B"],"character_chosen":"IRONCLAD","items_purchased":["Unceasing Top","Headbutt","Blind"],"gold_per_floor":[116,136,136,147,157,177,177,207,207,223,248,263,263,283,283,378,378,392,404,424,17,36,36,47,47,47,77,77,77,97,112,112,217,217,230,245,255,255,57,57,67,94,144,159,175,188,199,74,74,74],"floor_reached":51,"campfire_rested":3,"playtime":6397,"current_hp_per_floor":[83,83,66,75,72,63,63,78,92,80,57,63,63,64,99,84,122,123,86,78,78,80,80,72,72,72,31,31,31,29,16,54,45,128,116,104,94,94,94,94,79,77,84,82,83,57,36,36,81,58],"items_purged":["Strike_R","Strike_R","Strike_R"],"gold":74,"score":561,"play_id":"c5be334d-0c47-48f3-81d3-4090c1e4605e","is_prod":false,"is_daily":false,"is_ascension_mode":false,"campfire_upgraded":4,"path_taken":["M","M","?","M","M","M","R","E","T","M","?","M","R","M","R","BOSS","M","M","M","$","M","R","?","R","T","E","?","?","?","M","R","BOSS","M","M","M","?","$","R","M","E","T","M","M","M","M","$","R","BOSS"],"build_version":"2018-02-15-PROD1","purchased_purges":3,"victory":true,"master_deck":["Strike_R","Strike_R+1","Defend_R","Defend_R+1","Defend_R+1","Bash","Feed","Feel No Pain+1","Armaments+1","Metallicize","Offering+1","True Grit+1","Shockwave","Corruption","Burning Pact","Offering+1","Feel No Pain","Sword Boomerang+1","Headbutt","Inflame","Pommel Strike","Disarm","Spot Weakness","Juggernaut","Blind","Flame Barrier","Brutality","Metallicize","Blood for Blood+1","Warcry+1"],"max_hp_per_floor":[83,83,83,86,89,93,93,93,107,110,110,114,114,118,118,122,122,125,125,125,125,125,125,125,125,125,125,125,125,128,128,128,128,128,131,131,135,135,135,135,139,139,146,146,149,152,152,152,152,152],"relics":["Burning Blood","Happy Flower","Mango","Odd Mushroom","Philosopher\u0027s Stone","Unceasing Top","Shovel","War Paint","Runic Cube","Bottled Tornado","Du-Vu Doll","Strawberry"],"card_choices":[{"not_picked":["Anger","Thunderclap"],"picked":"Feel No Pain"},{"not_picked":["Flex","Clothesline"],"picked":"Armaments"},{"not_picked":["Infernal Blade","Perfected Strike"],"picked":"Metallicize"},{"not_picked":["Twin Strike","Armaments"],"picked":"Offering"},{"not_picked":["Rampage","Clash"],"picked":"True Grit"},{"not_picked":["Metallicize","Heavy Blade"],"picked":"Shockwave"},{"not_picked":["Uppercut","Sword Boomerang"],"picked":"Corruption"},{"not_picked":["Anger","Blood for Blood"],"picked":"Burning Pact"},{"not_picked":["Berserk","Reaper"],"picked":"Offering"},{"not_picked":["True Grit","Perfected Strike"],"picked":"Feel No Pain"},{"not_picked":["Perfected Strike","Rupture"],"picked":"Sword Boomerang"},{"not_picked":["Armaments","Searing Blow"],"picked":"Inflame"},{"not_picked":["Headbutt","Offering"],"picked":"Disarm"},{"not_picked":["Disarm","Clothesline"],"picked":"Spot Weakness"},{"not_picked":["Offering","Reaper"],"picked":"Juggernaut"},{"not_picked":["True Grit","Warcry"],"picked":"Flame Barrier"},{"not_picked":["Second Wind","True Grit"],"picked":"Brutality"},{"not_picked":["True Grit","Thunderclap"],"picked":"Metallicize"},{"not_picked":["Sever Soul","Fire Breathing"],"picked":"Blood for Blood"},{"not_picked":["Clothesline","Flex"],"picked":"Warcry"}],"player_experience":37678,"potions_floor_usage":[42,50,50,50],"damage_taken":[{"damage":4.0,"enemies":"2 Louse","floor":1.0,"turns":3.0},{"damage":6.0,"enemies":"Jaw Worm","floor":2.0,"turns":4.0},{"damage":0.0,"enemies":"Small Slimes","floor":4.0,"turns":5.0},{"damage":12.0,"enemies":"2 Fungi Beasts","floor":5.0,"turns":5.0},{"damage":19.0,"enemies":"Large Slime","floor":6.0,"turns":8.0},{"damage":6.0,"enemies":"Lagavulin","floor":8.0,"turns":7.0},{"damage":21.0,"enemies":"Exordium Thugs","floor":10.0,"turns":7.0},{"damage":29.0,"enemies":"The Mushroom Lair","floor":11.0,"turns":5.0},{"damage":4.0,"enemies":"Gremlin Gang","floor":12.0,"turns":6.0},{"damage":9.0,"enemies":"Large Slime","floor":14.0,"turns":6.0},{"damage":25.0,"enemies":"Slime Boss","floor":16.0,"turns":14.0},{"damage":8.0,"enemies":"Spheric Guardian","floor":18.0,"turns":4.0},{"damage":43.0,"enemies":"3 Byrds","floor":19.0,"turns":7.0},{"damage":14.0,"enemies":"Centurion and Healer","floor":20.0,"turns":7.0},{"damage":4.0,"enemies":"Snecko","floor":22.0,"turns":4.0},{"damage":14.0,"enemies":"Cultist and Chosen","floor":24.0,"turns":8.0},{"damage":47.0,"enemies":"Book of Stabbing","floor":27.0,"turns":7.0},{"damage":11.0,"enemies":"Slaver and Parasite","floor":30.0,"turns":6.0},{"damage":19.0,"enemies":"Centurion and Healer","floor":31.0,"turns":6.0},{"damage":15.0,"enemies":"Automaton","floor":33.0,"turns":7.0},{"damage":21,"enemies":"3 Shapes","floor":35,"turns":4},{"damage":18,"enemies":"Orb Walker","floor":36,"turns":5},{"damage":20,"enemies":"Sphere and 2 Shapes","floor":37,"turns":5},{"damage":25,"enemies":"4 Shapes","floor":41,"turns":5},{"damage":8,"enemies":"Giant Head","floor":42,"turns":6},{"damage":8,"enemies":"3 Darklings","floor":44,"turns":3},{"damage":8,"enemies":"Sphere and 2 Shapes","floor":45,"turns":4},{"damage":35,"enemies":"4 Shapes","floor":46,"turns":7},{"damage":27,"enemies":"3 Darklings","floor":47,"turns":3},{"damage":29,"enemies":"Time Eater","floor":50,"turns":8}],"event_choices":[{"event_name":"Shining Light","player_choice":"Entered Light","floor":3.0,"damage_taken":0.0},{"event_name":"Mushrooms","player_choice":"Fought Mushrooms","floor":11.0,"damage_taken":0.0},{"event_name":"Vampires","player_choice":"Ignored","floor":28.0,"damage_taken":0.0},{"event_name":"The Library","player_choice":"Read","floor":29.0,"damage_taken":0.0},{"event_name":"Tomb of Lord Red Mask","player_choice":"Ignored","floor":38,"damage_taken":0}],"boss_relics":[{"not_picked":["Cursed Key","Tiny House"],"picked":"Runic Cube"}],"potions_floor_spawned":[1,6,11,12,14,18,20,24,30,36,45,47],"seed_played":"2994042476292460768","ascension_level":0,"is_trial":false}