{"gold_per_floor":[114,124,139,165,178,178,211,211,211,227,245,255,255,270,270,368,368,382,8,8,19,35,63,73,90,90,90,122,133,133,163,163,260,260,273,50,67,67,79,79,89,89,389,15,28,28,28,45,45,45],"floor_reached":51,"playtime":1918,"items_purged":["Decay"],"score":740,"play_id":"cec5c5b9-8382-4e61-89d4-ba7e18d20758","local_time":"20180811181043","is_ascension_mode":false,"campfire_choices":[{"floor":6,"key":"REST"},{"floor":8,"key":"REST"},{"data":"Heavy Blade","floor":13,"key":"SMITH"},{"data":"Flex","floor":15,"key":"SMITH"},{"floor":27,"key":"REST"},{"floor":32,"key":"REST"},{"floor":40,"key":"REST"},{"floor":46,"key":"REST"},{"data":"Demon Form","floor":49,"key":"SMITH"}],"neow_cost":"PERCENT_DAMAGE","seed_source_timestamp":39346827916867,"circlet_count":0,"master_deck":["Strike_R","Strike_R","Strike_R","Strike_R","Strike_R","Defend_R","Defend_R","Bash","Second Wind","Clothesline","Spot Weakness","Flex+1","Disarm","Twin Strike","Heavy Blade+1","Pummel","Cleave","Clash","Sword Boomerang","Demon Form+1","Whirlwind+1","Infernal Blade","Perfected Strike","Flame Barrier","Pommel Strike","Inflame","Dark Embrace","Disarm+1","Heavy Blade+1","Twin Strike+1","Heavy Blade+1","Impervious","Carnage+1","Rage","Shrug It Off+1","Armaments+1","Flex","Armaments+1","Panacea","Shrug It Off","Uppercut+1","Pummel+1"],"relics":["Burning Blood","Oddly Smooth Stone","Centennial Puzzle","StoneCalendar","Mark of Pain","Ginger","Charon\u0027s Ashes","Bronze Scales","Molten Egg 2","Enchiridion","Shovel","Cursed Key","Vajra","Thread and Needle","Old Coin","Chemical X"],"potions_floor_usage":[2,7,21,23,23,24,24,25,28,28,31,38,38,45,50],"damage_taken":[{"damage":1,"enemies":"Cultist","floor":1,"turns":3},{"damage":8,"enemies":"Jaw Worm","floor":2,"turns":4},{"damage":0,"enemies":"Small Slimes","floor":3,"turns":3},{"damage":12,"enemies":"Exordium Wildlife","floor":5,"turns":4},{"damage":33,"enemies":"3 Sentries","floor":7,"turns":5},{"damage":12,"enemies":"Looter","floor":10,"turns":3},{"damage":0,"enemies":"3 Louse","floor":11,"turns":3},{"damage":3,"enemies":"Lots of Slimes","floor":12,"turns":2},{"damage":10,"enemies":"2 Fungi Beasts","floor":14,"turns":2},{"damage":25,"enemies":"The Guardian","floor":16,"turns":6},{"damage":4,"enemies":"Chosen","floor":18,"turns":3},{"damage":8,"enemies":"3 Byrds","floor":21,"turns":3},{"damage":11,"enemies":"Snake Plant","floor":22,"turns":3},{"damage":47,"enemies":"Slavers","floor":23,"turns":3},{"damage":0,"enemies":"Centurion and Healer","floor":24,"turns":3},{"damage":4,"enemies":"Cultist and Chosen","floor":25,"turns":4},{"damage":34,"enemies":"Book of Stabbing","floor":28,"turns":4},{"damage":9,"enemies":"Snake Plant","floor":29,"turns":2},{"damage":1,"enemies":"Gremlin Leader","floor":31,"turns":5},{"damage":42,"enemies":"Champ","floor":33,"turns":8},{"damage":11,"enemies":"Orb Walker","floor":35,"turns":3},{"damage":14,"enemies":"3 Darklings","floor":37,"turns":4},{"damage":31,"floor":38,"turns":4},{"damage":10,"enemies":"4 Shapes","floor":39,"turns":4},{"damage":8,"enemies":"Flame Bruiser 2 Orb","floor":41,"turns":4},{"damage":18,"enemies":"Maw","floor":45,"turns":5},{"damage":0,"enemies":"Sphere and 2 Shapes","floor":48,"turns":3},{"damage":57,"enemies":"Awakened One","floor":50,"turns":7}],"seed_played":"817401964712094674","potions_obtained":[{"floor":1,"key":"Regen Potion"},{"floor":2,"key":"Explosive Potion"},{"floor":11,"key":"Energy Potion"},{"floor":14,"key":"SneckoOil"},{"floor":21,"key":"Regen Potion"},{"floor":23,"key":"EntropicBrew"},{"floor":24,"key":"BloodPotion"},{"floor":29,"key":"Fire Potion"},{"floor":33,"key":"FearPotion"},{"floor":35,"key":"Dexterity Potion"},{"floor":41,"key":"SteroidPotion"}],"is_trial":false,"path_per_floor":["M","M","M","T","M","R","E","R","T","M","M","M","R","M","R","B",null,"M","$","?","M","M","E","M","M","T","R","E","M","?","E","R","B",null,"M","$","M","?","M","R","M","?","T","$","M","R","$","M","R","B"],"character_chosen":"IRONCLAD","items_purchased":["Ginger","Infernal Blade","Vajra","Rage","Chemical X","Shrug It Off","Weak Potion"],"campfire_rested":6,"item_purchase_floors":[19,19,36,36,44,44,44],"current_hp_per_floor":[61,68,74,74,68,80,53,77,77,71,77,80,80,76,76,57,80,80,80,80,78,73,41,47,57,57,80,52,49,33,38,62,26,80,75,75,67,42,38,62,60,60,60,60,48,72,72,78,78,27],"gold":45,"neow_bonus":"TRANSFORM_TWO_CARDS","is_prod":false,"is_daily":false,"chose_seed":false,"campfire_upgraded":3,"win_rate":0,"timestamp":1534003843,"path_taken":["M","?","M","?","M","R","E","R","T","M","M","M","R","?","R","BOSS","M","$","?","M","M","E","M","M","T","R","E","M","?","E","R","BOSS","M","?","M","?","M","R","M","?","T","$","?","R","$","M","R","BOSS"],"build_version":"2018-08-09","purchased_purges":1,"victory":true,"max_hp_per_floor":[80,80,80,80,80,80,80,80,80,80,80,80,80,80,80,80,80,80,80,80,80,80,80,80,80,80,80,80,80,80,80,80,80,80,80,80,80,80,80,80,80,80,80,80,80,80,80,80,80,80],"card_choices":[{"not_picked":["Warcry","Corruption"],"picked":"Spot Weakness","floor":1},{"not_picked":["Iron Wave","Heavy Blade"],"picked":"Flex","floor":2},{"not_picked":["Dual Wield","Anger"],"picked":"Disarm","floor":3},{"not_picked":["Rampage","Havoc"],"picked":"Twin Strike","floor":5},{"not_picked":["Twin Strike","Havoc"],"picked":"Heavy Blade","floor":7},{"not_picked":["Clothesline","Sword Boomerang"],"picked":"Pummel","floor":10},{"not_picked":["Headbutt","Corruption"],"picked":"Cleave","floor":11},{"not_picked":["Havoc","Searing Blow"],"picked":"Clash","floor":12},{"not_picked":["Rupture","Headbutt"],"picked":"Sword Boomerang","floor":14},{"not_picked":["Limit Break","Exhume"],"picked":"Demon Form","floor":16},{"not_picked":["Anger","Bloodletting"],"picked":"Whirlwind+1","floor":18},{"not_picked":["Sever Soul+1","Body Slam"],"picked":"Flame Barrier","floor":21},{"not_picked":["Dual Wield","Blood for Blood"],"picked":"Pommel Strike","floor":22},{"not_picked":["Body Slam","Blood for Blood"],"picked":"Inflame","floor":23},{"not_picked":["True Grit","Cleave"],"picked":"Dark Embrace","floor":24},{"not_picked":["Wild Strike","Havoc"],"picked":"Disarm+1","floor":25},{"not_picked":["Cleave","Bloodletting"],"picked":"Heavy Blade","floor":28},{"not_picked":["Feel No Pain+1","Ghostly Armor"],"picked":"Twin Strike+1","floor":29},{"not_picked":["Spot Weakness","Armaments"],"picked":"Heavy Blade+1","floor":31},{"not_picked":["Immolate+1","Berserk"],"picked":"Impervious","floor":33},{"not_picked":["Evolve","Sentinel+1"],"picked":"Carnage+1","floor":35},{"not_picked":["Twin Strike+1","Clash+1"],"picked":"Shrug It Off+1","floor":37},{"not_picked":["Headbutt+1","Rupture+1"],"picked":"Armaments+1","floor":38},{"not_picked":["Hemokinesis+1","Dark Embrace"],"picked":"Flex","floor":39},{"not_picked":["Flex+1","Rage+1"],"picked":"Armaments+1","floor":41},{"not_picked":["Trip","Transmutation"],"picked":"Panacea","floor":42},{"not_picked":["Armaments","Twin Strike+1"],"picked":"Uppercut+1","floor":45},{"not_picked":["Reckless Charge+1","Havoc"],"picked":"Pummel+1","floor":48}],"player_experience":169504,"relics_obtained":[{"floor":4,"key":"Oddly Smooth Stone"},{"floor":7,"key":"Centennial Puzzle"},{"floor":9,"key":"StoneCalendar"},{"floor":23,"key":"Charon\u0027s Ashes"},{"floor":26,"key":"Bronze Scales"},{"floor":28,"key":"Molten Egg 2"},{"floor":30,"key":"Enchiridion"},{"floor":31,"key":"Shovel"},{"floor":38,"key":"Thread and Needle"},{"floor":43,"key":"Old Coin"}],"event_choices":[{"event_name":"The Library","player_choice":"Read","floor":20,"damage_taken":0},{"event_name":"Cursed Tome","player_choice":"Obtained Book","floor":30,"damage_taken":0},{"event_name":"MindBloom","player_choice":"Fight","floor":38,"damage_taken":0},{"event_name":"SensoryStone","player_choice":"Memory 1","floor":42,"damage_taken":0}],"is_beta":false,"boss_relics":[{"not_picked":["Calling Bell","Black Blood"],"picked":"Mark of Pain"},{"not_picked":["Lizard Tail","Empty Cage"],"picked":"Cursed Key"}],"items_purged_floors":[44],"is_endless":false,"potions_floor_spawned":[1,2,11,14,21,23,24,29,33,35,41],"ascension_level":0}