{"gold_per_floor":[12,26,40,59,59,59,73,98,124,124,124,140,140,156,156,232,232,249,249,259,289,289,289,289,289],"floor_reached":25,"playtime":1711,"items_purged":[],"score":345,"play_id":"617c4c0a-1f2e-4503-8f05-354f0f8948de","local_time":"20190103162110","is_ascension_mode":true,"campfire_choices":[{"data":"All Out Attack","floor":6,"key":"SMITH"},{"data":"Cloak And Dagger","floor":11,"key":"SMITH"},{"data":"Neutralize","floor":13,"key":"SMITH"},{"data":"Caltrops","floor":15,"key":"SMITH"},{"floor":23,"key":"REST"}],"neow_cost":"NO_GOLD","seed_source_timestamp":151322546577058,"circlet_count":0,"master_deck":["AscendersBane","Defend_G+1","Defend_G+1","Defend_G+1","Defend_G+1","Defend_G+1","Strike_G+1","Strike_G+1","Strike_G+1","Strike_G+1","Survivor","Neutralize+1","Unload","Well Laid Plans","Caltrops+1","Sucker Punch","Cloak And Dagger+1","All Out Attack+1","Predator","Infinite Blades","Venomology","Finisher","Caltrops","Escape Plan"],"relics":["Ring of the Snake","Omamori","Potion Belt","Bottled Lightning","WristBlade","Red Mask"],"potions_floor_usage":[3,8,18,18,21,24,24,25],"damage_taken":[{"damage":3,"enemies":"Small Slimes","floor":1,"turns":5},{"damage":2,"enemies":"Jaw Worm","floor":2,"turns":5},{"damage":0,"enemies":"2 Louse","floor":3,"turns":2},{"damage":4,"enemies":"Large Slime","floor":4,"turns":6},{"damage":3,"enemies":"Looter","floor":7,"turns":3},{"damage":13,"enemies":"Lagavulin","floor":8,"turns":6},{"damage":0,"enemies":"2 Fungi Beasts","floor":12,"turns":2},{"damage":0,"enemies":"Large Slime","floor":14,"turns":4},{"damage":18,"enemies":"Slime Boss","floor":16,"turns":9},{"damage":4,"enemies":"Chosen","floor":18,"turns":5},{"damage":3,"enemies":"Shell Parasite","floor":20,"turns":5},{"damage":33,"enemies":"Masked Bandits","floor":21,"turns":5},{"damage":9,"enemies":"Colosseum Slavers","floor":24,"turns":4},{"damage":19,"enemies":"Gremlin Leader","floor":25,"turns":5}],"seed_played":"5825906768842198091","potions_obtained":[{"floor":1,"key":"PowerPotion"},{"floor":2,"key":"Weak Potion"},{"floor":4,"key":"PowerPotion"},{"floor":20,"key":"FearPotion"}],"is_trial":false,"path_per_floor":["M","M","M","M","?","R","M","E","T","T","R","M","R","M","R","B",null,"M","?","M","?","?","R","?","E"],"character_chosen":"THE_SILENT","items_purchased":[],"campfire_rested":1,"item_purchase_floors":[],"current_hp_per_floor":[56,54,54,50,50,50,47,34,34,34,34,34,34,34,34,16,54,50,50,47,14,2,23,14,0],"gold":289,"neow_bonus":"THREE_RARE_CARDS","is_prod":false,"is_daily":false,"chose_seed":false,"campfire_upgraded":4,"win_rate":0,"timestamp":1546550470,"path_taken":["M","M","M","M","?","R","M","E","T","?","R","M","R","M","R","BOSS","M","?","M","?","?","R","?","E"],"build_version":"2018-12-20","purchased_purges":0,"victory":false,"max_hp_per_floor":[66,66,66,66,66,66,66,66,66,66,66,66,66,66,66,66,66,66,66,66,66,71,71,71,71],"card_choices":[{"not_picked":["Phantasmal Killer","Tools of the Trade"],"picked":"Unload","floor":0},{"not_picked":["Backflip","Dash"],"picked":"Well Laid Plans","floor":1},{"not_picked":["Poisoned Stab","Dash"],"picked":"Caltrops","floor":2},{"not_picked":["Dodge and Roll","Calculated Gamble"],"picked":"Sucker Punch","floor":3},{"not_picked":["Reflex","Acrobatics"],"picked":"Cloak And Dagger","floor":4},{"not_picked":["Bouncing Flask","Noxious Fumes"],"picked":"Predator","floor":7},{"not_picked":["Slice","Flying Knee"],"picked":"Infinite Blades","floor":8},{"not_picked":["Sucker Punch","Quick Slash","Expertise"],"picked":"SKIP","floor":12},{"not_picked":["Tools of the Trade","Skewer","Well Laid Plans"],"picked":"SKIP","floor":14},{"not_picked":["Unload","Adrenaline"],"picked":"Venomology","floor":16},{"not_picked":["Slice","Catalyst"],"picked":"Finisher","floor":18},{"not_picked":["Bane","Dagger Spray"],"picked":"Caltrops","floor":20},{"not_picked":["Acrobatics","Masterful Stab"],"picked":"Escape Plan","floor":21}],"player_experience":506587,"relics_obtained":[{"floor":8,"key":"Omamori"},{"floor":9,"key":"Potion Belt"},{"floor":10,"key":"Bottled Lightning"},{"floor":21,"key":"Red Mask"}],"event_choices":[{"damage_healed":0,"gold_gain":0,"cards_transformed":["Strike_G"],"player_choice":"Change","damage_taken":0,"max_hp_gain":0,"max_hp_loss":0,"event_name":"Living Wall","floor":5,"gold_loss":0,"cards_obtained":["All Out Attack"]},{"damage_healed":0,"gold_gain":0,"player_choice":"Simplicity","damage_taken":0,"max_hp_gain":0,"max_hp_loss":0,"event_name":"Back to Basics","floor":19,"gold_loss":0,"cards_upgraded":["Defend_G","Defend_G","Defend_G","Defend_G","Defend_G","Strike_G","Strike_G","Strike_G","Strike_G"]},{"damage_healed":0,"gold_gain":0,"player_choice":"Fought Bandits","damage_taken":0,"max_hp_gain":0,"max_hp_loss":0,"event_name":"Masked Bandits","floor":21,"gold_loss":0},{"damage_healed":0,"gold_gain":0,"player_choice":"Shed Blood","damage_taken":17,"max_hp_gain":5,"max_hp_loss":0,"event_name":"Forgotten Altar","floor":22,"gold_loss":0},{"damage_healed":0,"gold_gain":0,"player_choice":"Fight","damage_taken":0,"max_hp_gain":0,"max_hp_loss":0,"event_name":"Colosseum","floor":24,"gold_loss":0},{"damage_healed":0,"gold_gain":0,"player_choice":"Fled From Nobs","damage_taken":0,"max_hp_gain":0,"max_hp_loss":0,"event_name":"Colosseum","floor":24,"gold_loss":0}],"is_beta":false,"boss_relics":[{"not_picked":["Sozu","Velvet Choker"],"picked":"WristBlade"}],"items_purged_floors":[],"is_endless":false,"potions_floor_spawned":[1,2,4,7,20,24],"killed_by":"Gremlin Leader","ascension_level":14}