{"gold_per_floor":[159,8,20,36,0,30,30,0,24,36,48,119,147,184,196,303,315,341,364,27,45,65,77,77,96,96,106,106,140,156,183,183,285,285,304,304,320,336,336,336,369,369,445,445,464,8,23,41,41,41],"floor_reached":51,"playtime":4784,"items_purged":[],"score":1071,"play_id":"cff8cfcb-9095-41d0-bd99-d0832ca51a41","local_time":"20181225134827","is_ascension_mode":true,"campfire_choices":[{"data":"Sunder","floor":7.0,"key":"SMITH"},{"data":"Defragment","floor":11.0,"key":"SMITH"},{"data":"Loop","floor":15.0,"key":"SMITH"},{"floor":24.0,"key":"REST"},{"floor":28.0,"key":"REST"},{"floor":32.0,"key":"REST"},{"data":"Fission","floor":40.0,"key":"SMITH"},{"data":"Reprogram","floor":42.0,"key":"SMITH"},{"floor":44.0,"key":"REST"},{"floor":49.0,"key":"REST"}],"neow_cost":"NONE","seed_source_timestamp":81319878329265,"circlet_count":0,"master_deck":["AscendersBane","Strike_B","Strike_B","Strike_B","Defend_B","Defend_B+1","Defend_B+1","Defend_B+1","Zap","Dualcast","Coolheaded","Sunder+1","Melter","Self Repair","Defragment+1","Cold Snap","Echo Form","Ball Lightning","Cold Snap","Loop+1","Core Surge","Chaos+1","Hologram+1","Reprogram+1","Cold Snap","Doom and Gloom+1","Conserve Battery","FTL","Fission+1","Parasite","Leap+1"],"special_seed":0,"relics":["Tiny House","War Paint","MawBank","Blood Vial","Tiny Chest","Happy Flower","Inserter","Regal Pillow","ClockworkSouvenir","Bronze Scales","Bag of Marbles","Meat on the Bone","Busted Crown","Anchor","Dodecahedron","DataDisk","StoneCalendar"],"potions_floor_usage":[50,50],"damage_taken":[{"damage":1.0,"enemies":"Cultist","floor":1.0,"turns":5.0},{"damage":6.0,"enemies":"Jaw Worm","floor":3.0,"turns":6.0},{"damage":0.0,"enemies":"Small Slimes","floor":4.0,"turns":3.0},{"damage":32.0,"enemies":"Gremlin Nob","floor":6.0,"turns":5.0},{"damage":1.0,"enemies":"Looter","floor":8.0,"turns":5.0},{"damage":12.0,"enemies":"3 Sentries","floor":12.0,"turns":6.0},{"damage":22.0,"enemies":"Exordium Wildlife","floor":13.0,"turns":4.0},{"damage":2.0,"enemies":"Lagavulin","floor":14.0,"turns":5.0},{"damage":11.0,"enemies":"Hexaghost","floor":16.0,"turns":11.0},{"damage":29.0,"enemies":"Shell Parasite","floor":18.0,"turns":5.0},{"damage":9.0,"enemies":"Chosen","floor":19.0,"turns":6.0},{"damage":6.0,"enemies":"Centurion and Healer","floor":21.0,"turns":8.0},{"damage":11.0,"enemies":"Snake Plant","floor":22.0,"turns":6.0},{"damage":16.0,"enemies":"Snecko","floor":23.0,"turns":5.0},{"damage":29.0,"enemies":"Centurion and Healer","floor":25.0,"turns":5.0},{"damage":22.0,"enemies":"Cultist and Chosen","floor":27.0,"turns":4.0},{"damage":36.0,"enemies":"Book of Stabbing","floor":29.0,"turns":9.0},{"damage":0.0,"enemies":"Snecko","floor":30.0,"turns":6.0},{"damage":46.0,"enemies":"Gremlin Leader","floor":31.0,"turns":8.0},{"damage":31.0,"enemies":"Collector","floor":33.0,"turns":9.0},{"damage":16.0,"enemies":"Orb Walker","floor":35.0,"turns":4.0},{"damage":11.0,"enemies":"3 Shapes","floor":37.0,"turns":5.0},{"damage":27.0,"enemies":"Transient","floor":38.0,"turns":5.0},{"damage":30.0,"enemies":"Giant Head","floor":41.0,"turns":9.0},{"damage":8.0,"enemies":"Writhing Mass","floor":45.0,"turns":7.0},{"damage":9.0,"enemies":"Jaw Worm Horde","floor":47.0,"turns":3.0},{"damage":22.0,"enemies":"Transient","floor":48.0,"turns":5.0},{"damage":23,"enemies":"Time Eater","floor":50,"turns":8}],"seed_played":"-5561377116951696553","potions_obtained":[{"floor":0.0,"key":"EntropicBrew"},{"floor":4.0,"key":"Fire Potion"},{"floor":12.0,"key":"SkillPotion"},{"floor":13.0,"key":"Block Potion"},{"floor":16.0,"key":"FearPotion"},{"floor":19.0,"key":"EntropicBrew"},{"floor":30.0,"key":"FearPotion"},{"floor":33.0,"key":"FearPotion"},{"floor":37.0,"key":"EntropicBrew"},{"floor":47.0,"key":"LiquidBronze"}],"is_trial":false,"path_per_floor":["M","$","M","M","?","E","R","M","T","?","R","E","M","E","R","B",null,"M","M","$","M","M","M","R","M","T","M","R","E","M","E","R","B",null,"M","?","M","M","?","R","E","R","T","R","M","$","M","M","R","B",null],"character_chosen":"DEFECT","items_purchased":["Melter","Self Repair","Regal Pillow","ClockworkSouvenir","DataDisk","StoneCalendar"],"campfire_rested":5,"item_purchase_floors":[2,2,20,20,46,46],"current_hp_per_floor":[72,72,73,80,80,55,55,61,61,61,61,65,52,52,52,50,73,53,46,46,56,54,40,79,51,51,31,70,43,52,15,54,51,73,59,59,57,51,51,51,42,42,42,80,80,80,78,58,80,64],"gold":41,"neow_bonus":"BOSS_RELIC","is_prod":false,"is_daily":false,"chose_seed":false,"campfire_upgraded":5,"win_rate":0,"timestamp":1545763707,"path_taken":["M","$","M","?","?","E","R","M","T","?","R","E","M","E","R","BOSS","M","M","$","M","M","M","R","M","T","M","R","E","?","E","R","BOSS","M","?","M","M","?","R","E","R","T","R","M","?","?","M","R","BOSS"],"build_version":"2018-12-20","purchased_purges":0,"victory":true,"max_hp_per_floor":[80,80,80,80,80,80,80,80,80,80,80,80,80,80,80,80,80,80,80,80,80,80,80,80,80,80,80,80,80,80,80,80,80,80,80,80,80,80,80,80,80,80,80,80,80,80,80,80,80,80],"card_choices":[{"not_picked":["Skim","Ball Lightning"],"picked":"Coolheaded","floor":0.0},{"not_picked":["FTL","Recycle"],"picked":"Sunder","floor":1.0},{"not_picked":["Coolheaded","Cold Snap"],"picked":"Defragment","floor":3.0},{"not_picked":["Reprogram","Auto Shields"],"picked":"Cold Snap","floor":4.0},{"not_picked":["Hologram","Compile Driver"],"picked":"Echo Form","floor":6.0},{"not_picked":["Stack","Barrage"],"picked":"Ball Lightning","floor":8.0},{"not_picked":["Beam Cell","Sweeping Beam"],"picked":"Cold Snap","floor":12.0},{"not_picked":["Rainbow","Darkness"],"picked":"Loop","floor":13.0},{"not_picked":["Stack","Genetic Algorithm","Barrage"],"picked":"SKIP","floor":14.0},{"not_picked":["Meteor Strike","Hyperbeam"],"picked":"Core Surge","floor":16.0},{"not_picked":["Go for the Eyes","Turbo"],"picked":"Chaos+1","floor":18.0},{"not_picked":["Ball Lightning","Sweeping Beam"],"picked":"Hologram+1","floor":19.0},{"not_picked":["Steam","Conserve Battery"],"picked":"Reprogram","floor":21.0},{"not_picked":["Beam Cell","Steam"],"picked":"Cold Snap","floor":22.0},{"not_picked":["Cold Snap","Echo Form"],"picked":"Doom and Gloom+1","floor":23.0},{"not_picked":["Sunder+1","Conserve Battery","Undo"],"picked":"SKIP","floor":25.0},{"not_picked":["Gash","Auto Shields"],"picked":"Conserve Battery","floor":27.0},{"not_picked":["Rebound+1","Force Field","Sweeping Beam"],"picked":"SKIP","floor":29.0},{"not_picked":["Auto Shields","Chaos","Chill"],"picked":"SKIP","floor":30.0},{"not_picked":["Coolheaded","Conserve Battery"],"picked":"FTL","floor":31.0},{"not_picked":["Core Surge","Rainbow"],"picked":"Fission","floor":33.0},{"not_picked":["Gash+1"],"picked":"SKIP","floor":35.0},{"not_picked":["Lockon"],"picked":"SKIP","floor":37.0},{"not_picked":["Conserve Battery"],"picked":"SKIP","floor":38.0},{"not_picked":["Sunder+1"],"picked":"SKIP","floor":41.0},{"not_picked":[],"picked":"Leap+1","floor":45.0},{"not_picked":["White Noise"],"picked":"SKIP","floor":47.0},{"not_picked":["Rebound"],"picked":"SKIP","floor":48.0}],"player_experience":428258,"relics_obtained":[{"floor":6.0,"key":"War Paint"},{"floor":9.0,"key":"MawBank"},{"floor":12.0,"key":"Tiny Chest"},{"floor":14.0,"key":"Happy Flower"},{"floor":26.0,"key":"Bronze Scales"},{"floor":29.0,"key":"Bag of Marbles"},{"floor":31.0,"key":"Meat on the Bone"},{"floor":41.0,"key":"Anchor"},{"floor":43.0,"key":"Dodecahedron"}],"event_choices":[{"damage_healed":0.0,"max_hp_gain":0.0,"max_hp_loss":0.0,"gold_gain":0.0,"event_name":"World of Goop","player_choice":"Left Gold","floor":5.0,"gold_loss":36.0,"damage_taken":0.0},{"damage_healed":0.0,"max_hp_gain":0.0,"max_hp_loss":0.0,"gold_gain":0.0,"event_name":"WeMeetAgain","player_choice":"Gave Potion","floor":10.0,"gold_loss":0.0,"damage_taken":0.0,"relics_obtained":["Blood Vial"]},{"damage_healed":0.0,"max_hp_gain":0.0,"max_hp_loss":0.0,"gold_gain":0.0,"event_name":"SensoryStone","player_choice":"Memory 1","floor":36.0,"gold_loss":0.0,"damage_taken":0.0},{"cards_removed":["Strike_B"],"damage_healed":0.0,"max_hp_gain":0.0,"max_hp_loss":0.0,"gold_gain":0.0,"event_name":"Falling","player_choice":"Removed Attack","floor":39.0,"gold_loss":0.0,"damage_taken":0.0}],"is_beta":false,"boss_relics":[{"not_picked":["Orrery","Calling Bell"],"picked":"Inserter"},{"not_picked":["Philosopher\u0027s Stone","Lizard Tail"],"picked":"Busted Crown"}],"items_purged_floors":[],"is_endless":false,"potions_floor_spawned":[4,12,13,14,16,19,21,22,23,30,33,37,47],"ascension_level":11}