{"gold_per_floor":[116,133,208,208,221,221,10,10,10,28,43,43,43,68,68,164,164,184,184],"floor_reached":19,"playtime":1159,"items_purged":["Strike_B"],"score":318,"play_id":"ea8aa304-7891-40f7-bc08-e87799f47d8d","local_time":"20190422185818","is_ascension_mode":true,"campfire_choices":[{"data":"Zap","floor":6,"key":"SMITH"},{"floor":12,"key":"REST"},{"floor":15,"key":"REST"}],"neow_cost":"PERCENT_DAMAGE","seed_source_timestamp":1895192556303377,"circlet_count":0,"master_deck":["AscendersBane","Strike_B","Strike_B","Strike_B","Defend_B","Defend_B","Defend_B","Defend_B","Zap+1","Dualcast","Electrodynamics","Go for the Eyes","Seek","Conserve Battery","Genetic Algorithm+1","Chill","Cold Snap+1"],"relics":["Cracked Core","Golden Idol","Tiny Chest","The Courier","Black Star"],"potions_floor_usage":[11,16,18,19],"damage_taken":[{"damage":7,"enemies":"Jaw Worm","floor":1,"turns":3},{"damage":1,"enemies":"Small Slimes","floor":2,"turns":3},{"damage":0,"enemies":"Cultist","floor":5,"turns":3},{"damage":7,"enemies":"Gremlin Gang","floor":10,"turns":3},{"damage":5,"enemies":"Exordium Wildlife","floor":11,"turns":3},{"damage":12,"enemies":"Large Slime","floor":14,"turns":4},{"damage":22,"enemies":"The Guardian","floor":16,"turns":15},{"damage":29,"enemies":"Spheric Guardian","floor":18,"turns":7},{"damage":38,"enemies":"Chosen","floor":19,"turns":5}],"seed_played":"7205704042349031694","potions_obtained":[{"floor":5,"key":"Fire Potion"},{"floor":11,"key":"Explosive Potion"},{"floor":16,"key":"SkillPotion"},{"floor":18,"key":"SkillPotion"}],"is_trial":false,"path_per_floor":["M","M","?","?","M","R","$","?","T","M","M","R","?","M","R","B",null,"M","M"],"character_chosen":"DEFECT","items_purchased":["Tiny Chest"],"campfire_rested":2,"item_purchase_floors":[7],"current_hp_per_floor":[39,38,27,27,27,27,27,27,27,20,15,34,34,22,41,19,53,24,0],"gold":184,"neow_bonus":"THREE_RARE_CARDS","is_prod":false,"is_daily":false,"chose_seed":false,"campfire_upgraded":1,"win_rate":0,"timestamp":1555977498,"path_taken":["M","M","?","?","M","R","$","?","T","M","M","R","?","M","R","BOSS","M","M"],"build_version":"2019-01-23","purchased_purges":1,"victory":false,"max_hp_per_floor":[71,71,71,64,64,64,64,64,64,64,64,64,64,64,64,64,64,64,64],"card_choices":[{"not_picked":["Seek","Thunder Strike"],"picked":"Electrodynamics","floor":0},{"not_picked":["Redo","Rebound"],"picked":"Go for the Eyes","floor":1},{"not_picked":["Sweeping Beam","Heatsinks"],"picked":"Seek","floor":2},{"not_picked":["Static Discharge","Compile Driver","Rebound"],"picked":"SKIP","floor":5},{"not_picked":["Compile Driver","Coolheaded"],"picked":"Conserve Battery","floor":10},{"not_picked":["Machine Learning","Doom and Gloom"],"picked":"Genetic Algorithm","floor":11},{"not_picked":["Rebound","Hologram"],"picked":"Chill","floor":14},{"not_picked":["Go for the Eyes","Sweeping Beam"],"picked":"Cold Snap+1","floor":18}],"player_experience":672254,"relics_obtained":[{"floor":9,"key":"The Courier"}],"event_choices":[{"damage_healed":0,"gold_gain":75,"player_choice":"Gather Gold","damage_taken":11,"max_hp_gain":0,"max_hp_loss":0,"event_name":"World of Goop","floor":3,"gold_loss":0},{"damage_healed":0,"gold_gain":0,"player_choice":"Lose Max HP","damage_taken":0,"relics_obtained":["Golden Idol"],"max_hp_gain":0,"max_hp_loss":7,"event_name":"Golden Idol","floor":4,"gold_loss":0},{"damage_healed":0,"gold_gain":0,"player_choice":"Leave","damage_taken":0,"max_hp_gain":0,"max_hp_loss":0,"event_name":"The Cleric","floor":8,"gold_loss":0},{"damage_healed":0,"gold_gain":0,"player_choice":"Upgraded","damage_taken":0,"max_hp_gain":0,"max_hp_loss":0,"event_name":"Upgrade Shrine","floor":13,"gold_loss":0,"cards_upgraded":["Genetic Algorithm"]}],"is_beta":false,"boss_relics":[{"not_picked":["Tiny House","Philosopher\u0027s Stone"],"picked":"Black Star"}],"items_purged_floors":[7],"is_endless":false,"potions_floor_spawned":[5,11,16,18],"killed_by":"Chosen","ascension_level":20}