{"path_per_floor":["M","M","M","M","M","R","M","R","T","M","M","R","?","R","B",null,"M","?","$","?","?","R","M","R","T","R","M","M","M","M","R"],"character_chosen":"IRONCLAD","items_purchased":["Happy Flower","Whirlwind"],"gold_per_floor":[20,33,47,63,81,81,92,92,92,181,193,193,193,193,291,291,304,304,69,69,69,69,85,85,85,85,101,112,123,138,138,138],"floor_reached":32,"campfire_rested":1,"playtime":2454,"current_hp_per_floor":[80,80,80,80,80,80,80,80,80,78,80,80,64,64,57,80,58,58,58,58,80,80,80,80,80,80,80,80,80,55,80,0],"items_purged":[],"gold":138,"score":286,"play_id":"636466cd-f1b7-4368-a2f1-c07e9256ba49","local_time":"20180415213550","is_prod":false,"is_daily":false,"chose_seed":false,"is_ascension_mode":true,"campfire_upgraded":7,"timestamp":1523853350,"path_taken":["M","M","M","M","M","R","M","R","T","?","M","?","R","?","R","BOSS","M","?","$","?","?","R","M","R","T","R","M","M","M","M","R","BOSS"],"build_version":"2018-04-12","seed_source_timestamp":0,"purchased_purges":0,"victory":false,"master_deck":["Strike_R","Strike_R","Strike_R+1","Strike_R","Defend_R","Defend_R","Defend_R","Defend_R","Bash","Seeing Red+1","True Grit+1","Inflame+1","Pummel+1","Flame Barrier+1","Infernal Blade+1","Disarm","Offering+1","Dual Wield+1","Whirlwind+1","Ghostly Armor","Pummel+1","Anger+1","Impervious"],"max_hp_per_floor":[80,80,80,80,80,80,80,80,80,80,80,80,80,80,80,80,80,80,80,80,80,80,80,80,80,80,80,80,80,80,80,80],"relics":["Black Blood","Magic Flower","Bag of Marbles","Happy Flower","Shuriken","Regal Pillow"],"card_choices":[{"not_picked":["True Grit","Pummel"],"picked":"Seeing Red","floor":1.0},{"not_picked":["Iron Wave","Sword Boomerang"],"picked":"True Grit","floor":2.0},{"not_picked":["Disarm","Combust"],"picked":"Inflame","floor":3.0},{"not_picked":["Cleave","Reckless Charge"],"picked":"Pummel","floor":4.0},{"not_picked":["Pommel Strike","Wild Strike"],"picked":"Flame Barrier","floor":7.0},{"not_picked":["Twin Strike","Flame Barrier"],"picked":"Infernal Blade","floor":10},{"not_picked":["Clothesline","Cleave"],"picked":"Disarm","floor":11},{"not_picked":["Berserk","Limit Break"],"picked":"Offering","floor":15},{"not_picked":["Warcry","Havoc"],"picked":"Dual Wield","floor":17},{"not_picked":["Reckless Charge","Perfected Strike"],"picked":"Ghostly Armor","floor":23},{"not_picked":["Sever Soul","Evolve"],"picked":"Pummel","floor":28},{"not_picked":["Warcry","Clothesline"],"picked":"Anger","floor":29},{"not_picked":["Clothesline","Body Slam"],"picked":"Impervious","floor":30}],"player_experience":159041,"potions_floor_usage":[15,29,30],"damage_taken":[{"damage":7.0,"enemies":"Small Slimes","floor":1.0,"turns":3.0},{"damage":6.0,"enemies":"Cultist","floor":2.0,"turns":4.0},{"damage":0.0,"enemies":"2 Louse","floor":3.0,"turns":4.0},{"damage":8.0,"enemies":"Large Slime","floor":4.0,"turns":7.0},{"damage":2.0,"enemies":"Red Slaver","floor":5.0,"turns":5.0},{"damage":1.0,"enemies":"Exordium Wildlife","floor":7.0,"turns":5.0},{"damage":9.0,"enemies":"The Mushroom Lair","floor":10.0,"turns":3.0},{"damage":0,"enemies":"Large Slime","floor":10,"turns":4},{"damage":5,"enemies":"2 Fungi Beasts","floor":11,"turns":4},{"damage":41,"enemies":"The Guardian","floor":15,"turns":12},{"damage":37,"enemies":"Chosen","floor":17,"turns":6},{"damage":0,"enemies":"3 Byrds","floor":23,"turns":3},{"damage":4,"enemies":"3 Cultists","floor":27,"turns":1},{"damage":19,"enemies":"Snake Plant","floor":28,"turns":5},{"damage":0,"enemies":"Snecko","floor":29,"turns":2},{"damage":40,"enemies":"Slaver and Parasite","floor":30,"turns":7},{"damage":103,"enemies":"Collector","floor":32,"turns":7}],"event_choices":[{"event_name":"Mushrooms","player_choice":"Fought Mushrooms","floor":10.0,"damage_taken":0.0},{"event_name":"World of Goop","player_choice":"Gather Gold","floor":10,"damage_taken":0},{"event_name":"Shining Light","player_choice":"Entered Light","floor":13,"damage_taken":0},{"event_name":"Transmorgrifier","player_choice":"Transform","floor":18,"damage_taken":0},{"event_name":"Wheel of Change","player_choice":"Relic","floor":20,"damage_taken":0},{"event_name":"Bonfire Elementals","player_choice":"UNCOMMON","floor":21,"damage_taken":0}],"boss_relics":[{"not_picked":["Tiny House","Lizard Tail"],"picked":"Black Blood"}],"potions_floor_spawned":[3,4,5,7,15,29,30],"seed_played":"7734665821550206335","killed_by":"Collector","ascension_level":4,"is_trial":false}