{"gold_per_floor":[359,369,444,457,469,469,13,48,74,106,117,152,152,169,169,245,245,255,268,318,45,45,45,74,74,98,110,165,165,177,210,210,284,284,297,297,311,411,282,309,309,339,339,352,369,404,455,487,499,511,523],"floor_reached":52,"playtime":2998,"items_purged":["Sever Soul"],"score":2291,"play_id":"cd4a1506-5ee2-4e97-96e3-b1b354b0fa1b","local_time":"20190502032244","is_ascension_mode":true,"campfire_choices":[{"data":"Bash","floor":6.0,"key":"SMITH"},{"data":"Shockwave","floor":15.0,"key":"SMITH"},{"data":"Immolate","floor":23.0,"key":"SMITH"},{"data":"Limit Break","floor":25.0,"key":"SMITH"},{"data":"Uppercut","floor":29.0,"key":"SMITH"},{"data":"Feel No Pain","floor":32.0,"key":"SMITH"},{"floor":41,"key":"RECALL"},{"data":"Limit Break","floor":49,"key":"SMITH"}],"neow_cost":"TEN_PERCENT_HP_LOSS","seed_source_timestamp":1905810446133147,"circlet_count":0,"master_deck":["AscendersBane","Bash+1","Clothesline","Rampage","Feel No Pain+1","Seeing Red+1","Shockwave+1","Offering","Second Wind","Anger","Metallicize","Whirlwind","Impervious","Carnage","Uppercut+1","Dark Embrace","Immolate+1","Limit Break+1","Carnage","Entrench","Body Slam+1","Armaments+1","Shrug It Off","Metallicize","Necronomicurse","Ghostly Armor","Shockwave","Limit Break+1","Headbutt+1","Dark Shackles","Secret Weapon","Flame Barrier","Pummel","Corruption","Shrug It Off","Headbutt","Feel No Pain","Second Wind","Havoc+1"],"special_seed":0,"relics":["Burning Blood","Vajra","Sling","War Paint","Art of War","Red Skull","Meat on the Bone","Pandora\u0027s Box","Necronomicon","Mango","Dream Catcher","Tiny Chest","Red Mask","Runic Pyramid","Charon\u0027s Ashes","Strawberry","Orichalcum","Dead Branch","Ornamental Fan","Incense Burner","MawBank"],"potions_floor_usage":[],"damage_taken":[{"damage":7.0,"enemies":"Cultist","floor":1.0,"turns":4.0},{"damage":12.0,"enemies":"Jaw Worm","floor":2.0,"turns":2.0},{"damage":6.0,"enemies":"2 Louse","floor":4.0,"turns":4.0},{"damage":15.0,"enemies":"Blue Slaver","floor":5.0,"turns":5.0},{"damage":9.0,"enemies":"3 Sentries","floor":8.0,"turns":7.0},{"damage":15.0,"enemies":"Lagavulin","floor":10.0,"turns":5.0},{"damage":15.0,"enemies":"Red Slaver","floor":11.0,"turns":2.0},{"damage":16.0,"enemies":"3 Sentries","floor":12.0,"turns":4.0},{"damage":6.0,"enemies":"Large Slime","floor":14.0,"turns":4.0},{"damage":18.0,"enemies":"The Guardian","floor":16.0,"turns":9.0},{"damage":22.0,"enemies":"Spheric Guardian","floor":18.0,"turns":4.0},{"damage":15.0,"enemies":"3 Byrds","floor":19.0,"turns":4.0},{"damage":14.0,"enemies":"Book of Stabbing","floor":24.0,"turns":2.0},{"damage":0.0,"enemies":"Snake Plant","floor":27.0,"turns":2.0},{"damage":6.0,"enemies":"Snecko","floor":30.0,"turns":2.0},{"damage":18.0,"enemies":"Masked Bandits","floor":31.0,"turns":3.0},{"damage":39.0,"enemies":"Collector","floor":33.0,"turns":9.0},{"damage":0,"enemies":"3 Shapes","floor":35,"turns":4},{"damage":0,"enemies":"Orb Walker","floor":37,"turns":3},{"damage":6,"enemies":"Mind Bloom Boss Battle","floor":38,"turns":7},{"damage":6,"enemies":"Giant Head","floor":40,"turns":5},{"damage":6,"enemies":"Nemesis","floor":42,"turns":5},{"damage":14,"enemies":"4 Shapes","floor":44,"turns":1},{"damage":10,"enemies":"Jaw Worm Horde","floor":45,"turns":4},{"damage":9,"enemies":"Giant Head","floor":46,"turns":4},{"damage":7,"enemies":"2 Orb Walkers","floor":47,"turns":3},{"damage":0,"enemies":"Reptomancer","floor":48,"turns":4},{"damage":32,"enemies":"Awakened One","floor":50,"turns":10},{"damage":36,"enemies":"Donu and Deca","floor":51,"turns":13}],"seed_played":"-8056110170991206705","potions_obtained":[{"floor":2.0,"key":"Poison Potion"},{"floor":5.0,"key":"AttackPotion"},{"floor":10.0,"key":"Swift Potion"},{"floor":18.0,"key":"Poison Potion"},{"floor":24.0,"key":"Fire Potion"},{"floor":27.0,"key":"PowerPotion"},{"floor":35,"key":"Weak Potion"},{"floor":42,"key":"SkillPotion"}],"is_trial":false,"path_per_floor":["M","M","?","M","M","R","$","E","T","E","M","E","?","M","R","B",null,"M","M","?","$","?","R","E","R","T","M","T","R","M","?","R","B",null,"M","?","M","?","$","E","R","E","T","M","M","E","?","E","R","B","B",null],"character_chosen":"IRONCLAD","items_purchased":["Vajra","Shockwave","Sling","Shrug It Off","Metallicize","Fire Potion","Corruption","Shrug It Off"],"campfire_rested":0,"item_purchase_floors":[7,7,7,21,21,21,39,39],"current_hp_per_floor":[67,61,50,50,41,41,41,38,38,29,20,10,10,22,22,22,57,41,44,44,44,23,23,41,41,41,59,59,59,59,59,59,38,71,77,67,73,73,73,80,80,80,80,72,68,65,64,70,70,56,38],"gold":535,"neow_bonus":"TWO_FIFTY_GOLD","is_prod":false,"is_daily":false,"chose_seed":false,"campfire_upgraded":7,"win_rate":0,"timestamp":1556781764,"path_taken":["M","M","?","M","M","R","$","E","T","E","M","E","?","M","R","BOSS","M","M","?","$","?","R","E","R","T","M","?","R","?","?","R","BOSS","M","?","M","?","$","E","R","E","T","M","M","E","?","E","R","BOSS","BOSS"],"build_version":"2019-04-23","purchased_purges":1,"victory":true,"max_hp_per_floor":[68,68,68,68,68,68,68,68,68,68,68,68,68,68,68,68,68,68,68,68,68,68,68,82,82,82,82,82,82,82,82,82,82,82,82,82,82,82,82,89,89,89,89,89,89,89,89,89,89,89,89],"card_choices":[{"not_picked":["Warcry","Rage"],"picked":"Clothesline","floor":1.0},{"not_picked":["Wild Strike","Clothesline"],"picked":"Rampage","floor":2.0},{"not_picked":["Dual Wield","Warcry"],"picked":"Feel No Pain","floor":4.0},{"not_picked":["Sword Boomerang","Heavy Blade"],"picked":"Seeing Red","floor":5.0},{"not_picked":["Armaments","Pummel"],"picked":"Offering","floor":8.0},{"not_picked":["Blood for Blood","Wild Strike"],"picked":"Second Wind","floor":10.0},{"not_picked":["Sword Boomerang","Shockwave"],"picked":"Anger","floor":11.0},{"not_picked":["Dual Wield","Cleave"],"picked":"Metallicize","floor":12.0},{"not_picked":["Thunderclap","Blood for Blood"],"picked":"Whirlwind","floor":14.0},{"not_picked":["Offering","Berserk"],"picked":"Impervious","floor":16.0},{"not_picked":["Thunderclap","Whirlwind"],"picked":"Body Slam+1","floor":18.0},{"not_picked":["Perfected Strike+1","Sword Boomerang"],"picked":"Armaments+1","floor":19.0},{"not_picked":["Sever Soul","Clash","Flex"],"picked":"SKIP","floor":24.0},{"not_picked":["Rampage","Cleave"],"picked":"Ghostly Armor","floor":27.0},{"not_picked":["Whirlwind","Havoc+1"],"picked":"Shockwave","floor":30.0},{"not_picked":["Immolate","Impervious"],"picked":"Limit Break","floor":33.0},{"not_picked":["Iron Wave+1","Pummel"],"picked":"Headbutt+1","floor":35},{"not_picked":["Impatience","Enlightenment"],"picked":"Dark Shackles","floor":36},{"not_picked":["Flash of Steel","Impatience"],"picked":"Secret Weapon","floor":36},{"not_picked":["Havoc+1","Sword Boomerang"],"picked":"Flame Barrier","floor":37},{"not_picked":["Twin Strike","Berserk"],"picked":"Pummel","floor":38},{"not_picked":["Iron Wave","Dark Embrace"],"picked":"Headbutt","floor":40},{"not_picked":["Thunderclap+1","Sword Boomerang+1"],"picked":"Feel No Pain","floor":42},{"not_picked":["Anger","Hemokinesis","Sever Soul+1"],"picked":"SKIP","floor":44},{"not_picked":["Shockwave","Body Slam+1","Carnage+1"],"picked":"SKIP","floor":45},{"not_picked":["Body Slam+1","Bloodletting"],"picked":"Second Wind","floor":46},{"not_picked":["Shockwave","Corruption"],"picked":"Havoc+1","floor":48}],"player_experience":1597025,"relics_obtained":[{"floor":8.0,"key":"War Paint"},{"floor":9.0,"key":"Art of War"},{"floor":10.0,"key":"Red Skull"},{"floor":12.0,"key":"Meat on the Bone"},{"floor":22.0,"key":"Necronomicon"},{"floor":24.0,"key":"Mango"},{"floor":26.0,"key":"Dream Catcher"},{"floor":28.0,"key":"Tiny Chest"},{"floor":31.0,"key":"Red Mask"},{"floor":38,"key":"Charon\u0027s Ashes"},{"floor":40,"key":"Strawberry"},{"floor":42,"key":"Orichalcum"},{"floor":43,"key":"Dead Branch"},{"floor":46,"key":"Ornamental Fan"},{"floor":47,"key":"Incense Burner"},{"floor":48,"key":"MawBank"}],"event_choices":[{"damage_healed":0.0,"max_hp_gain":0.0,"max_hp_loss":0.0,"gold_gain":75.0,"event_name":"World of Goop","player_choice":"Gather Gold","floor":3.0,"gold_loss":0.0,"damage_taken":11.0},{"cards_removed":["Strike_R"],"damage_healed":0.0,"max_hp_gain":0.0,"max_hp_loss":0.0,"gold_gain":0.0,"event_name":"Living Wall","player_choice":"Forget","floor":13.0,"gold_loss":0.0,"damage_taken":0.0},{"damage_healed":0.0,"max_hp_gain":0.0,"max_hp_loss":0.0,"gold_gain":50.0,"event_name":"Nest","player_choice":"Stole From Cult","floor":20.0,"gold_loss":0.0,"damage_taken":0.0},{"damage_healed":0.0,"max_hp_gain":0.0,"max_hp_loss":0.0,"gold_gain":0.0,"event_name":"Cursed Tome","player_choice":"Obtained Book","floor":22.0,"gold_loss":0.0,"damage_taken":21.0},{"damage_healed":0.0,"max_hp_gain":0.0,"max_hp_loss":0.0,"gold_gain":0.0,"event_name":"Masked Bandits","player_choice":"Fought Bandits","floor":31.0,"gold_loss":0.0,"damage_taken":0.0},{"damage_healed":0,"gold_gain":0,"player_choice":"Memory 3","damage_taken":10,"max_hp_gain":0,"max_hp_loss":0,"event_name":"SensoryStone","floor":36,"gold_loss":0},{"damage_healed":0,"gold_gain":0,"player_choice":"Fight","damage_taken":0,"max_hp_gain":0,"max_hp_loss":0,"event_name":"MindBloom","floor":38,"gold_loss":0},{"damage_healed":0,"gold_gain":0,"player_choice":"Fight","damage_taken":0,"max_hp_gain":0,"max_hp_loss":0,"event_name":"Mysterious Sphere","floor":47,"gold_loss":0}],"is_beta":true,"boss_relics":[{"not_picked":["Astrolabe","Lizard Tail"],"picked":"Pandora\u0027s Box"},{"not_picked":["Calling Bell","Eternal Feather"],"picked":"Runic Pyramid"}],"items_purged_floors":[21],"is_endless":false,"potions_floor_spawned":[2,5,10,18,24,27,35,42,44,48],"ascension_level":20}