{"gold_per_floor":[109,122,122,122,122,157,171,446,493,526,93,93],"floor_reached":12,"playtime":353,"items_purged":["Regret"],"score":103,"play_id":"4aa38622-3c96-4e1e-836c-19eeac140dfa","local_time":"20180815203246","is_ascension_mode":true,"campfire_choices":[],"neow_cost":"","seed_source_timestamp":6105928617455,"circlet_count":0,"master_deck":["Strike_B","Strike_B","Strike_B","Strike_B","Defend_B","Defend_B","Defend_B+1","Defend_B","Zap","Dualcast","Beam Cell","BootSequence+1","Genetic Algorithm","Chill","FTL","Redo"],"special_seed":0,"relics":["Cracked Core","Anchor","Orichalcum","Dream Catcher","War Paint","Molten Egg 2"],"potions_floor_usage":[12],"damage_taken":[{"damage":1.0,"enemies":"Cultist","floor":1.0,"turns":3.0},{"damage":0.0,"enemies":"Small Slimes","floor":2.0,"turns":2.0},{"damage":22.0,"enemies":"Lagavulin","floor":6.0,"turns":8.0},{"damage":0.0,"enemies":"2 Louse","floor":7.0,"turns":2.0},{"damage":51.0,"enemies":"Gremlin Nob","floor":10.0,"turns":5.0},{"damage":12,"enemies":"3 Sentries","floor":12,"turns":2}],"seed_played":"-6587466125968066431","potions_obtained":[{"floor":2.0,"key":"Regen Potion"},{"floor":7.0,"key":"Weak Potion"}],"is_trial":false,"path_per_floor":["M","M","?","?","?","E","M","?","T","E","$"],"character_chosen":"DEFECT","items_purchased":["Molten Egg 2","Explosive Potion","Redo"],"campfire_rested":0,"item_purchase_floors":[11,11,11],"current_hp_per_floor":[74,74,74,74,67,59,59,59,59,8,8,0],"gold":93,"neow_bonus":"","is_prod":false,"is_daily":false,"chose_seed":false,"campfire_upgraded":0,"win_rate":0,"timestamp":1534379566,"path_taken":["M","?","?","?","?","E","M","?","T","E","$","E"],"build_version":"2018-08-09","purchased_purges":1,"victory":false,"max_hp_per_floor":[75,75,75,75,75,75,75,75,75,75,75,75],"card_choices":[{"not_picked":["Coolheaded","Conserve Battery"],"picked":"Beam Cell","floor":1.0},{"not_picked":["Turbo","Compile Driver"],"picked":"BootSequence","floor":2.0},{"not_picked":["Streamline","Leap"],"picked":"Genetic Algorithm","floor":6.0},{"not_picked":["Rebound","White Noise"],"picked":"Chill","floor":7.0},{"not_picked":["Sweeping Beam","Storm"],"picked":"FTL","floor":10}],"player_experience":195966,"relics_obtained":[{"floor":6.0,"key":"Orichalcum"},{"floor":9.0,"key":"Dream Catcher"},{"floor":10,"key":"War Paint"}],"event_choices":[{"event_name":"Liars Game","player_choice":"disagreed","floor":3.0,"damage_taken":0.0},{"event_name":"Big Fish","player_choice":"Box","floor":4.0,"damage_taken":0.0},{"event_name":"Golden Wing","player_choice":"Card Removal","floor":5.0,"damage_taken":0.0},{"event_name":"Golden Shrine","player_choice":"Desecrate","floor":8.0,"damage_taken":0.0}],"is_beta":false,"boss_relics":[],"items_purged_floors":[11],"is_endless":false,"potions_floor_spawned":[2,7],"killed_by":"3 Sentries","ascension_level":4}