{"gold_per_floor":[11,21,37,26,26,26,40,70,119,138,138,138,138,39,39,118,118,118,118,7,7,7,7,7,7,7,7,7,7,7,7,7,7,7,7,7,7,7,0,0,0,0,0,0,0,0,0,0,0,0],"floor_reached":51,"playtime":2562,"items_purged":[],"score":1240,"play_id":"ad982c65-4532-41fb-97cd-9aeeea301e88","local_time":"20190105220559","is_ascension_mode":true,"campfire_choices":[{"data":"All Out Attack","floor":6.0,"key":"SMITH"},{"data":"Backflip","floor":11.0,"key":"SMITH"},{"data":"Catalyst","floor":15.0,"key":"SMITH"},{"data":"Crippling Poison","floor":23.0,"key":"SMITH"},{"floor":25.0,"key":"REST"},{"data":"Dodge and Roll","floor":28.0,"key":"SMITH"},{"data":"Noxious Fumes","floor":30.0,"key":"SMITH"},{"floor":32.0,"key":"REST"},{"floor":42.0,"key":"REST"},{"floor":47.0,"key":"REST"},{"floor":49.0,"key":"REST"}],"neow_cost":"NO_GOLD","seed_source_timestamp":288551032542516,"circlet_count":0,"master_deck":["AscendersBane","Defend_G","Defend_G","Defend_G","Defend_G","Strike_G","Survivor","Neutralize","Dash","Poisoned Stab","Poisoned Stab","All Out Attack+1","Dagger Spray","Cloak And Dagger","Noxious Fumes+1","Backstab","Backflip+1","Terror","Catalyst+1","Cloak And Dagger","Envenom+1","Distraction","Caltrops","Crippling Poison+1","Burst","Dodge and Roll+1","Poisoned Stab","Bane","After Image","Dodge and Roll+1","Blade Dance","Dagger Spray+1","Well Laid Plans"],"special_seed":0,"relics":["Ring of the Snake","Centennial Puzzle","Art of War","Ectoplasm","Mercury Hourglass","Bag of Preparation","Calling Bell","Bag of Marbles","Letter Opener","Bird Faced Urn","Red Mask","Juzu Bracelet","Potion Belt","Shuriken"],"potions_floor_usage":[50],"damage_taken":[{"damage":0.0,"enemies":"2 Louse","floor":1.0,"turns":4.0},{"damage":0.0,"enemies":"Small Slimes","floor":2.0,"turns":3.0},{"damage":2.0,"enemies":"Jaw Worm","floor":3.0,"turns":3.0},{"damage":9.0,"enemies":"Exordium Thugs","floor":4.0,"turns":4.0},{"damage":1.0,"enemies":"Large Slime","floor":7.0,"turns":5.0},{"damage":16.0,"enemies":"Gremlin Nob","floor":8.0,"turns":4.0},{"damage":4.0,"enemies":"Red Slaver","floor":10.0,"turns":4.0},{"damage":11.0,"enemies":"Slime Boss","floor":16.0,"turns":7.0},{"damage":2.0,"enemies":"Shell Parasite","floor":18.0,"turns":6.0},{"damage":6.0,"enemies":"Spheric Guardian","floor":22.0,"turns":3.0},{"damage":30.0,"enemies":"Slavers","floor":24.0,"turns":5.0},{"damage":0.0,"enemies":"Centurion and Healer","floor":27.0,"turns":4.0},{"damage":7.0,"enemies":"Shelled Parasite and Fungi","floor":29.0,"turns":5.0},{"damage":8.0,"enemies":"3 Cultists","floor":31.0,"turns":4.0},{"damage":48.0,"enemies":"Automaton","floor":33.0,"turns":8.0},{"damage":5.0,"enemies":"Orb Walker","floor":35.0,"turns":4.0},{"damage":7.0,"enemies":"3 Darklings","floor":38.0,"turns":4.0},{"damage":33.0,"enemies":"Nemesis","floor":40.0,"turns":9.0},{"damage":26.0,"enemies":"Reptomancer","floor":45.0,"turns":7.0},{"damage":20.0,"enemies":"Maw","floor":46.0,"turns":7.0},{"damage":13.0,"enemies":"Writhing Mass","floor":48.0,"turns":5.0},{"damage":72,"enemies":"Time Eater","floor":50,"turns":7}],"seed_played":"6264795891329351887","potions_obtained":[{"floor":3.0,"key":"EssenceOfSteel"},{"floor":4.0,"key":"GamblersBrew"},{"floor":7.0,"key":"EssenceOfSteel"},{"floor":16.0,"key":"Fruit Juice"},{"floor":18.0,"key":"SteroidPotion"},{"floor":24.0,"key":"Dexterity Potion"},{"floor":31.0,"key":"FearPotion"},{"floor":33.0,"key":"Block Potion"},{"floor":35.0,"key":"Regen Potion"},{"floor":45.0,"key":"PowerPotion"},{"floor":46.0,"key":"Fire Potion"},{"floor":48.0,"key":"Dexterity Potion"}],"is_trial":false,"path_per_floor":["M","M","M","M","?","R","M","E","T","M","R","?","?","$","R","B",null,"M","?","$","?","M","R","E","R","T","M","R","M","R","M","R","B",null,"M","?","?","M","?","E","?","R","T","$","E","M","R","M","R","B",null],"character_chosen":"THE_SILENT","items_purchased":["Catalyst","Cloak And Dagger","GhostInAJar","Caltrops"],"campfire_rested":5,"item_purchase_floors":[14,14,20,20],"current_hp_per_floor":[59,59,57,48,48,48,47,31,31,27,27,27,49,49,49,43,64,62,62,62,62,56,56,26,47,47,47,47,40,40,32,53,5,55,56,56,56,65,65,38,38,59,59,59,37,27,48,43,64,2],"gold":0,"neow_bonus":"TRANSFORM_TWO_CARDS","is_prod":false,"is_daily":false,"chose_seed":false,"campfire_upgraded":6,"win_rate":0,"timestamp":1546743959,"path_taken":["M","M","M","M","?","R","M","E","T","M","R","?","?","?","R","BOSS","M","?","$","?","M","R","E","R","T","?","R","M","R","M","R","BOSS","M","?","?","?","?","E","?","R","T","$","E","M","R","M","R","BOSS"],"build_version":"2019-01-03v4","purchased_purges":0,"victory":true,"max_hp_per_floor":[66,66,66,66,66,66,66,66,66,66,66,66,66,66,66,71,71,71,71,71,71,71,71,71,71,71,71,71,71,71,71,71,71,71,71,71,71,71,71,71,71,71,71,71,71,71,71,71,71,71],"card_choices":[{"not_picked":["Dagger Throw","Choke"],"picked":"Poisoned Stab","floor":1.0},{"not_picked":["Distraction","Heel Hook"],"picked":"All Out Attack","floor":2.0},{"not_picked":["Blade Dance","Reflex"],"picked":"Dagger Spray","floor":3.0},{"not_picked":["Deflect","Flechettes"],"picked":"Cloak And Dagger","floor":4.0},{"not_picked":["Dagger Throw","Doppelganger"],"picked":"Noxious Fumes","floor":7.0},{"not_picked":["Prepared","Dagger Spray"],"picked":"Backstab","floor":8.0},{"not_picked":["Quick Slash","Acrobatics"],"picked":"Backflip","floor":10.0},{"not_picked":["Unload","Glass Knife"],"picked":"Envenom","floor":16.0},{"not_picked":["Backflip","Terror"],"picked":"Distraction","floor":18.0},{"not_picked":["Cloak And Dagger","Masterful Stab"],"picked":"Crippling Poison","floor":22.0},{"not_picked":["Storm of Steel","Deadly Poison"],"picked":"Burst","floor":24.0},{"not_picked":["Slice","Sucker Punch"],"picked":"Dodge and Roll","floor":27.0},{"not_picked":["All Out Attack","PiercingWail"],"picked":"Poisoned Stab","floor":29.0},{"not_picked":["Accuracy","Dagger Throw"],"picked":"Bane","floor":31.0},{"not_picked":["Phantasmal Killer","Die Die Die"],"picked":"After Image","floor":33.0},{"not_picked":["Quick Slash","Outmaneuver+1"],"picked":"Dodge and Roll+1","floor":35.0},{"not_picked":["Underhanded Strike","Poisoned Stab+1"],"picked":"Blade Dance","floor":38.0},{"not_picked":["Die Die Die","PiercingWail","Eviscerate+1"],"picked":"SKIP","floor":40.0},{"not_picked":["Bane","Heel Hook"],"picked":"Dagger Spray+1","floor":45.0},{"not_picked":["Expertise","Quick Slash","All Out Attack+1"],"picked":"SKIP","floor":46.0},{"not_picked":["Choke","Blade Dance+1"],"picked":"Well Laid Plans","floor":48.0}],"player_experience":513167,"relics_obtained":[{"floor":8.0,"key":"Centennial Puzzle"},{"floor":9.0,"key":"Art of War"},{"floor":24.0,"key":"Mercury Hourglass"},{"floor":26.0,"key":"Bag of Preparation"},{"floor":34.0,"key":"Bag of Marbles"},{"floor":34.0,"key":"Letter Opener"},{"floor":34.0,"key":"Bird Faced Urn"},{"floor":40.0,"key":"Juzu Bracelet"},{"floor":43.0,"key":"Potion Belt"},{"floor":45.0,"key":"Shuriken"}],"event_choices":[{"damage_healed":0.0,"max_hp_gain":0.0,"max_hp_loss":0.0,"gold_gain":0.0,"event_name":"The Cleric","player_choice":"Leave","floor":5.0,"gold_loss":0.0,"damage_taken":0.0},{"damage_healed":0.0,"max_hp_gain":0.0,"max_hp_loss":0.0,"gold_gain":0.0,"cards_transformed":["Strike_G"],"event_name":"Living Wall","player_choice":"Change","floor":12.0,"gold_loss":0.0,"damage_taken":0.0,"cards_obtained":["Terror"]},{"damage_healed":22.0,"max_hp_gain":0.0,"max_hp_loss":0.0,"gold_gain":0.0,"event_name":"Big Fish","player_choice":"Banana","floor":13.0,"gold_loss":0.0,"damage_taken":0.0},{"damage_healed":0.0,"max_hp_gain":0.0,"max_hp_loss":0.0,"gold_gain":0.0,"event_name":"Ghosts","player_choice":"Ignored","floor":19.0,"gold_loss":0.0,"damage_taken":0.0},{"damage_healed":0.0,"max_hp_gain":0.0,"max_hp_loss":0.0,"gold_gain":0.0,"event_name":"Accursed Blacksmith","player_choice":"Forge","floor":21.0,"gold_loss":0.0,"damage_taken":0.0,"cards_upgraded":["Envenom"]},{"cards_removed":["Defend_G"],"damage_healed":0.0,"max_hp_gain":0.0,"max_hp_loss":0.0,"gold_gain":0.0,"event_name":"Falling","player_choice":"Removed Skill","floor":36.0,"gold_loss":0.0,"damage_taken":0.0},{"cards_removed":["Clumsy","Doubt","Pain"],"damage_healed":0.0,"max_hp_gain":0.0,"max_hp_loss":0.0,"gold_gain":0.0,"event_name":"Fountain of Cleansing","player_choice":"Removed Curses","floor":37.0,"gold_loss":0.0,"damage_taken":0.0},{"damage_healed":0.0,"max_hp_gain":0.0,"max_hp_loss":0.0,"gold_gain":0.0,"event_name":"Tomb of Lord Red Mask","player_choice":"Paid","floor":39.0,"gold_loss":7.0,"damage_taken":0.0,"relics_obtained":["Red Mask"]},{"cards_removed":["Strike_G"],"damage_healed":0.0,"max_hp_gain":0.0,"max_hp_loss":0.0,"gold_gain":0.0,"event_name":"Purifier","player_choice":"Purged","floor":41.0,"gold_loss":0.0,"damage_taken":0.0}],"is_beta":false,"boss_relics":[{"not_picked":["Ring of the Serpent","White Beast Statue"],"picked":"Ectoplasm"},{"not_picked":["Runic Pyramid","Philosopher\u0027s Stone"],"picked":"Calling Bell"}],"items_purged_floors":[],"is_endless":false,"potions_floor_spawned":[3,4,7,16,18,24,31,33,35,45,46,48],"ascension_level":14}