{"gold_per_floor":[116,21,0,0,16,16,30,46,115,129,99,117,117,137,137,211,211,230,210,210,210,26,36,55,74,74,74,74],"floor_reached":28,"playtime":6553,"items_purged":["Normality"],"score":410,"play_id":"e53519e6-e7a5-4890-8d35-30025a0f52f3","local_time":"20190129180039","is_ascension_mode":true,"campfire_choices":[{"data":"Dagger Throw","floor":6.0,"key":"SMITH"},{"data":"Caltrops","floor":15.0,"key":"SMITH"},{"floor":27,"key":"REST"}],"neow_cost":"NONE","seed_source_timestamp":1030493278833,"circlet_count":0,"master_deck":["AscendersBane","Defend_G","Defend_G","Defend_G","Defend_G","Defend_G","Strike_G","Strike_G","Strike_G","Strike_G","Strike_G","Survivor","Neutralize","Cloak And Dagger+1","Footwork","Dagger Throw+1","Backflip","Distraction","Dodge and Roll","Calculated Gamble+1","Caltrops+1","Cloak And Dagger+1","Poisoned Stab","Burst+1","Backflip+1","Riddle With Holes","Leg Sweep+1","Deflect+1","Predator","Regret"],"special_seed":0,"relics":["Ring of the Snake","Toxic Egg 2","Cursed Key","Nilry\u0027s Codex","Ornamental Fan","The Courier"],"potions_floor_usage":[24,28],"damage_taken":[{"damage":4.0,"enemies":"Jaw Worm","floor":1.0,"turns":8.0},{"damage":0.0,"enemies":"2 Louse","floor":5.0,"turns":2.0},{"damage":0.0,"enemies":"Cultist","floor":7.0,"turns":4.0},{"damage":7.0,"enemies":"Large Slime","floor":8.0,"turns":8.0},{"damage":1.0,"enemies":"Looter","floor":10.0,"turns":4.0},{"damage":11.0,"enemies":"Exordium Thugs","floor":11.0,"turns":4.0},{"damage":12.0,"enemies":"Lots of Slimes","floor":12.0,"turns":8.0},{"damage":0.0,"enemies":"Red Slaver","floor":14.0,"turns":4.0},{"damage":15.0,"enemies":"The Guardian","floor":16.0,"turns":13.0},{"damage":18.0,"enemies":"Spheric Guardian","floor":18.0,"turns":5.0},{"damage":7.0,"enemies":"2 Thieves","floor":19.0,"turns":4.0},{"damage":2.0,"enemies":"Cultist and Chosen","floor":23.0,"turns":8.0},{"damage":4,"enemies":"Snake Plant","floor":24,"turns":4},{"damage":2,"enemies":"Centurion and Healer","floor":25,"turns":14},{"damage":33,"enemies":"Gremlin Leader","floor":28,"turns":7}],"seed_played":"7712904934538699709","potions_obtained":[{"floor":7.0,"key":"GamblersBrew"},{"floor":8.0,"key":"Strength Potion"},{"floor":11.0,"key":"GamblersBrew"},{"floor":12.0,"key":"SkillPotion"},{"floor":23.0,"key":"PowerPotion"},{"floor":25,"key":"Energy Potion"}],"is_trial":false,"path_per_floor":["M","$","?","?","M","R","M","M","T","M","M","M","?","M","R","B",null,"M","M","?","T","$","M","M","M","T","R","E"],"character_chosen":"THE_SILENT","items_purchased":["Footwork","Dagger Throw","PowerPotion","AttackPotion"],"campfire_rested":1,"item_purchase_floors":[2,2,22,22],"current_hp_per_floor":[61,61,61,61,61,61,61,54,54,53,42,30,30,30,30,15,58,40,33,12,12,12,10,6,4,4,25,0],"gold":74,"neow_bonus":"TEN_PERCENT_HP_BONUS","is_prod":false,"is_daily":false,"chose_seed":false,"campfire_upgraded":2,"win_rate":0,"timestamp":1548802839,"path_taken":["M","$","?","?","?","R","M","M","T","M","M","M","?","M","R","BOSS","M","M","?","?","$","M","M","?","T","R","E"],"build_version":"2019-01-23","purchased_purges":1,"victory":false,"max_hp_per_floor":[72,72,72,72,72,72,72,72,72,72,72,72,72,72,72,72,72,72,72,72,72,72,72,72,72,72,72,72],"card_choices":[{"not_picked":["Heel Hook","Bane"],"picked":"Cloak And Dagger","floor":1.0},{"not_picked":["Deadly Poison","Choke"],"picked":"Backflip","floor":5.0},{"not_picked":["PiercingWail","Deflect"],"picked":"Distraction","floor":7.0},{"not_picked":["Backflip","Bane"],"picked":"Dodge and Roll","floor":8.0},{"not_picked":["Dagger Spray","Prepared+1"],"picked":"Calculated Gamble+1","floor":10.0},{"not_picked":["Grand Finale","Flechettes"],"picked":"Caltrops","floor":11.0},{"not_picked":["Quick Slash","Underhanded Strike"],"picked":"Cloak And Dagger+1","floor":12.0},{"not_picked":["Acrobatics+1","Heel Hook"],"picked":"Poisoned Stab","floor":14.0},{"not_picked":["Tools of the Trade","Envenom"],"picked":"Burst+1","floor":16.0},{"not_picked":["Tactician+1","Caltrops"],"picked":"Backflip+1","floor":18.0},{"not_picked":["Underhanded Strike","Quick Slash"],"picked":"Riddle With Holes","floor":19.0},{"not_picked":["Sucker Punch","Acrobatics+1"],"picked":"Leg Sweep+1","floor":23.0},{"not_picked":["Skewer+1","Dagger Throw"],"picked":"Deflect+1","floor":24},{"not_picked":["Acrobatics+1","Poisoned Stab"],"picked":"Predator","floor":25}],"player_experience":601330,"relics_obtained":[{"floor":9.0,"key":"Toxic Egg 2"},{"floor":20.0,"key":"Nilry\u0027s Codex"},{"floor":21.0,"key":"Ornamental Fan"},{"floor":26,"key":"The Courier"}],"event_choices":[{"damage_healed":0.0,"max_hp_gain":0.0,"max_hp_loss":0.0,"gold_gain":0.0,"event_name":"World of Goop","player_choice":"Left Gold","floor":3.0,"gold_loss":21.0,"damage_taken":0.0},{"damage_healed":0.0,"max_hp_gain":0.0,"max_hp_loss":0.0,"gold_gain":0.0,"event_name":"Accursed Blacksmith","player_choice":"Forge","floor":4.0,"gold_loss":0.0,"damage_taken":0.0,"cards_upgraded":["Cloak And Dagger"]},{"damage_healed":0.0,"max_hp_gain":0.0,"max_hp_loss":0.0,"gold_gain":0.0,"event_name":"Liars Game","player_choice":"Ignored","floor":13.0,"gold_loss":0.0,"damage_taken":0.0},{"damage_healed":0.0,"max_hp_gain":0.0,"max_hp_loss":0.0,"gold_gain":0.0,"event_name":"Cursed Tome","player_choice":"Obtained Book","floor":20.0,"gold_loss":0.0,"damage_taken":21.0}],"is_beta":false,"boss_relics":[{"not_picked":["Runic Pyramid","Fusion Hammer"],"picked":"Cursed Key"}],"items_purged_floors":[22],"is_endless":false,"potions_floor_spawned":[7,8,11,12,23,25],"killed_by":"Gremlin Leader","ascension_level":18}