{"gold_per_floor":[119,20,35,55,69,98,118,118,197,197,210,7,0],"floor_reached":13,"playtime":447,"items_purged":["Normality"],"score":91,"play_id":"198f79fe-c714-4932-b8d9-8b3b7b9504af","local_time":"20180819194711","is_ascension_mode":true,"campfire_choices":[{"floor":10,"key":"REST"}],"neow_cost":"CURSE","seed_source_timestamp":46394793478016,"circlet_count":0,"master_deck":["Strike_B","Strike_B","Strike_B","Strike_B","Defend_B","Defend_B","Defend_B","Defend_B","Zap","Dualcast","Echo Form","Leap","Compile Driver","Storm","Turbo","Melter","Conserve Battery","Coolheaded","Sunder","Stack"],"relics":["Cracked Core","Matryoshka","Symbiotic Virus","Centennial Puzzle","Boot"],"potions_floor_usage":[4,7,7],"damage_taken":[{"damage":8,"enemies":"Jaw Worm","floor":1,"turns":4},{"damage":6,"enemies":"Cultist","floor":3,"turns":4},{"damage":6,"enemies":"2 Louse","floor":4,"turns":2},{"damage":5,"enemies":"Blue Slaver","floor":5,"turns":3},{"damage":49,"enemies":"3 Sentries","floor":6,"turns":8},{"damage":0,"enemies":"Exordium Thugs","floor":7,"turns":3},{"damage":13,"enemies":"3 Louse","floor":11,"turns":3},{"damage":10,"enemies":"Looter","floor":13,"turns":1}],"seed_played":"6519450195518797546","potions_obtained":[{"floor":1,"key":"Explosive Potion"},{"floor":3,"key":"Poison Potion"},{"floor":6,"key":"Swift Potion"}],"is_trial":false,"path_per_floor":["M","$","M","M","M","E","M","?","T","R","M","$"],"character_chosen":"DEFECT","items_purchased":["Compile Driver","Boot","Stack"],"campfire_rested":1,"item_purchase_floors":[2,12,12],"current_hp_per_floor":[67,67,61,55,50,1,1,1,1,23,10,10,0],"gold":0,"neow_bonus":"THREE_RARE_CARDS","is_prod":false,"is_daily":false,"chose_seed":false,"campfire_upgraded":0,"win_rate":0,"timestamp":1534700831,"path_taken":["M","$","M","M","M","E","M","?","T","R","M","$","M"],"build_version":"2018-08-16","purchased_purges":1,"victory":false,"max_hp_per_floor":[75,75,75,75,75,75,75,75,75,75,75,75,75],"card_choices":[{"not_picked":["Amplify","Fission"],"picked":"Echo Form","floor":0},{"not_picked":["Cold Snap","Doom and Gloom"],"picked":"Leap","floor":1},{"not_picked":["Heatsinks","Redo"],"picked":"Storm","floor":3},{"not_picked":["Streamline","Go for the Eyes"],"picked":"Turbo","floor":4},{"not_picked":["Chaos","Skim"],"picked":"Melter","floor":5},{"not_picked":["Biased Cognition","Chaos"],"picked":"Conserve Battery","floor":6},{"not_picked":["Rebound","Hologram"],"picked":"Coolheaded","floor":7},{"not_picked":["Rebound","Gash"],"picked":"Sunder","floor":11}],"player_experience":197132,"relics_obtained":[{"floor":6,"key":"Matryoshka"},{"floor":9,"key":"Symbiotic Virus"},{"floor":9,"key":"Centennial Puzzle"}],"event_choices":[{"event_name":"Shining Light","player_choice":"Ignored","floor":8,"damage_taken":0}],"is_beta":false,"boss_relics":[],"items_purged_floors":[2],"is_endless":false,"potions_floor_spawned":[1,3,6],"killed_by":"Looter","ascension_level":1}