{"gold_per_floor":[109,109,127,127,197,222,222,272,298,298,312,327,56,88,88,193,223,239,289,339,355,4,4,17,17,17,67,93,93,121,131,131,233,233,247,18,37,37,87,87,137,171,171,181,248,248,298,318,318,318,318,318,15,41,41],"floor_reached":55,"playtime":2649,"items_purged":["Thunder Strike"],"score":766,"play_id":"a9ea6c67-8053-4ed4-883f-c90d36e97217","local_time":"20190426150510","is_ascension_mode":false,"campfire_choices":[{"data":"Hyperbeam","floor":7.0,"key":"SMITH"},{"data":"Redo","floor":10.0,"key":"SMITH"},{"data":"Hyperbeam","floor":15.0,"key":"SMITH"},{"data":"Dualcast","floor":23.0,"key":"SMITH"},{"floor":25.0,"key":"REST"},{"data":"Reinforced Body","floor":29.0,"key":"SMITH"},{"floor":32.0,"key":"REST"},{"data":"Biased Cognition","floor":40.0,"key":"SMITH"},{"floor":46.0,"key":"REST"},{"floor":49.0,"key":"RECALL"},{"data":"Madness","floor":52.0,"key":"SMITH"}],"neow_cost":"NONE","seed_source_timestamp":78213467195600,"circlet_count":0,"master_deck":["Zap","Dualcast+1","Hello World","Redo+1","Recycle","Hyperbeam+1","Scrape","Melter","Creative AI+1","Doom and Gloom","Rebound","Cold Snap","Storm+1","Conserve Battery","Hyperbeam+1","Electrodynamics","Reinforced Body+1","Leap","Tempest","Glacier","Biased Cognition+1","BootSequence","Self Repair+1","Leap+1","Madness+1","Consume"],"special_seed":0,"relics":["Pandora\u0027s Box","SsserpentHead","Pen Nib","Omamori","Chemical X","Orichalcum","Calling Bell","Tiny Chest","Singing Bowl","Gambling Chip","PreservedInsect","OrangePellets","Ancient Tea Set","Dream Catcher","Lizard Tail","Bag of Preparation","Incense Burner","Darkstone Periapt","Bag of Marbles","Happy Flower","Centennial Puzzle"],"potions_floor_usage":[55],"damage_taken":[{"damage":7.0,"enemies":"2 Louse","floor":1.0,"turns":2.0},{"damage":0.0,"enemies":"Small Slimes","floor":3.0,"turns":1.0},{"damage":0.0,"enemies":"Cultist","floor":5.0,"turns":2.0},{"damage":20.0,"enemies":"3 Sentries","floor":6.0,"turns":6.0},{"damage":16.0,"enemies":"Large Slime","floor":11.0,"turns":2.0},{"damage":26.0,"enemies":"Lagavulin","floor":14.0,"turns":6.0},{"damage":3.0,"enemies":"The Guardian","floor":16.0,"turns":8.0},{"damage":4.0,"enemies":"Chosen","floor":18.0,"turns":5.0},{"damage":0.0,"enemies":"Spheric Guardian","floor":21.0,"turns":1.0},{"damage":31.0,"enemies":"Shelled Parasite and Fungi","floor":24.0,"turns":5.0},{"damage":13.0,"enemies":"Slavers","floor":28.0,"turns":3.0},{"damage":24.0,"enemies":"Book of Stabbing","floor":30.0,"turns":4.0},{"damage":3.0,"enemies":"Centurion and Healer","floor":31.0,"turns":3.0},{"damage":37.0,"enemies":"Collector","floor":33.0,"turns":9.0},{"damage":14.0,"enemies":"3 Darklings","floor":35.0,"turns":3.0},{"damage":8.0,"enemies":"Orb Walker","floor":37.0,"turns":4.0},{"damage":20.0,"enemies":"Reptomancer","floor":42.0,"turns":3.0},{"damage":24.0,"enemies":"Maw","floor":44.0,"turns":9.0},{"damage":25.0,"enemies":"Transient","floor":45.0,"turns":5.0},{"damage":0.0,"enemies":"Jaw Worm Horde","floor":48.0,"turns":1.0},{"damage":104.0,"enemies":"Awakened One","floor":50.0,"turns":17.0},{"damage":68.0,"enemies":"Shield and Spear","floor":54.0,"turns":9.0},{"damage":50,"enemies":"The Heart","floor":55,"turns":8}],"seed_played":"5219025826462573169","potions_obtained":[{"floor":11.0,"key":"Weak Potion"},{"floor":14.0,"key":"EssenceOfSteel"},{"floor":16.0,"key":"Dexterity Potion"},{"floor":30.0,"key":"EssenceOfSteel"},{"floor":35.0,"key":"Ancient Potion"},{"floor":54.0,"key":"Block Potion"}],"is_trial":false,"path_per_floor":["M","?","M","?","M","E","R","?","T","R","M","?","$","E","R","B",null,"M","?","?","M","$","R","M","R","T","$","E","R","E","M","R","B",null,"M","$","M","$","?","R","$","E","T","M","M","R","?","M","R","B",null,"R","$","E","B"],"character_chosen":"DEFECT","items_purchased":["Chemical X","PreservedInsect","OrangePellets","Leap","Bag of Preparation","BootSequence","Bag of Marbles","Happy Flower"],"campfire_rested":3,"item_purchase_floors":[13,22,22,22,36,36,53,53],"current_hp_per_floor":[68,73,73,73,73,53,53,37,37,37,21,41,41,15,15,12,80,76,76,61,63,63,63,34,60,60,60,47,47,23,22,51,14,93,81,81,73,73,73,73,73,65,65,53,40,70,64,64,64,27,105,105,105,49,0],"gold":41,"neow_bonus":"BOSS_RELIC","is_prod":false,"is_daily":false,"chose_seed":false,"campfire_upgraded":7,"win_rate":0,"timestamp":1556305510,"path_taken":["M","?","M","?","?","E","R","?","T","R","M","?","$","E","R","BOSS","M","?","?","M","?","R","M","R","T","?","E","R","E","M","R","BOSS","M","$","M","$","?","R","?","E","T","M","?","R","?","M","R","BOSS","R","$","E","BOSS"],"build_version":"2019-01-23","purchased_purges":1,"victory":false,"max_hp_per_floor":[75,80,80,80,80,80,80,80,80,80,80,80,80,80,80,80,80,80,80,85,87,87,87,89,89,89,89,89,89,89,91,93,93,93,95,95,95,95,95,95,95,97,97,99,101,101,105,105,105,105,105,105,105,107,107],"card_choices":[{"not_picked":["Conserve Battery","Steam"],"picked":"Doom and Gloom","floor":1.0},{"not_picked":["Static Discharge","Coolheaded"],"picked":"Rebound","floor":3.0},{"not_picked":["Redo","Rebound"],"picked":"Cold Snap","floor":5.0},{"not_picked":["Barrage","White Noise"],"picked":"Storm","floor":6.0},{"not_picked":["Defragment","Barrage"],"picked":"Conserve Battery","floor":11.0},{"not_picked":["Reboot","Gash"],"picked":"Hyperbeam","floor":14.0},{"not_picked":["Buffer","Reboot"],"picked":"Electrodynamics","floor":16.0},{"not_picked":["Streamline","Ball Lightning"],"picked":"Reinforced Body","floor":18.0},{"not_picked":["Gash","Fusion","Hologram"],"picked":"Singing Bowl","floor":21.0},{"not_picked":["Go for the Eyes+1","Cold Snap","Coolheaded"],"picked":"Singing Bowl","floor":24.0},{"not_picked":["Redo+1","Turbo"],"picked":"Tempest","floor":28.0},{"not_picked":["Doom and Gloom","Ball Lightning+1"],"picked":"Glacier","floor":30.0},{"not_picked":["Hologram","Leap","Compile Driver"],"picked":"Singing Bowl","floor":31.0},{"not_picked":["Lockon","Doom and Gloom","Auto Shields"],"picked":"Singing Bowl","floor":32.0},{"not_picked":["All For One","Buffer"],"picked":"Biased Cognition","floor":33.0},{"not_picked":["Sweeping Beam+1","Conserve Battery","Streamline"],"picked":"Singing Bowl","floor":35.0},{"not_picked":["Undo","Leap"],"picked":"Self Repair+1","floor":37.0},{"not_picked":["Beam Cell","Gash+1","Redo+1"],"picked":"Singing Bowl","floor":42.0},{"not_picked":["Redo","Compile Driver+1","Gash"],"picked":"Singing Bowl","floor":44.0},{"not_picked":["Turbo","Coolheaded+1","Leap"],"picked":"Singing Bowl","floor":45.0},{"not_picked":["Coolheaded","Sweeping Beam"],"picked":"Leap+1","floor":46.0},{"not_picked":["Panacea","Good Instincts"],"picked":"Madness","floor":47.0},{"not_picked":["Discovery","Flash of Steel","Forethought"],"picked":"Singing Bowl","floor":47.0},{"not_picked":["Flash of Steel","Bandage Up","Dark Shackles"],"picked":"Singing Bowl","floor":47.0},{"not_picked":["Doom and Gloom+1","Recycle"],"picked":"Consume","floor":48.0},{"not_picked":["Machine Learning","Coolheaded+1","Recycle+1"],"picked":"Singing Bowl","floor":54.0}],"player_experience":697216,"relics_obtained":[{"floor":6.0,"key":"Pen Nib"},{"floor":9.0,"key":"Omamori"},{"floor":14.0,"key":"Orichalcum"},{"floor":17.0,"key":"Tiny Chest"},{"floor":17.0,"key":"Singing Bowl"},{"floor":17.0,"key":"Gambling Chip"},{"floor":28.0,"key":"Ancient Tea Set"},{"floor":30.0,"key":"Dream Catcher"},{"floor":42.0,"key":"Incense Burner"},{"floor":43.0,"key":"Darkstone Periapt"},{"floor":54.0,"key":"Centennial Puzzle"}],"event_choices":[{"damage_healed":0.0,"max_hp_gain":5.0,"max_hp_loss":0.0,"gold_gain":0.0,"event_name":"Big Fish","player_choice":"Donut","floor":2.0,"gold_loss":0.0,"damage_taken":0.0},{"damage_healed":0.0,"max_hp_gain":0.0,"max_hp_loss":0.0,"gold_gain":0.0,"event_name":"FaceTrader","player_choice":"Trade","floor":4.0,"gold_loss":0.0,"damage_taken":0.0,"relics_obtained":["SsserpentHead"]},{"damage_healed":0.0,"max_hp_gain":0.0,"max_hp_loss":0.0,"gold_gain":0.0,"event_name":"Shining Light","player_choice":"Entered Light","floor":8.0,"gold_loss":0.0,"damage_taken":16.0,"cards_upgraded":["Creative AI","Storm"]},{"damage_healed":20.0,"max_hp_gain":0.0,"max_hp_loss":0.0,"gold_gain":0.0,"event_name":"The Cleric","player_choice":"Healed","floor":12.0,"gold_loss":35.0,"damage_taken":0.0},{"damage_healed":0.0,"max_hp_gain":0.0,"max_hp_loss":0.0,"gold_gain":0.0,"event_name":"Ghosts","player_choice":"Ignored","floor":19.0,"gold_loss":0.0,"damage_taken":0.0},{"damage_healed":0.0,"max_hp_gain":5.0,"max_hp_loss":0.0,"gold_gain":0.0,"event_name":"Forgotten Altar","player_choice":"Shed Blood","floor":20.0,"gold_loss":0.0,"damage_taken":20.0},{"cards_removed":["Shame"],"damage_healed":0.0,"max_hp_gain":0.0,"max_hp_loss":0.0,"gold_gain":0.0,"event_name":"Fountain of Cleansing","player_choice":"Removed Curses","floor":39.0,"gold_loss":0.0,"damage_taken":0.0},{"damage_healed":0.0,"max_hp_gain":0.0,"max_hp_loss":0.0,"gold_gain":0.0,"event_name":"SensoryStone","player_choice":"Memory 3","floor":47.0,"gold_loss":0.0,"damage_taken":10.0}],"is_beta":false,"boss_relics":[{"not_picked":["Cursed Key","White Beast Statue"],"picked":"Calling Bell"},{"not_picked":["Tiny House","Eternal Feather"],"picked":"Lizard Tail"}],"items_purged_floors":[13],"is_endless":false,"potions_floor_spawned":[11,14,16,21,30,31,35,37,42,44,54],"killed_by":"The Heart","ascension_level":0}