{"gold_per_floor":[118,135,135,155,171,197,214,214,262,293,311,321,334,345,345,448,448,458,472,485,495,59,59],"floor_reached":23,"playtime":1207,"items_purged":["Strike_G"],"score":222,"play_id":"70bbb031-3c78-4d47-9b08-b8231fcf24cc","local_time":"20190222232913","is_ascension_mode":true,"campfire_choices":[{"floor":15,"key":"REST"}],"neow_cost":"NONE","seed_source_timestamp":17605935812573,"circlet_count":0,"master_deck":["Defend_G","Defend_G","Defend_G","Defend_G","Defend_G","Strike_G","Strike_G","Survivor","Neutralize","Poisoned Stab","Dash","Bouncing Flask","Endless Agony","Noxious Fumes","Poisoned Stab","Bouncing Flask"],"relics":["Ring of the Snake","Pen Nib","Regal Pillow","Mercury Hourglass","Black Star","Tiny Chest","Strawberry"],"potions_floor_usage":[7,10,16,19,19,23,23],"damage_taken":[{"damage":0,"enemies":"2 Louse","floor":1,"turns":4},{"damage":0,"enemies":"Cultist","floor":2,"turns":3},{"damage":1,"enemies":"Jaw Worm","floor":4,"turns":4},{"damage":2,"enemies":"Blue Slaver","floor":5,"turns":3},{"damage":21,"enemies":"Lagavulin","floor":6,"turns":6},{"damage":9,"enemies":"Large Slime","floor":7,"turns":5},{"damage":18,"enemies":"Gremlin Nob","floor":10,"turns":4},{"damage":5,"enemies":"Looter","floor":11,"turns":3},{"damage":2,"enemies":"Exordium Thugs","floor":12,"turns":4},{"damage":0,"enemies":"3 Louse","floor":13,"turns":2},{"damage":0,"enemies":"Gremlin Gang","floor":14,"turns":4},{"damage":9,"enemies":"Hexaghost","floor":16,"turns":9},{"damage":15,"enemies":"Shell Parasite","floor":18,"turns":6},{"damage":10,"enemies":"2 Thieves","floor":19,"turns":2},{"damage":19,"enemies":"3 Cultists","floor":20,"turns":6},{"damage":16,"enemies":"Centurion and Healer","floor":21,"turns":7},{"damage":38,"enemies":"Slavers","floor":23,"turns":4}],"seed_played":"-5072031763553078240","potions_obtained":[{"floor":2,"key":"Fire Potion"},{"floor":6,"key":"Poison Potion"},{"floor":10,"key":"Fire Potion"},{"floor":13,"key":"Explosive Potion"},{"floor":14,"key":"GhostInAJar"}],"is_trial":false,"path_per_floor":["M","M","?","M","M","E","M","?","T","E","M","M","M","M","R","B",null,"M","M","M","M","$","E"],"character_chosen":"THE_SILENT","items_purchased":["Tiny Chest","Dexterity Potion","Strawberry","Explosive Potion"],"campfire_rested":1,"item_purchase_floors":[22,22,22,22],"current_hp_per_floor":[77,77,70,69,67,46,37,37,37,19,14,12,12,12,50,41,77,62,52,33,17,24,0],"gold":59,"neow_bonus":"TEN_PERCENT_HP_BONUS","is_prod":false,"is_daily":false,"chose_seed":false,"campfire_upgraded":0,"win_rate":0,"timestamp":1550878153,"path_taken":["M","M","?","M","M","E","M","?","T","E","?","M","M","M","R","BOSS","M","M","M","M","$","E"],"build_version":"2019-01-23","purchased_purges":1,"victory":false,"max_hp_per_floor":[77,77,77,77,77,77,77,77,77,77,77,77,77,77,77,77,77,77,77,77,77,84,84],"card_choices":[{"not_picked":["PiercingWail","Slice"],"picked":"Poisoned Stab","floor":1},{"not_picked":["Infinite Blades","Blade Dance"],"picked":"Dash","floor":2},{"not_picked":["Reflex","Poisoned Stab"],"picked":"Bouncing Flask","floor":4},{"not_picked":["Slice","Sucker Punch","Bane"],"picked":"SKIP","floor":5},{"not_picked":["Accuracy","Blade Dance","Dash"],"picked":"SKIP","floor":6},{"not_picked":["Acrobatics","Slice","Dagger Throw"],"picked":"SKIP","floor":7},{"not_picked":["Blade Dance","Flechettes","Deflect"],"picked":"SKIP","floor":10},{"not_picked":["Flying Knee","Slice","Outmaneuver"],"picked":"SKIP","floor":11},{"not_picked":["Storm of Steel","Prepared","Bane"],"picked":"SKIP","floor":12},{"not_picked":["Distraction","Bane","Backflip"],"picked":"SKIP","floor":13},{"not_picked":["Acrobatics","Eviscerate","Leg Sweep"],"picked":"SKIP","floor":14},{"not_picked":["Endless Agony","Cloak And Dagger","Acrobatics"],"picked":"SKIP","floor":18},{"not_picked":["Dagger Throw","Dodge and Roll+1"],"picked":"Noxious Fumes","floor":19},{"not_picked":["Backstab","Flying Knee"],"picked":"Poisoned Stab","floor":20},{"not_picked":["Calculated Gamble","Blur"],"picked":"Bouncing Flask","floor":21}],"player_experience":264393,"relics_obtained":[{"floor":6,"key":"Pen Nib"},{"floor":9,"key":"Regal Pillow"},{"floor":10,"key":"Mercury Hourglass"}],"event_choices":[{"cards_removed":["Strike_G"],"damage_healed":0,"gold_gain":0,"player_choice":"Card Removal","damage_taken":7,"max_hp_gain":0,"max_hp_loss":0,"event_name":"Golden Wing","floor":3,"gold_loss":0},{"damage_healed":0,"gold_gain":0,"cards_transformed":["Strike_G"],"player_choice":"Transformed","damage_taken":0,"max_hp_gain":0,"max_hp_loss":0,"event_name":"Transmorgrifier","floor":8,"gold_loss":0,"cards_obtained":["Endless Agony"]}],"is_beta":false,"boss_relics":[{"not_picked":["Astrolabe","Fusion Hammer"],"picked":"Black Star"}],"items_purged_floors":[22],"is_endless":false,"potions_floor_spawned":[2,6,10,13,14],"killed_by":"Slavers","ascension_level":1}