{"gold_per_floor":[117,11,30,30,30,30,48,79,79,137,155,155,155,180,180,274,274,294,294,319,0,0,0,0,0],"floor_reached":25,"playtime":1329,"items_purged":[],"score":398,"play_id":"67357c89-bd3c-4066-a42b-1f90fabdfb0c","local_time":"20190403181959","is_ascension_mode":true,"campfire_choices":[{"data":"Dagger Spray","floor":6.0,"key":"SMITH"},{"floor":12.0,"key":"REST"},{"floor":15.0,"key":"REST"},{"floor":23.0,"key":"REST"}],"neow_cost":"NONE","seed_source_timestamp":428537287311461,"circlet_count":0,"master_deck":["AscendersBane","Defend_G","Defend_G","Defend_G","Defend_G","Defend_G","Strike_G","Strike_G","Strike_G","Strike_G","Strike_G","Survivor","Neutralize","Bane","Footwork","Dagger Spray+1","Bouncing Flask","Crippling Poison","Burst","Noxious Fumes","PiercingWail","All Out Attack","Deadly Poison","Glass Knife","Catalyst","Deflect","Backflip","Noxious Fumes","Venomology","Deflect","Dodge and Roll"],"special_seed":0,"relics":["Black Star","WingedGreaves","Torii","Dream Catcher","Dead Branch","Paper Crane","Golden Idol","Orrery","Art of War"],"potions_floor_usage":[25,25],"damage_taken":[{"damage":8.0,"enemies":"Cultist","floor":1.0,"turns":5.0},{"damage":2.0,"enemies":"Jaw Worm","floor":3.0,"turns":6.0},{"damage":8.0,"enemies":"Small Slimes","floor":7.0,"turns":6.0},{"damage":23.0,"enemies":"3 Sentries","floor":8.0,"turns":9.0},{"damage":0.0,"enemies":"3 Sentries","floor":10.0,"turns":5.0},{"damage":7.0,"enemies":"Blue Slaver","floor":11.0,"turns":3.0},{"damage":8.0,"enemies":"Gremlin Gang","floor":14.0,"turns":4.0},{"damage":28.0,"enemies":"Slime Boss","floor":16.0,"turns":9.0},{"damage":20.0,"enemies":"Shell Parasite","floor":18.0,"turns":7.0},{"damage":25.0,"enemies":"3 Byrds","floor":20.0,"turns":4.0},{"damage":24,"enemies":"Book of Stabbing","floor":25,"turns":6}],"seed_played":"3073031139505234461","potions_obtained":[{"floor":1.0,"key":"Dexterity Potion"},{"floor":8.0,"key":"PowerPotion"},{"floor":11.0,"key":"Swift Potion"},{"floor":14.0,"key":"Energy Potion"},{"floor":20.0,"key":"SkillPotion"},{"floor":24.0,"key":"SpeedPotion"}],"is_trial":false,"path_per_floor":["M","$","M","?","?","R","M","E","T","?","M","R","?","M","R","B",null,"M","?","M","?","$","R","?","E"],"character_chosen":"THE_SILENT","items_purchased":["Footwork","Dagger Spray"],"campfire_rested":3,"item_purchase_floors":[2,2],"current_hp_per_floor":[51,51,49,49,44,44,36,13,13,13,6,25,25,17,35,7,47,27,27,2,2,2,20,20,0],"gold":0,"neow_bonus":"BOSS_RELIC","is_prod":false,"is_daily":false,"chose_seed":false,"campfire_upgraded":1,"win_rate":0,"timestamp":1554333599,"path_taken":["M","$","M","?","?","R","M","E","T","?","M","R","?","M","R","BOSS","M","?","?","?","$","R","?","E"],"build_version":"2019-01-23","purchased_purges":0,"victory":false,"max_hp_per_floor":[66,66,66,66,66,66,66,66,66,66,66,66,60,60,60,60,60,60,60,60,60,60,60,60,60],"card_choices":[{"not_picked":["Reflex","Heel Hook"],"picked":"Bane","floor":1.0},{"not_picked":["Bane","Outmaneuver"],"picked":"Bouncing Flask","floor":3.0},{"not_picked":["Blur","Blade Dance"],"picked":"Crippling Poison","floor":7.0},{"not_picked":["Reflex","Flying Knee"],"picked":"Burst","floor":8.0},{"not_picked":["Blade Dance","Deflect"],"picked":"Noxious Fumes","floor":10.0},{"not_picked":["Poisoned Stab","Acrobatics"],"picked":"PiercingWail","floor":11.0},{"not_picked":["Acrobatics","Cloak And Dagger"],"picked":"PiercingWail","floor":12.0},{"not_picked":["Backstab","Outmaneuver"],"picked":"All Out Attack","floor":14.0},{"not_picked":["Quick Slash","Masterful Stab"],"picked":"Deadly Poison","floor":15.0},{"not_picked":["Doppelganger","Envenom"],"picked":"Glass Knife","floor":16.0},{"not_picked":["Acrobatics","Tactician"],"picked":"Catalyst","floor":17.0},{"not_picked":["Prepared","Slice"],"picked":"Deflect","floor":17.0},{"not_picked":["Dagger Spray","Blade Dance"],"picked":"Backflip","floor":17.0},{"not_picked":["Masterful Stab","Outmaneuver"],"picked":"Noxious Fumes","floor":17.0},{"not_picked":["Eviscerate","Finisher"],"picked":"Venomology","floor":18.0},{"not_picked":["Prepared","Eviscerate"],"picked":"Deflect","floor":20.0},{"not_picked":["Quick Slash","Outmaneuver+1"],"picked":"Dodge and Roll","floor":23.0}],"player_experience":988738,"relics_obtained":[{"floor":8.0,"key":"Torii"},{"floor":8.0,"key":"Dream Catcher"},{"floor":9.0,"key":"Dead Branch"},{"floor":10.0,"key":"Paper Crane"}],"event_choices":[{"damage_healed":0.0,"max_hp_gain":0.0,"max_hp_loss":0.0,"gold_gain":0.0,"event_name":"Golden Wing","player_choice":"Ignored","floor":4.0,"gold_loss":0.0,"damage_taken":0.0},{"damage_healed":0.0,"max_hp_gain":0.0,"max_hp_loss":0.0,"gold_gain":0.0,"event_name":"Scrap Ooze","player_choice":"Success","floor":5.0,"gold_loss":0.0,"damage_taken":5.0,"relics_obtained":["WingedGreaves"]},{"damage_healed":0.0,"max_hp_gain":0.0,"max_hp_loss":0.0,"gold_gain":0.0,"event_name":"Dead Adventurer","player_choice":"Searched \u00271\u0027 times","floor":10.0,"gold_loss":0.0,"damage_taken":0.0},{"damage_healed":0.0,"max_hp_gain":0.0,"max_hp_loss":6.0,"gold_gain":0.0,"event_name":"Golden Idol","player_choice":"Lose Max HP","floor":13.0,"gold_loss":0.0,"damage_taken":0.0,"relics_obtained":["Golden Idol"]},{"cards_removed":["PiercingWail"],"damage_healed":0.0,"max_hp_gain":0.0,"max_hp_loss":0.0,"gold_gain":0.0,"event_name":"WeMeetAgain","player_choice":"Gave Card","floor":19.0,"gold_loss":0.0,"damage_taken":0.0,"relics_obtained":["Art of War"]},{"damage_healed":0.0,"max_hp_gain":0.0,"max_hp_loss":0.0,"gold_gain":0.0,"event_name":"Masked Bandits","player_choice":"Paid Fearfully","floor":21.0,"gold_loss":319.0,"damage_taken":0.0},{"damage_healed":0.0,"max_hp_gain":0.0,"max_hp_loss":0.0,"gold_gain":0.0,"event_name":"Lab","player_choice":"Got Potions","floor":24.0,"gold_loss":0.0,"damage_taken":0.0}],"is_beta":false,"boss_relics":[{"not_picked":["Calling Bell","Runic Dome"],"picked":"Orrery"}],"items_purged_floors":[],"is_endless":false,"potions_floor_spawned":[1,8,11,14,20],"killed_by":"Book of Stabbing","ascension_level":20}