{"gold_per_floor":[116,116,116,116,116,116,132,166,191,226,243,257,5,24,24,129,129,145,145,145,161,76,76,95,95,95,125,139,139,155,170,170,274,274,292,31,41,57,77,77,90,108,108,108,118,131,179,194,194,194],"floor_reached":51,"playtime":6042,"items_purged":[],"score":984,"play_id":"65151bd9-57bb-40d2-9264-4c5e966cbd04","local_time":"20180920190516","is_ascension_mode":true,"campfire_choices":[{"floor":6.0,"key":"REST"},{"floor":15.0,"key":"REST"},{"floor":23.0,"key":"DIG"},{"data":"Buffer","floor":29.0,"key":"SMITH"},{"data":"Loop","floor":32.0,"key":"SMITH"},{"data":"Buffer","floor":40.0,"key":"SMITH"},{"data":"Fission","floor":49.0,"key":"SMITH"}],"neow_cost":"","seed_source_timestamp":166361969216659,"circlet_count":0,"master_deck":["Strike_B+1","Strike_B","Strike_B","Strike_B","Defend_B+1","Defend_B","Defend_B","Zap+1","Dualcast","Beam Cell","Leap+1","Hologram+1","White Noise","FTL","Heatsinks","Loop+1","Hologram","Buffer+1","Self Repair","Conserve Battery","Reinforced Body+1","Redo+1","Coolheaded+1","Rebound","Cold Snap","Electrodynamics","Go for the Eyes+1","Buffer+1","Coolheaded","Leap+1","Redo+1","Defragment+1","Rebound+1","Fission+1","Sweeping Beam+1"],"special_seed":0,"relics":["Cracked Core","Vajra","Dream Catcher","Art of War","Strawberry","Pen Nib","Coffee Dripper","Shovel","Enchiridion","StoneCalendar","War Paint","Question Card","Bag of Marbles","Philosopher\u0027s Stone","Mummified Hand","Ornamental Fan","Bird Faced Urn","Emotion Chip"],"potions_floor_usage":[50],"damage_taken":[{"damage":0.0,"enemies":"Cultist","floor":1.0,"turns":4.0},{"damage":0.0,"enemies":"2 Louse","floor":7.0,"turns":2.0},{"damage":20.0,"enemies":"Lagavulin","floor":8.0,"turns":6.0},{"damage":31.0,"enemies":"Gremlin Nob","floor":10.0,"turns":4.0},{"damage":0.0,"enemies":"Jaw Worm","floor":11.0,"turns":3.0},{"damage":0.0,"enemies":"Looter","floor":12.0,"turns":3.0},{"damage":1.0,"enemies":"Exordium Thugs","floor":14.0,"turns":3.0},{"damage":0.0,"enemies":"Slime Boss","floor":16.0,"turns":4.0},{"damage":4.0,"enemies":"Chosen","floor":18.0,"turns":4.0},{"damage":2.0,"enemies":"2 Thieves","floor":21.0,"turns":3.0},{"damage":20.0,"enemies":"Snecko","floor":24.0,"turns":6.0},{"damage":0.0,"enemies":"Book of Stabbing","floor":27.0,"turns":6.0},{"damage":0.0,"enemies":"3 Cultists","floor":28.0,"turns":2.0},{"damage":6.0,"enemies":"Centurion and Healer","floor":30.0,"turns":5.0},{"damage":8.0,"enemies":"Sentry and Sphere","floor":31.0,"turns":4.0},{"damage":47.0,"enemies":"Champ","floor":33.0,"turns":11.0},{"damage":45.0,"enemies":"3 Darklings","floor":35.0,"turns":5.0},{"damage":0.0,"enemies":"Orb Walker","floor":37.0,"turns":3.0},{"damage":0.0,"enemies":"Spire Growth","floor":38.0,"turns":5.0},{"damage":0.0,"enemies":"Maw","floor":39.0,"turns":7.0},{"damage":0.0,"enemies":"Reptomancer","floor":41.0,"turns":7.0},{"damage":0.0,"enemies":"4 Shapes","floor":42.0,"turns":4.0},{"damage":0.0,"enemies":"Mind Bloom Boss Battle","floor":44.0,"turns":7.0},{"damage":14.0,"enemies":"Maw","floor":45.0,"turns":5.0},{"damage":12.0,"enemies":"3 Darklings","floor":46.0,"turns":3.0},{"damage":9.0,"enemies":"Mysterious Sphere","floor":47.0,"turns":6.0},{"damage":0.0,"enemies":"Transient","floor":48.0,"turns":5.0},{"damage":1,"enemies":"Awakened One","floor":50,"turns":21}],"seed_played":"7233463096492116526","potions_obtained":[{"floor":7.0,"key":"Block Potion"},{"floor":11.0,"key":"AttackPotion"},{"floor":12.0,"key":"SteroidPotion"},{"floor":21.0,"key":"Energy Potion"},{"floor":24.0,"key":"EssenceOfSteel"},{"floor":27.0,"key":"Swift Potion"},{"floor":33.0,"key":"FearPotion"},{"floor":35.0,"key":"Ancient Potion"},{"floor":37.0,"key":"SteroidPotion"},{"floor":38.0,"key":"Poison Potion"},{"floor":45.0,"key":"Poison Potion"}],"is_trial":false,"path_per_floor":["M","?","?","?","T","R","M","E","T","E","M","M","$","M","R","B",null,"M","T","?","M","?","R","M","$","T","E","M","R","M","M","R","B",null,"M","$","M","M","M","R","M","M","T","?","M","M","?","M","R","B"],"character_chosen":"DEFECT","items_purchased":["Fruit Juice","Pen Nib","Mummified Hand"],"campfire_rested":2,"item_purchase_floors":[13,13,36],"current_hp_per_floor":[68,61,61,46,46,68,68,48,48,24,24,24,24,28,54,54,79,75,75,59,64,64,64,51,51,51,58,58,58,59,58,58,18,70,25,25,25,32,39,39,46,46,46,53,70,68,80,87,87,87],"gold":194,"neow_bonus":"","is_prod":false,"is_daily":false,"chose_seed":false,"campfire_upgraded":4,"win_rate":0,"timestamp":1537484716,"path_taken":["M","?","?","?","?","R","?","E","T","E","M","M","$","M","R","BOSS","M","?","?","M","?","R","?","$","T","E","M","R","M","M","R","BOSS","M","$","M","M","M","R","M","M","T","?","M","?","?","M","R","BOSS"],"build_version":"2018-09-06","purchased_purges":0,"victory":true,"max_hp_per_floor":[75,75,75,75,75,75,75,75,75,82,82,82,82,87,87,87,87,87,87,87,87,87,87,87,87,87,87,87,87,87,87,87,87,87,87,87,87,87,87,87,87,87,87,87,87,87,87,87,87,87],"card_choices":[{"not_picked":["Turbo","Go for the Eyes"],"picked":"Beam Cell","floor":1.0},{"not_picked":["Chill","White Noise"],"picked":"Leap","floor":7.0},{"not_picked":["Hello World","Conserve Battery"],"picked":"Hologram","floor":8.0},{"not_picked":["Sunder","Undo"],"picked":"White Noise","floor":10.0},{"not_picked":["Redo","Steam"],"picked":"FTL","floor":11.0},{"not_picked":["Gash","Redo"],"picked":"Heatsinks","floor":12.0},{"not_picked":["Go for the Eyes","Coolheaded"],"picked":"Loop","floor":14.0},{"not_picked":["Barrage","Stack"],"picked":"Hologram","floor":15.0},{"not_picked":["Multi-Cast","Reboot"],"picked":"Buffer","floor":16.0},{"not_picked":["Sweeping Beam","Barrage+1"],"picked":"Self Repair","floor":18.0},{"not_picked":["Rebound","Stack"],"picked":"Conserve Battery","floor":21.0},{"not_picked":["Hologram+1","Leap"],"picked":"Reinforced Body+1","floor":24.0},{"not_picked":["Machine Learning","Blizzard","Cold Snap"],"picked":"Redo+1","floor":27.0},{"not_picked":["Gash","Compile Driver+1","Leap"],"picked":"Coolheaded+1","floor":28.0},{"not_picked":["Skim","Recycle","Conserve Battery"],"picked":"Rebound","floor":30.0},{"not_picked":["Ball Lightning","Stack","Go for the Eyes"],"picked":"Cold Snap","floor":31.0},{"not_picked":["Meteor Strike","Reboot","Rainbow"],"picked":"Electrodynamics","floor":33.0},{"not_picked":["Genetic Algorithm","Turbo+1","Streamline"],"picked":"Go for the Eyes+1","floor":35.0},{"not_picked":["Doom and Gloom+1","Stack","Genetic Algorithm+1"],"picked":"Buffer","floor":37.0},{"not_picked":["Sweeping Beam","Hologram+1","Capacitor+1","Stack+1"],"picked":"SKIP","floor":38.0},{"not_picked":["Barrage","Compile Driver","Ball Lightning"],"picked":"Coolheaded","floor":39.0},{"not_picked":["Coolheaded","Turbo","Streamline"],"picked":"Leap+1","floor":41.0},{"not_picked":["Storm","Leap","Compile Driver"],"picked":"Redo+1","floor":42.0},{"not_picked":["Rip and Tear+1","Rebound+1","Genetic Algorithm+1"],"picked":"Defragment+1","floor":44.0},{"not_picked":["Chaos+1","Turbo+1","Gash"],"picked":"Rebound+1","floor":45.0},{"not_picked":["FTL","Storm","Skim+1"],"picked":"Fission","floor":46.0},{"not_picked":["Reprogram+1","Streamline","Turbo+1"],"picked":"Sweeping Beam+1","floor":47.0},{"not_picked":["Gash","Sweeping Beam+1","Redo","Barrage"],"picked":"SKIP","floor":48.0}],"player_experience":267612,"relics_obtained":[{"floor":5.0,"key":"Vajra"},{"floor":8.0,"key":"Dream Catcher"},{"floor":9.0,"key":"Art of War"},{"floor":10.0,"key":"Strawberry"},{"floor":19.0,"key":"Shovel"},{"floor":20.0,"key":"Enchiridion"},{"floor":23.0,"key":"War Paint"},{"floor":26.0,"key":"Question Card"},{"floor":27.0,"key":"Bag of Marbles"},{"floor":43.0,"key":"Ornamental Fan"},{"floor":44.0,"key":"Bird Faced Urn"},{"floor":47.0,"key":"Emotion Chip"}],"event_choices":[{"event_name":"Golden Wing","player_choice":"Card Removal","floor":2.0,"damage_taken":0.0},{"event_name":"Upgrade Shrine","player_choice":"Upgraded","floor":3.0,"damage_taken":0.0},{"event_name":"Shining Light","player_choice":"Entered Light","floor":4.0,"damage_taken":0.0},{"event_name":"Cursed Tome","player_choice":"Obtained Book","floor":20.0,"damage_taken":0.0},{"event_name":"Addict","player_choice":"Obtained Relic","floor":22.0,"damage_taken":0.0},{"event_name":"MindBloom","player_choice":"Fight","floor":44.0,"damage_taken":0.0},{"event_name":"Mysterious Sphere","player_choice":"Fight","floor":47.0,"damage_taken":0.0}],"is_beta":false,"boss_relics":[{"not_picked":["Nuclear Battery","Orrery"],"picked":"Coffee Dripper"},{"not_picked":["Pandora\u0027s Box","Astrolabe"],"picked":"Philosopher\u0027s Stone"}],"items_purged_floors":[],"is_endless":false,"potions_floor_spawned":[7,11,12,21,24,27,33,35,37,38,45,47],"ascension_level":7}