{"gold_per_floor":[113,38,55,24,39,39,55,55,55,55,75,89,106,117,117,190,190,201,228,228,244,69,69,83,83,160,174,190,202,217,217,217,217],"floor_reached":33,"playtime":1863,"items_purged":["Strike_G"],"score":471,"play_id":"72d5668c-be49-4897-af6e-6ad7260d2301","local_time":"20190101174234","is_ascension_mode":true,"campfire_choices":[{"data":"Blur","floor":6.0,"key":"SMITH"},{"data":"Well Laid Plans","floor":8.0,"key":"SMITH"},{"data":"Dagger Spray","floor":10.0,"key":"SMITH"},{"data":"Quick Slash","floor":15.0,"key":"SMITH"},{"data":"Caltrops","floor":23.0,"key":"SMITH"},{"data":"Corpse Explosion","floor":25.0,"key":"SMITH"},{"data":"Bouncing Flask","floor":32.0,"key":"SMITH"}],"neow_cost":"NONE","seed_source_timestamp":597704676271117,"circlet_count":0,"master_deck":["AscendersBane","Defend_G","Defend_G","Defend_G","Defend_G","Defend_G","Survivor","Neutralize","Backflip","Blur+1","Dagger Spray+1","Well Laid Plans+1","Quick Slash+1","PiercingWail","Blur","Distraction","Corpse Explosion+1","Cloak And Dagger","Skewer","PiercingWail","Caltrops+1","Dash","Cloak And Dagger","Bouncing Flask+1","Poisoned Stab","Bite","Bite","Bite","Bite","Bite"],"special_seed":0,"relics":["Coffee Dripper","Singing Bowl","Lizard Tail","Red Mask","Ornamental Fan"],"potions_floor_usage":[33],"damage_taken":[{"damage":7.0,"enemies":"Small Slimes","floor":1.0,"turns":4.0},{"damage":0.0,"enemies":"Jaw Worm","floor":3.0,"turns":5.0},{"damage":0.0,"enemies":"2 Louse","floor":5.0,"turns":2.0},{"damage":9.0,"enemies":"Lots of Slimes","floor":7.0,"turns":3.0},{"damage":0.0,"enemies":"2 Fungi Beasts","floor":11.0,"turns":4.0},{"damage":0.0,"enemies":"Red Slaver","floor":12.0,"turns":4.0},{"damage":0.0,"enemies":"Large Slime","floor":13.0,"turns":6.0},{"damage":0.0,"enemies":"2 Fungi Beasts","floor":14.0,"turns":3.0},{"damage":8.0,"enemies":"The Guardian","floor":16.0,"turns":14.0},{"damage":12.0,"enemies":"Spheric Guardian","floor":18.0,"turns":6.0},{"damage":17.0,"enemies":"Masked Bandits","floor":19.0,"turns":3.0},{"damage":1.0,"enemies":"2 Thieves","floor":21.0,"turns":2.0},{"damage":0.0,"enemies":"Centurion and Healer","floor":24.0,"turns":6.0},{"damage":23.0,"enemies":"Snake Plant","floor":27.0,"turns":3.0},{"damage":10.0,"enemies":"Shelled Parasite and Fungi","floor":28.0,"turns":9.0},{"damage":0.0,"enemies":"3 Cultists","floor":29.0,"turns":3.0},{"damage":0.0,"enemies":"Cultist and Chosen","floor":30.0,"turns":2.0},{"damage":65,"enemies":"Automaton","floor":33,"turns":6}],"seed_played":"-1074059055414192767","potions_obtained":[{"floor":7.0,"key":"Explosive Potion"},{"floor":11.0,"key":"AttackPotion"},{"floor":19.0,"key":"SteroidPotion"},{"floor":27.0,"key":"EntropicBrew"},{"floor":28.0,"key":"PowerPotion"},{"floor":29.0,"key":"SkillPotion"}],"is_trial":false,"path_per_floor":["M","$","M","?","M","R","M","R","T","R","M","M","M","M","R","B",null,"M","?","?","M","$","R","M","R","T","M","M","M","M","?","R","B"],"character_chosen":"THE_SILENT","items_purchased":["Caltrops","Dash","Cloak And Dagger"],"campfire_rested":0,"item_purchase_floors":[22,22,22],"current_hp_per_floor":[56,56,56,56,56,56,47,47,47,47,47,47,47,47,47,39,62,50,33,33,32,32,32,32,32,32,11,3,3,5,5,5,0],"gold":217,"neow_bonus":"BOSS_RELIC","is_prod":false,"is_daily":false,"chose_seed":false,"campfire_upgraded":7,"win_rate":0,"timestamp":1546382554,"path_taken":["M","$","M","?","M","R","M","R","T","R","M","M","M","M","R","BOSS","M","?","?","M","$","R","M","R","T","M","?","M","M","?","R","BOSS"],"build_version":"2018-12-20","purchased_purges":1,"victory":false,"max_hp_per_floor":[70,70,70,70,70,70,70,70,70,70,70,70,70,70,70,70,70,70,70,70,70,70,70,70,70,70,72,74,74,76,53,53,53],"card_choices":[{"not_picked":["Caltrops","Slice"],"picked":"Backflip","floor":1.0},{"not_picked":["PiercingWail","Expertise"],"picked":"Blur","floor":3.0},{"not_picked":["Outmaneuver","Sucker Punch"],"picked":"Dagger Spray","floor":5.0},{"not_picked":["Leg Sweep","Poisoned Stab"],"picked":"Well Laid Plans","floor":7.0},{"not_picked":["Flying Knee","Escape Plan"],"picked":"Quick Slash","floor":11.0},{"not_picked":["Deflect","Envenom"],"picked":"PiercingWail","floor":12.0},{"not_picked":["Dodge and Roll","Flying Knee"],"picked":"Blur","floor":13.0},{"not_picked":["Blade Dance","Eviscerate"],"picked":"Distraction","floor":14.0},{"not_picked":["Doppelganger","Burst"],"picked":"Corpse Explosion","floor":16.0},{"not_picked":["Flying Knee","Eviscerate+1"],"picked":"Cloak And Dagger","floor":18.0},{"not_picked":["Deflect","Flying Knee"],"picked":"Skewer","floor":19.0},{"not_picked":["Dagger Throw","Sucker Punch"],"picked":"PiercingWail","floor":21.0},{"not_picked":["Flying Knee","Dagger Throw+1"],"picked":"Bouncing Flask","floor":24.0},{"not_picked":["Expertise","Prepared","Doppelganger"],"picked":"Singing Bowl","floor":27.0},{"not_picked":["Finisher","Flying Knee","Cloak And Dagger"],"picked":"Singing Bowl","floor":28.0},{"not_picked":["Bane","Prepared"],"picked":"Poisoned Stab","floor":29.0},{"not_picked":["Blur","Dagger Throw","Endless Agony"],"picked":"Singing Bowl","floor":30.0}],"player_experience":476495,"relics_obtained":[{"floor":9.0,"key":"Singing Bowl"},{"floor":19.0,"key":"Red Mask"},{"floor":26.0,"key":"Ornamental Fan"}],"event_choices":[{"damage_healed":0.0,"max_hp_gain":0.0,"max_hp_loss":0.0,"gold_gain":0.0,"event_name":"World of Goop","player_choice":"Left Gold","floor":4.0,"gold_loss":31.0,"damage_taken":0.0},{"damage_healed":0.0,"max_hp_gain":0.0,"max_hp_loss":0.0,"gold_gain":0.0,"event_name":"Masked Bandits","player_choice":"Fought Bandits","floor":19.0,"gold_loss":0.0,"damage_taken":0.0},{"damage_healed":0.0,"max_hp_gain":0.0,"max_hp_loss":0.0,"gold_gain":0.0,"event_name":"Cursed Tome","player_choice":"Ignored","floor":20.0,"gold_loss":0.0,"damage_taken":0.0},{"damage_healed":0.0,"max_hp_gain":0.0,"max_hp_loss":23.0,"gold_gain":0.0,"event_name":"Vampires","player_choice":"Became a vampire","floor":31.0,"gold_loss":0.0,"damage_taken":0.0,"cards_obtained":["Bite","Bite","Bite","Bite","Bite"]}],"is_beta":false,"boss_relics":[{"not_picked":["Busted Crown","White Beast Statue"],"picked":"Lizard Tail"}],"items_purged_floors":[2],"is_endless":false,"potions_floor_spawned":[7,11,13,19,27,28,29],"killed_by":"Automaton","ascension_level":13}