{"gold_per_floor":[364,26,26,26,38,69,69,85,108,108,127,127,28,41,41,144,144,161,161,161,161,175,175,63,63,63,94,107,107,125,155,155,155],"floor_reached":33,"playtime":1106,"items_purged":["Doubt"],"score":297,"play_id":"cba24331-4fc0-4250-95f2-08c9ea1ea2e1","local_time":"20180812134147","is_ascension_mode":true,"campfire_choices":[{"floor":7,"key":"REST"},{"data":"Dualcast","floor":10,"key":"SMITH"},{"data":"Turbo","floor":15,"key":"SMITH"},{"data":"Electrodynamics","floor":23,"key":"SMITH"},{"data":"White Noise","floor":25,"key":"SMITH"},{"floor":32,"key":"REST"}],"neow_cost":"CURSE","seed_source_timestamp":18523194270401,"circlet_count":0,"master_deck":["Strike_B+1","Strike_B+1","Strike_B+1","Strike_B+1","Defend_B+1","Defend_B+1","Defend_B+1","Defend_B+1","Zap","Dualcast+1","Cold Snap","Conserve Battery+1","Stack","Barrage","Auto Shields","Self Repair","Streamline","Melter","Turbo+1","Electrodynamics+1","Rebound","White Noise+1","Genetic Algorithm","FTL","Defragment","Storm+1","Sweeping Beam","Streamline"],"relics":["Cracked Core","Gremlin Horn","Strawberry","Bag of Preparation","CultistMask","Nuclear Battery","Omamori","Letter Opener","Necronomicon","Oddly Smooth Stone"],"potions_floor_usage":[6,16,18,27,30,31],"damage_taken":[{"damage":17,"enemies":"Small Slimes","floor":1,"turns":3},{"damage":0,"enemies":"Cultist","floor":5,"turns":3},{"damage":13,"enemies":"3 Sentries","floor":6,"turns":9},{"damage":0,"enemies":"2 Louse","floor":8,"turns":3},{"damage":2,"enemies":"Blue Slaver","floor":11,"turns":4},{"damage":1,"enemies":"Looter","floor":14,"turns":3},{"damage":31,"enemies":"The Guardian","floor":16,"turns":12},{"damage":4,"enemies":"2 Thieves","floor":18,"turns":4},{"damage":0,"enemies":"3 Byrds","floor":22,"turns":3},{"damage":23,"enemies":"Gremlin Leader","floor":27,"turns":5},{"damage":2,"enemies":"Centurion and Healer","floor":28,"turns":5},{"damage":0,"enemies":"Sentry and Sphere","floor":30,"turns":3},{"damage":19,"enemies":"Slavers","floor":31,"turns":2},{"damage":87,"enemies":"Automaton","floor":33,"turns":8}],"seed_played":"-6383963384825148074","potions_obtained":[{"floor":1,"key":"Fruit Juice"},{"floor":11,"key":"Energy Potion"},{"floor":14,"key":"LiquidBronze"},{"floor":18,"key":"Strength Potion"},{"floor":27,"key":"Swift Potion"},{"floor":28,"key":"Regen Potion"}],"is_trial":false,"path_per_floor":["M","$","?","?","M","E","R","M","T","R","M","?","$","M","R","B",null,"M","?","?","?","M","R","$","R","T","E","M","?","M","E","R"],"character_chosen":"DEFECT","items_purchased":["Gremlin Horn","Conserve Battery","Streamline","Melter","Genetic Algorithm","FTL"],"campfire_rested":2,"item_purchase_floors":[2,2,13,13,24,24],"current_hp_per_floor":[58,58,58,51,51,50,76,76,76,76,74,74,74,80,80,49,87,87,87,87,87,87,87,87,87,87,71,76,60,65,53,79,0],"gold":155,"neow_bonus":"TWO_FIFTY_GOLD","is_prod":false,"is_daily":false,"chose_seed":false,"campfire_upgraded":4,"win_rate":0,"timestamp":1534074107,"path_taken":["M","$","?","?","M","E","R","M","T","R","M","?","?","?","R","BOSS","M","?","?","?","?","R","?","R","T","E","?","?","M","E","R","BOSS"],"build_version":"2018-08-09","purchased_purges":1,"victory":false,"max_hp_per_floor":[75,75,75,75,75,87,87,87,87,87,87,87,87,87,87,87,87,87,87,87,87,87,87,87,87,87,87,87,87,87,87,87,87],"card_choices":[{"not_picked":["Go for the Eyes","Recycle"],"picked":"Cold Snap","floor":1},{"not_picked":["Go for the Eyes","Recycle"],"picked":"Stack","floor":5},{"not_picked":["Rainbow","Compile Driver"],"picked":"Barrage","floor":6},{"not_picked":["Sweeping Beam","Go for the Eyes"],"picked":"Auto Shields","floor":8},{"not_picked":["BootSequence","Leap"],"picked":"Self Repair","floor":11},{"not_picked":["Steam","Hologram"],"picked":"Turbo","floor":14},{"not_picked":["Multi-Cast","Seek"],"picked":"Electrodynamics","floor":16},{"not_picked":["Doom and Gloom","Consume"],"picked":"Rebound","floor":18},{"not_picked":["Self Repair+1","Skim+1"],"picked":"White Noise","floor":22},{"not_picked":["Force Field","Fusion"],"picked":"Defragment","floor":27},{"not_picked":["Aggregate","Leap"],"picked":"Storm+1","floor":28},{"not_picked":["Rebound+1","Barrage+1"],"picked":"Sweeping Beam","floor":30},{"not_picked":["Scrape","Genetic Algorithm"],"picked":"Streamline","floor":31}],"player_experience":173285,"relics_obtained":[{"floor":6,"key":"Strawberry"},{"floor":9,"key":"Bag of Preparation"},{"floor":26,"key":"Omamori"},{"floor":27,"key":"Letter Opener"},{"floor":29,"key":"Necronomicon"},{"floor":31,"key":"Oddly Smooth Stone"}],"event_choices":[{"event_name":"Accursed Blacksmith","player_choice":"Forge","floor":3,"damage_taken":0},{"event_name":"Golden Wing","player_choice":"Card Removal","floor":4,"damage_taken":0},{"event_name":"FaceTrader","player_choice":"Trade","floor":12,"damage_taken":0},{"event_name":"Purifier","player_choice":"Skipped","floor":19,"damage_taken":0},{"event_name":"Drug Dealer","player_choice":"Ignored","floor":20,"damage_taken":0},{"event_name":"Back to Basics","player_choice":"Simplicity","floor":21,"damage_taken":0},{"event_name":"Cursed Tome","player_choice":"Obtained Book","floor":29,"damage_taken":0}],"is_beta":false,"boss_relics":[{"not_picked":["Calling Bell","Eternal Feather"],"picked":"Nuclear Battery"}],"items_purged_floors":[2],"is_endless":false,"potions_floor_spawned":[1,11,14,18,27,28],"killed_by":"Automaton","ascension_level":1}