{"gold_per_floor":[113,113,125,144,0,34,45,45,45,45,56,90,90,115,115,243,243,263,263,213,213,226,226,239,33,106,139,139,154,178,193,193,193],"floor_reached":33,"playtime":2518,"items_purged":["Regret"],"score":346,"play_id":"fe592fe5-b4bc-47dd-ad21-cffc353bb768","local_time":"20180912202518","is_ascension_mode":true,"campfire_choices":[{"data":"Choke","floor":8.0,"key":"SMITH"},{"floor":10.0,"key":"REST"},{"data":"Night Terror","floor":15.0,"key":"SMITH"},{"data":"Malaise","floor":23.0,"key":"SMITH"},{"floor":28.0,"key":"REST"},{"floor":32.0,"key":"REST"}],"neow_cost":"NONE","seed_source_timestamp":6378776905406,"circlet_count":0,"master_deck":["Defend_G","Defend_G","Defend_G","Strike_G","Strike_G","Strike_G","Strike_G","Survivor","Neutralize","Night Terror+1","Endless Agony","Choke+1","Well Laid Plans","Endless Agony","Backflip","Terror","Injury","Endless Agony","Malaise+1","Choke+1","Flechettes+1","Distraction+1","Blade Dance","Finisher","Caltrops+1","Blade Dance"],"special_seed":0,"relics":["Ring of the Snake","Bag of Marbles","Blue Candle","Ancient Tea Set","Kunai","Astrolabe","Nloth\u0027s Gift","Medical Kit","Bottled Flame","Boot","Potion Belt"],"potions_floor_usage":[33,33],"damage_taken":[{"damage":11.0,"enemies":"Small Slimes","floor":1.0,"turns":7.0},{"damage":2.0,"enemies":"Jaw Worm","floor":3.0,"turns":5.0},{"damage":3.0,"enemies":"Cultist","floor":4.0,"turns":4.0},{"damage":17.0,"enemies":"Lagavulin","floor":6.0,"turns":7.0},{"damage":2.0,"enemies":"Lots of Slimes","floor":7.0,"turns":4.0},{"damage":0.0,"enemies":"Looter","floor":11.0,"turns":3.0},{"damage":18.0,"enemies":"Gremlin Nob","floor":12.0,"turns":4.0},{"damage":1.0,"enemies":"Large Slime","floor":14.0,"turns":6.0},{"damage":13.0,"enemies":"The Guardian","floor":16.0,"turns":16.0},{"damage":11.0,"enemies":"2 Thieves","floor":18.0,"turns":2.0},{"damage":13.0,"enemies":"3 Byrds","floor":22.0,"turns":4.0},{"damage":17.0,"enemies":"Snecko","floor":24.0,"turns":5.0},{"damage":15.0,"enemies":"Slavers","floor":27.0,"turns":4.0},{"damage":14.0,"enemies":"Shelled Parasite and Fungi","floor":29.0,"turns":3.0},{"damage":0.0,"enemies":"Snake Plant","floor":31.0,"turns":1.0},{"damage":59,"enemies":"Champ","floor":33,"turns":10}],"seed_played":"5995995412318066267","potions_obtained":[{"floor":3.0,"key":"PowerPotion"},{"floor":6.0,"key":"Dexterity Potion"},{"floor":7.0,"key":"Explosive Potion"},{"floor":16.0,"key":"Dexterity Potion"},{"floor":18.0,"key":"Explosive Potion"},{"floor":24.0,"key":"SteroidPotion"},{"floor":31.0,"key":"SteroidPotion"}],"is_trial":false,"path_per_floor":["M","?","M","M","$","E","M","R","T","R","M","E","?","M","R","B",null,"M","?","?","$","M","R","M","$","T","E","R","M","T","M","R"],"character_chosen":"THE_SILENT","items_purchased":["Well Laid Plans","Medical Kit"],"campfire_rested":3,"item_purchase_floors":[5,25],"current_hp_per_floor":[59,59,57,54,54,37,35,35,35,56,56,38,38,37,37,24,59,48,48,48,48,35,35,18,18,18,3,24,10,10,10,31,0],"gold":193,"neow_bonus":"ONE_RANDOM_RARE_CARD","is_prod":false,"is_daily":false,"chose_seed":false,"campfire_upgraded":3,"win_rate":0,"timestamp":1536798318,"path_taken":["M","?","?","M","$","E","M","R","T","R","?","E","?","M","R","BOSS","M","?","?","?","M","R","M","$","T","E","R","M","?","M","R","BOSS"],"build_version":"2018-09-06","purchased_purges":1,"victory":false,"max_hp_per_floor":[70,70,70,70,70,70,70,70,70,70,70,70,70,70,70,70,70,70,70,70,70,70,70,70,70,70,70,70,70,70,70,70,70],"card_choices":[{"not_picked":["Outmaneuver","Dagger Throw"],"picked":"Endless Agony","floor":1.0},{"not_picked":["Heel Hook","Prepared","Flying Knee"],"picked":"SKIP","floor":3.0},{"not_picked":["Deadly Poison","Cloak And Dagger"],"picked":"Choke","floor":4.0},{"not_picked":["Outmaneuver","Grand Finale"],"picked":"Endless Agony","floor":6.0},{"not_picked":["Sucker Punch","Bane","Prepared"],"picked":"SKIP","floor":7.0},{"not_picked":["Reflex","Catalyst"],"picked":"Backflip","floor":11.0},{"not_picked":["Riddle With Holes","Bane"],"picked":"Terror","floor":12.0},{"not_picked":["Quick Slash","PiercingWail"],"picked":"Endless Agony","floor":14.0},{"not_picked":["Die Die Die","Night Terror"],"picked":"Malaise","floor":16.0},{"not_picked":["PiercingWail","Flechettes"],"picked":"Blade Dance","floor":18.0},{"not_picked":["Dagger Spray","Crippling Poison"],"picked":"Finisher","floor":22.0},{"not_picked":["Dodge and Roll","Dagger Throw"],"picked":"Caltrops+1","floor":24.0},{"not_picked":["Underhanded Strike","Burst","Unload"],"picked":"SKIP","floor":27.0},{"not_picked":["Reflex","Expertise"],"picked":"Blade Dance","floor":29.0},{"not_picked":["Tools of the Trade","Slice","Blade Dance"],"picked":"SKIP","floor":31.0}],"player_experience":237383,"relics_obtained":[{"floor":6.0,"key":"Blue Candle"},{"floor":9.0,"key":"Ancient Tea Set"},{"floor":12.0,"key":"Kunai"},{"floor":26.0,"key":"Bottled Flame"},{"floor":27.0,"key":"Boot"},{"floor":30.0,"key":"Potion Belt"}],"event_choices":[{"event_name":"Big Fish","player_choice":"Box","floor":2.0,"damage_taken":0.0},{"event_name":"Golden Idol","player_choice":"Take Wound","floor":13.0,"damage_taken":0.0},{"event_name":"N\u0027loth","player_choice":"Traded a Golden Idol","floor":19.0,"damage_taken":0.0},{"event_name":"The Joust","player_choice":"Bet on Murderer","floor":20.0,"damage_taken":0.0}],"is_beta":false,"boss_relics":[{"not_picked":["Sozu","Philosopher\u0027s Stone"],"picked":"Astrolabe"}],"items_purged_floors":[5],"is_endless":false,"potions_floor_spawned":[3,6,7,16,18,24,31],"killed_by":"Champ","ascension_level":5}