{"gold_per_floor":[117,14,25,45,64,64,89,89,143,205,205,224,224,42,42,143,143,158,158,169,185,185,250,250,261,261,271,297,317,28,44,44,142,142,153,165,240,166,8,8,8,40,40,60,70,70,70,90,90,90],"floor_reached":50,"playtime":2056,"items_purged":[],"score":564,"play_id":"952ccdc0-18d4-49f9-90e6-a2fefb62808d","local_time":"20180808171803","is_ascension_mode":false,"campfire_choices":[{"data":"Armaments","floor":6,"key":"SMITH"},{"floor":11,"key":"REST"},{"data":"Bash","floor":15,"key":"SMITH"},{"floor":24,"key":"REST"},{"floor":32,"key":"REST"},{"floor":40,"key":"REST"},{"floor":46,"key":"REST"},{"floor":49,"key":"REST"}],"neow_cost":"NONE","seed_source_timestamp":815739987986404,"circlet_count":0,"master_deck":["Strike_R","Strike_R","Strike_R","Strike_R","Strike_R","Defend_R","Defend_R+1","Defend_R","Defend_R","Bash+1","Iron Wave+1","Flex","Inflame","Armaments+1","Clash+1","Pommel Strike","Seeing Red","Evolve","Twin Strike","Dropkick","Shockwave","Shockwave","Heavy Blade","Cleave+1","Flex","Thunderclap+1","Armaments+1","Sadistic Nature","Headbutt","Impervious","Flex","Cleave+1","Clash","Warcry","Seeing Red+1"],"relics":["Black Star","Pantograph","Singing Bowl","Centennial Puzzle","Regal Pillow","Runic Dome","Tiny Chest","Ancient Tea Set","The Courier","Oddly Smooth Stone","Strawberry","Whetstone","Busted Crown","Mercury Hourglass","Art of War","Anchor","Bronze Scales","Lantern","Vajra","Pear"],"potions_floor_usage":[7,23,23,25,28,33,33,45,45,50],"damage_taken":[{"damage":1,"enemies":"Cultist","floor":1,"turns":4},{"damage":2,"enemies":"Small Slimes","floor":3,"turns":3},{"damage":3,"enemies":"2 Louse","floor":4,"turns":3},{"damage":0,"enemies":"Large Slime","floor":5,"turns":6},{"damage":13,"enemies":"Lagavulin","floor":7,"turns":6},{"damage":13,"enemies":"Red Slaver","floor":12,"turns":2},{"damage":42,"enemies":"Slime Boss","floor":16,"turns":9},{"damage":10,"enemies":"2 Thieves","floor":18,"turns":3},{"damage":0,"enemies":"3 Byrds","floor":20,"turns":6},{"damage":7,"enemies":"3 Cultists","floor":21,"turns":5},{"damage":31,"enemies":"Book of Stabbing","floor":23,"turns":5},{"damage":3,"enemies":"Centurion and Healer","floor":25,"turns":6},{"damage":7,"enemies":"Snecko","floor":27,"turns":4},{"damage":3,"enemies":"Gremlin Leader","floor":28,"turns":4},{"damage":2,"enemies":"3 Cultists","floor":29,"turns":3},{"damage":19,"enemies":"Centurion and Healer","floor":31,"turns":4},{"damage":83,"enemies":"Champ","floor":33,"turns":9},{"damage":6,"enemies":"Flame Bruiser 1 Orb","floor":35,"turns":5},{"damage":21,"enemies":"3 Darklings","floor":36,"turns":3},{"damage":16,"enemies":"Giant Head","floor":42,"turns":6},{"damage":53,"enemies":"Spire Growth","floor":44,"turns":5},{"damage":20,"enemies":"Sphere and 2 Shapes","floor":45,"turns":4},{"damage":10,"enemies":"4 Shapes","floor":48,"turns":2},{"damage":106,"enemies":"Time Eater","floor":50,"turns":9}],"seed_played":"7958102208561189420","potions_obtained":[{"floor":4,"key":"PowerPotion"},{"floor":12,"key":"BloodPotion"},{"floor":20,"key":"SkillPotion"},{"floor":23,"key":"EssenceOfSteel"},{"floor":25,"key":"Dexterity Potion"},{"floor":28,"key":"Weak Potion"},{"floor":31,"key":"SpeedPotion"},{"floor":36,"key":"Weak Potion"},{"floor":42,"key":"Dexterity Potion"},{"floor":44,"key":"Swift Potion"}],"is_trial":false,"path_per_floor":["M","$","M","M","M","R","E","?","T","?","R","M","?","$","R","B",null,"M","?","M","M","?","E","R","M","T","M","E","M","$","M","R","B",null,"M","M","T","?","$","R","$","E","T","M","M","R","T","M","R"],"character_chosen":"IRONCLAD","items_purchased":["Flex","Inflame","Regal Pillow","Twin Strike","Sadistic Nature","Whetstone","Anchor","Clash"],"campfire_rested":6,"item_purchase_floors":[2,2,14,14,30,30,39,39],"current_hp_per_floor":[79,79,77,74,74,74,61,45,45,45,69,56,80,80,80,40,82,72,72,72,65,65,42,81,78,78,71,75,75,75,56,91,8,91,85,64,64,64,64,91,91,75,75,22,4,46,56,48,94,0],"gold":90,"neow_bonus":"BOSS_RELIC","is_prod":false,"is_daily":false,"chose_seed":false,"campfire_upgraded":2,"win_rate":0,"timestamp":1533741483,"path_taken":["M","$","M","M","M","R","E","?","T","?","R","M","?","$","R","BOSS","M","?","M","M","?","E","R","M","T","M","E","M","$","M","R","BOSS","M","M","?","?","?","R","$","E","T","M","M","R","?","M","R","BOSS"],"build_version":"2018-08-02","purchased_purges":0,"victory":false,"max_hp_per_floor":[80,80,80,80,80,80,80,80,80,80,80,80,80,80,80,82,82,82,82,82,82,82,82,82,82,82,82,89,91,91,91,91,91,91,91,91,91,91,91,91,91,91,91,91,93,93,103,105,105,105],"card_choices":[{"not_picked":["Twin Strike","Havoc"],"picked":"Iron Wave","floor":1},{"not_picked":["Entrench","Shockwave"],"picked":"Armaments","floor":3},{"not_picked":["Feel No Pain","Combust"],"picked":"Clash","floor":4},{"not_picked":["Armaments","Clothesline"],"picked":"Pommel Strike","floor":5},{"not_picked":["Ghostly Armor","Juggernaut"],"picked":"Seeing Red","floor":7},{"not_picked":["Headbutt","Carnage"],"picked":"Evolve","floor":12},{"not_picked":["Berserk","Brutality","Fiend Fire"],"picked":"Singing Bowl","floor":16},{"not_picked":["Shockwave","Dual Wield"],"picked":"Dropkick","floor":18},{"not_picked":["Bloodletting+1","Sentinel+1"],"picked":"Shockwave","floor":20},{"not_picked":["Hemokinesis","Armaments"],"picked":"Shockwave","floor":21},{"not_picked":["Whirlwind","Body Slam"],"picked":"Cleave","floor":23},{"not_picked":["Spot Weakness+1","Headbutt"],"picked":"Flex","floor":25},{"not_picked":["Headbutt","Havoc"],"picked":"Thunderclap+1","floor":27},{"not_picked":["Shockwave","Flame Barrier"],"picked":"Armaments+1","floor":28},{"not_picked":["Havoc+1","Reckless Charge","Intimidate"],"picked":"Singing Bowl","floor":29},{"not_picked":["Flex","Cleave"],"picked":"Headbutt","floor":31},{"not_picked":["Brutality","Offering"],"picked":"Impervious","floor":33},{"not_picked":[],"picked":"Flex","floor":35},{"not_picked":[],"picked":"Cleave+1","floor":36},{"not_picked":[],"picked":"Warcry","floor":42},{"not_picked":[],"picked":"Seeing Red+1","floor":44},{"not_picked":["Rampage+1"],"picked":"Singing Bowl","floor":45},{"not_picked":["Headbutt+1"],"picked":"Singing Bowl","floor":48}],"player_experience":159159,"relics_obtained":[{"floor":7,"key":"Pantograph"},{"floor":7,"key":"Singing Bowl"},{"floor":9,"key":"Centennial Puzzle"},{"floor":23,"key":"Tiny Chest"},{"floor":23,"key":"Ancient Tea Set"},{"floor":26,"key":"The Courier"},{"floor":28,"key":"Oddly Smooth Stone"},{"floor":28,"key":"Strawberry"},{"floor":37,"key":"Mercury Hourglass"},{"floor":42,"key":"Bronze Scales"},{"floor":42,"key":"Lantern"},{"floor":43,"key":"Vajra"},{"floor":47,"key":"Pear"}],"event_choices":[{"event_name":"Shining Light","player_choice":"Entered Light","floor":8,"damage_taken":0},{"event_name":"Golden Wing","player_choice":"Gained Gold","floor":10,"damage_taken":0},{"event_name":"Big Fish","player_choice":"Banana","floor":13,"damage_taken":0},{"event_name":"Vampires","player_choice":"Ignored","floor":19,"damage_taken":0},{"event_name":"The Library","player_choice":"Read","floor":22,"damage_taken":0},{"event_name":"WeMeetAgain","player_choice":"Gold","floor":38,"damage_taken":0}],"is_beta":false,"boss_relics":[{"not_picked":["Calling Bell","Tiny House"],"picked":"Runic Dome"},{"not_picked":["Velvet Choker","Coffee Dripper"],"picked":"Busted Crown"}],"items_purged_floors":[],"is_endless":false,"potions_floor_spawned":[4,12,20,23,25,28,31,36,42,44],"killed_by":"Time Eater","ascension_level":0}