{"gold_per_floor":[111,122,136,150,71,71,106,106,177,212,312,312,324,337,337,442,492,511,41,58,72,72,72],"floor_reached":23,"playtime":769,"items_purged":[],"score":203,"play_id":"393ed949-5659-40fd-a519-4fc8d9faa50e","local_time":"20180729203353","is_ascension_mode":false,"campfire_choices":[{"floor":6,"key":"REST"},{"floor":8,"key":"REST"},{"floor":12,"key":"REST"},{"floor":15,"key":"REST"}],"neow_cost":"NONE","seed_source_timestamp":49868043961901,"circlet_count":0,"master_deck":["Strike_B","Strike_B","Strike_B","Strike_B","Defend_B","Defend_B","Defend_B","Defend_B","Zap","Dualcast","Hologram","Streamline","Genetic Algorithm","Streamline+1","Static Discharge","Hologram","Rebound","Auto Shields","Ball Lightning","Static Discharge","Machine Learning","Hello World","BootSequence+1","Storm","Hologram","Stack","Necronomicurse"],"relics":["Cracked Core","Ancient Tea Set","Girya","Bottled Flame","Strawberry","Tiny House","Letter Opener","Toolbox","Necronomicon"],"potions_floor_usage":[16,16,16,21,23],"damage_taken":[{"damage":8,"enemies":"2 Louse","floor":1,"turns":3},{"damage":4,"enemies":"Cultist","floor":2,"turns":4},{"damage":11,"enemies":"Jaw Worm","floor":3,"turns":3},{"damage":13,"enemies":"Red Slaver","floor":4,"turns":2},{"damage":22,"enemies":"Gremlin Nob","floor":7,"turns":4},{"damage":28,"enemies":"Lagavulin","floor":10,"turns":4},{"damage":15,"enemies":"Gremlin Gang","floor":13,"turns":4},{"damage":15,"enemies":"Exordium Thugs","floor":14,"turns":4},{"damage":24,"enemies":"Hexaghost","floor":16,"turns":8},{"damage":13,"enemies":"Spheric Guardian","floor":18,"turns":4},{"damage":21,"enemies":"Chosen","floor":20,"turns":6},{"damage":23,"enemies":"Centurion and Healer","floor":21,"turns":5},{"damage":14,"enemies":"3 Cultists","floor":23,"turns":3}],"seed_played":"587478194245541840","potions_obtained":[{"floor":2,"key":"Strength Potion"},{"floor":7,"key":"Block Potion"},{"floor":13,"key":"FearPotion"},{"floor":16,"key":"SmokeBomb"},{"floor":17,"key":"FocusPotion"},{"floor":21,"key":"GamblersBrew"}],"is_trial":false,"path_per_floor":["M","M","M","M","$","R","E","R","T","E","?","R","M","M","R","B",null,"M","$","M","M","?"],"character_chosen":"DEFECT","items_purchased":["Static Discharge","Hologram","Letter Opener","Storm","Toolbox"],"campfire_rested":4,"item_purchase_floors":[5,5,19,19,19],"current_hp_per_floor":[67,63,52,39,39,61,39,61,61,40,40,64,49,34,58,34,87,74,74,53,30,14,0],"gold":72,"neow_bonus":"RANDOM_COMMON_RELIC","is_prod":false,"is_daily":false,"chose_seed":false,"campfire_upgraded":0,"win_rate":0,"timestamp":1532889233,"path_taken":["M","M","M","M","$","R","E","R","T","E","?","R","?","M","R","BOSS","M","$","M","?","?","M"],"build_version":"2018-07-26","purchased_purges":0,"victory":false,"max_hp_per_floor":[75,75,75,75,75,75,75,75,75,82,82,82,82,82,82,82,87,87,87,87,87,87,87],"card_choices":[{"not_picked":["Steam Power","Go for the Eyes"],"picked":"Hologram","floor":1},{"not_picked":["Go for the Eyes","Cold Snap"],"picked":"Streamline","floor":2},{"not_picked":["Hello World","Hologram"],"picked":"Genetic Algorithm","floor":3},{"not_picked":["Barrage","BootSequence"],"picked":"Streamline","floor":4},{"not_picked":["Rainbow","Cold Snap"],"picked":"Rebound","floor":7},{"not_picked":["Reinforced Body","Hello World"],"picked":"Auto Shields","floor":10},{"not_picked":["Steam Power","Cold Snap"],"picked":"Ball Lightning","floor":13},{"not_picked":["Steam","Capacitor"],"picked":"Static Discharge","floor":14},{"not_picked":["Core Surge","Biased Cognition"],"picked":"Machine Learning","floor":16},{"not_picked":["Reinforced Body","Gash"],"picked":"Hello World","floor":17},{"not_picked":["Leap","Hologram"],"picked":"BootSequence+1","floor":18},{"not_picked":["BootSequence","Force Field"],"picked":"Hologram","floor":20},{"not_picked":["Gash+1","Turbo"],"picked":"Stack","floor":21}],"player_experience":134994,"relics_obtained":[{"floor":7,"key":"Girya"},{"floor":9,"key":"Bottled Flame"},{"floor":10,"key":"Strawberry"},{"floor":22,"key":"Necronomicon"}],"event_choices":[{"event_name":"Golden Shrine","player_choice":"Pray","floor":11,"damage_taken":0},{"event_name":"Cursed Tome","player_choice":"Obtained Book","floor":22,"damage_taken":0}],"is_beta":false,"boss_relics":[{"not_picked":["Snecko Eye","Pandora\u0027s Box"],"picked":"Tiny House"}],"items_purged_floors":[],"is_endless":false,"potions_floor_spawned":[2,7,13,16,21],"killed_by":"3 Cultists","ascension_level":0}