{"gold_per_floor":[365,111,131,107,107,133,163,191,217,217,243,257,271,306,306,411,411,430,446,153,169,169,195,195,226,250,250],"floor_reached":27,"playtime":1480,"items_purged":[],"score":293,"play_id":"ab3122eb-95ad-4bf6-af0f-ce01fa239305","local_time":"20180721192245","is_ascension_mode":true,"campfire_choices":[{"floor":10,"key":"REST"},{"floor":15,"key":"REST"},{"floor":24,"key":"REST"}],"neow_cost":"CURSE","seed_source_timestamp":241598027839115,"circlet_count":0,"master_deck":["Strike_B","Strike_B","Strike_B","Strike_B","Defend_B","Defend_B","Defend_B","Defend_B","Zap","Dualcast","Regret","Scrape","Finesse","Cold Snap","FTL","Auto Shields","Leap","Gash","Buffer","Electrodynamics","Leap+1","Amplify","Gash","Aggregate"],"special_seed":0,"relics":["Cracked Core","Orichalcum","Anchor","Regal Pillow","Girya","Centennial Puzzle","Dream Catcher","Sundial","Busted Crown","Bag of Preparation","Unceasing Top","Bird Faced Urn","Blood Vial"],"potions_floor_usage":[8,16,21,21,27],"damage_taken":[{"damage":3.0,"enemies":"Cultist","floor":1.0,"turns":3.0},{"damage":4.0,"enemies":"Small Slimes","floor":3.0,"turns":3.0},{"damage":22.0,"enemies":"Gremlin Nob","floor":6.0,"turns":4.0},{"damage":5,"enemies":"3 Sentries","floor":8,"turns":7},{"damage":21,"enemies":"Gremlin Nob","floor":11,"turns":5},{"damage":2,"enemies":"2 Louse","floor":12,"turns":2},{"damage":2,"enemies":"Blue Slaver","floor":13,"turns":4},{"damage":23,"enemies":"Lagavulin","floor":14,"turns":7},{"damage":31,"enemies":"The Guardian","floor":16,"turns":15},{"damage":15,"enemies":"2 Thieves","floor":18,"turns":4},{"damage":10,"enemies":"Spheric Guardian","floor":19,"turns":5},{"damage":20,"enemies":"Snecko","floor":21,"turns":6},{"damage":22,"enemies":"Gremlin Leader","floor":23,"turns":9},{"damage":48,"enemies":"Slavers","floor":25,"turns":7},{"damage":31,"enemies":"Snake Plant","floor":27,"turns":5}],"seed_played":"3132240926991365448","potions_obtained":[{"floor":1.0,"key":"Strength Potion"},{"floor":3.0,"key":"FocusPotion"},{"floor":8,"key":"Ancient Potion"},{"floor":14,"key":"Dexterity Potion"},{"floor":18,"key":"Block Potion"},{"floor":19,"key":"Energy Potion"}],"is_trial":false,"path_per_floor":["M","$","M","?","?","E","?","E","T","R","E","M","M","E","R","B",null,"M","M","$","M","?","E","R","E","T"],"character_chosen":"DEFECT","items_purchased":["Orichalcum","Finesse","Bag of Preparation","Amplify"],"campfire_rested":3,"item_purchase_floors":[2,2,20,20],"current_hp_per_floor":[72,72,68,68,61,39,39,34,34,71,50,48,46,23,60,29,75,60,50,50,30,55,33,70,22,22,0],"gold":250,"neow_bonus":"TWO_FIFTY_GOLD","is_prod":false,"is_daily":false,"chose_seed":false,"campfire_upgraded":0,"win_rate":0,"timestamp":1532215365,"path_taken":["M","$","M","?","?","E","?","E","T","R","E","M","?","E","R","BOSS","M","M","$","M","?","E","R","E","T","M"],"build_version":"2018-07-19v2","purchased_purges":0,"victory":false,"max_hp_per_floor":[75,75,75,75,75,75,75,75,75,75,75,75,75,75,75,75,75,75,75,75,75,75,75,75,75,75,75],"card_choices":[{"not_picked":["Coolheaded","Rip and Tear"],"picked":"Scrape","floor":1.0},{"not_picked":["Undo","Hello World","Redo"],"picked":"SKIP","floor":3.0},{"not_picked":["Streamline","Beam Cell"],"picked":"Cold Snap","floor":6.0},{"not_picked":["Coolheaded","Scrape"],"picked":"FTL","floor":8},{"not_picked":["Rip and Tear","Leap"],"picked":"Auto Shields","floor":11},{"not_picked":["Go for the Eyes","Reprogram"],"picked":"Leap","floor":12},{"not_picked":["Turbo","Beam Cell"],"picked":"Gash","floor":13},{"not_picked":["Barrage","Ball Lightning","Doom and Gloom"],"picked":"SKIP","floor":14},{"not_picked":["Reinforced Body","Barrage"],"picked":"Buffer","floor":15},{"not_picked":["Rainbow","Thunder Strike"],"picked":"Electrodynamics","floor":16},{"not_picked":["Stack"],"picked":"SKIP","floor":18},{"not_picked":[],"picked":"Leap+1","floor":19},{"not_picked":["Go for the Eyes+1"],"picked":"SKIP","floor":21},{"not_picked":["Leap"],"picked":"SKIP","floor":23},{"not_picked":[],"picked":"Gash","floor":24},{"not_picked":[],"picked":"Aggregate","floor":25}],"player_experience":108922,"relics_obtained":[{"floor":6.0,"key":"Regal Pillow"},{"floor":8,"key":"Girya"},{"floor":9,"key":"Centennial Puzzle"},{"floor":11,"key":"Dream Catcher"},{"floor":14,"key":"Sundial"},{"floor":23,"key":"Unceasing Top"},{"floor":25,"key":"Bird Faced Urn"},{"floor":26,"key":"Blood Vial"}],"event_choices":[{"event_name":"World of Goop","player_choice":"Left","floor":4.0,"damage_taken":0.0},{"event_name":"Scrap Ooze","player_choice":"success","floor":5.0,"damage_taken":7.0},{"event_name":"Dead Adventurer","player_choice":"Searched \u00272\u0027 times","floor":7,"damage_taken":0},{"event_name":"The Library","player_choice":"Heal","floor":22,"damage_taken":0}],"is_beta":false,"boss_relics":[{"not_picked":["Inserter","Tiny House"],"picked":"Busted Crown"}],"items_purged_floors":[],"is_endless":false,"potions_floor_spawned":[1,3,8,14,18,19],"killed_by":"Snake Plant","ascension_level":1}