{"gold_per_floor":[11,11,11,30,50,50,80,80,80,90,168,168,168,187,187,280,280,300,316,331,331,344,344,358,358,358,373,396,396,420,440,440,539,539,555,555,1,22,22,22,41,41,41,62,87,106,119,119,119,119],"floor_reached":51,"playtime":4684,"items_purged":["Venomology+1"],"score":1153,"play_id":"dd8c1a82-2f11-40c8-8bf7-eab3f2f12296","local_time":"20190205131914","is_ascension_mode":true,"campfire_choices":[{"data":"Phantasmal Killer","floor":6.0,"key":"SMITH"},{"floor":8.0,"key":"REST"},{"floor":15.0,"key":"REST"},{"floor":23.0,"key":"REST"},{"floor":25.0,"key":"REST"},{"floor":29.0,"key":"REST"},{"data":"Bullet Time","floor":32.0,"key":"SMITH"},{"data":"Burst","floor":40.0,"key":"SMITH"},{"data":"Caltrops","floor":42.0,"key":"SMITH"},{"data":"Burst","floor":49.0,"key":"SMITH"}],"neow_cost":"NO_GOLD","seed_source_timestamp":557730369874373,"circlet_count":0,"master_deck":["AscendersBane","Defend_G","Defend_G","Defend_G","Defend_G","Survivor","Neutralize","Phantasmal Killer+1","Infinite Blades","Quick Slash","Dagger Spray","All Out Attack","Footwork+1","Footwork","Burst+1","Predator+1","After Image+1","Backflip","Cloak And Dagger","Distraction+1","Blade Dance+1","Bullet Time+1","Deflect+1","Dodge and Roll+1","Dodge and Roll+1","Burst+1","Caltrops+1","Dash","Deflect+1","Blur","Parasite","Cloak And Dagger","Riddle With Holes+1"],"special_seed":0,"relics":["Ring of the Snake","Bird Faced Urn","Gremlin Horn","Shuriken","Golden Idol","Astrolabe","Regal Pillow","The Courier","Sozu","Bottled Tornado","OrangePellets","Ornamental Fan"],"potions_floor_usage":[50],"damage_taken":[{"damage":0.0,"enemies":"Small Slimes","floor":1.0,"turns":6.0},{"damage":2.0,"enemies":"Cultist","floor":4.0,"turns":6.0},{"damage":4.0,"enemies":"Jaw Worm","floor":5.0,"turns":3.0},{"damage":38.0,"enemies":"3 Sentries","floor":7.0,"turns":8.0},{"damage":5.0,"enemies":"Blue Slaver","floor":10.0,"turns":5.0},{"damage":0.0,"enemies":"Large Slime","floor":14.0,"turns":6.0},{"damage":24.0,"enemies":"Slime Boss","floor":16.0,"turns":9.0},{"damage":23.0,"enemies":"Chosen","floor":18.0,"turns":5.0},{"damage":17.0,"enemies":"3 Byrds","floor":19.0,"turns":7.0},{"damage":24.0,"enemies":"Snake Plant","floor":20.0,"turns":8.0},{"damage":9.0,"enemies":"Centurion and Healer","floor":22.0,"turns":13.0},{"damage":17.0,"enemies":"3 Cultists","floor":24.0,"turns":5.0},{"damage":42.0,"enemies":"Snecko","floor":27.0,"turns":9.0},{"damage":7.0,"enemies":"Centurion and Healer","floor":28.0,"turns":8.0},{"damage":2.0,"enemies":"3 Cultists","floor":30.0,"turns":5.0},{"damage":0.0,"enemies":"Cultist and Chosen","floor":31.0,"turns":7.0},{"damage":10.0,"enemies":"Collector","floor":33.0,"turns":11.0},{"damage":0.0,"enemies":"Orb Walker","floor":35.0,"turns":5.0},{"damage":7.0,"enemies":"3 Shapes","floor":38.0,"turns":6.0},{"damage":2.0,"enemies":"Maw","floor":41.0,"turns":8.0},{"damage":27.0,"enemies":"Transient","floor":44.0,"turns":6.0},{"damage":2.0,"enemies":"Writhing Mass","floor":45.0,"turns":12.0},{"damage":9.0,"enemies":"Spire Growth","floor":46.0,"turns":7.0},{"damage":46.0,"enemies":"Jaw Worm Horde","floor":47.0,"turns":10.0},{"damage":40,"enemies":"Awakened One","floor":50,"turns":18}],"seed_played":"7342843023710502292","potions_obtained":[{"floor":5.0,"key":"LiquidBronze"},{"floor":10.0,"key":"GamblersBrew"},{"floor":14.0,"key":"SkillPotion"},{"floor":18.0,"key":"Swift Potion"},{"floor":24.0,"key":"Dexterity Potion"}],"is_trial":false,"path_per_floor":["M","?","?","M","M","R","E","R","T","M","T","?","?","M","R","B",null,"M","M","M","?","M","R","M","R","T","M","M","R","M","M","R","B",null,"M","?","$","M","?","R","M","R","T","M","M","M","M","?","R","B",null],"character_chosen":"THE_SILENT","items_purchased":["Bottled Tornado","OrangePellets","Caltrops","Dash"],"campfire_rested":5,"item_purchase_floors":[37,37,37,37],"current_hp_per_floor":[59,52,52,50,46,46,8,27,27,22,22,22,22,24,42,24,51,34,21,5,5,4,37,24,57,57,20,19,52,56,60,60,51,58,60,60,60,59,59,59,60,60,60,34,42,43,18,49,49,11],"gold":119,"neow_bonus":"TRANSFORM_TWO_CARDS","is_prod":false,"is_daily":false,"chose_seed":false,"campfire_upgraded":5,"win_rate":0,"timestamp":1549390754,"path_taken":["M","?","?","M","?","R","E","R","T","M","?","?","?","M","R","BOSS","M","M","M","?","M","R","M","R","T","M","?","R","?","M","R","BOSS","M","?","$","M","?","R","M","R","T","M","M","M","?","?","R","BOSS"],"build_version":"2019-01-23","purchased_purges":1,"victory":true,"max_hp_per_floor":[66,66,66,66,66,66,66,66,66,66,66,60,60,60,60,60,60,60,60,60,60,60,60,60,60,60,60,60,60,60,60,60,60,60,60,60,60,60,60,60,60,60,60,60,60,60,60,49,49,49],"card_choices":[{"not_picked":["Dodge and Roll","PiercingWail"],"picked":"Infinite Blades","floor":1.0},{"not_picked":["Acrobatics","Prepared"],"picked":"Quick Slash","floor":4.0},{"not_picked":["Bane","Backflip"],"picked":"Dagger Spray","floor":5.0},{"not_picked":["Outmaneuver","Acrobatics"],"picked":"All Out Attack","floor":7.0},{"not_picked":["Deadly Poison","Endless Agony"],"picked":"Footwork","floor":10.0},{"not_picked":["Flying Knee","Acrobatics"],"picked":"Footwork","floor":14.0},{"not_picked":["Die Die Die","Tools of the Trade"],"picked":"Burst","floor":16.0},{"not_picked":["Acrobatics","Choke"],"picked":"Backflip","floor":18.0},{"not_picked":["Crippling Poison","All Out Attack"],"picked":"Cloak And Dagger","floor":19.0},{"not_picked":["Slice","Deadly Poison"],"picked":"Distraction+1","floor":20.0},{"not_picked":["Underhanded Strike","Deflect"],"picked":"Blade Dance+1","floor":22.0},{"not_picked":["Slice","Endless Agony","Setup"],"picked":"SKIP","floor":24.0},{"not_picked":["Flying Knee","Deadly Poison"],"picked":"Bullet Time","floor":27.0},{"not_picked":["Flying Knee","Quick Slash"],"picked":"Deflect+1","floor":28.0},{"not_picked":["Blade Dance+1","Backflip+1"],"picked":"Dodge and Roll+1","floor":30.0},{"not_picked":["Poisoned Stab","Heel Hook"],"picked":"Dodge and Roll+1","floor":31.0},{"not_picked":["Phantasmal Killer","Storm of Steel"],"picked":"Burst","floor":33.0},{"not_picked":["Setup+1","Poisoned Stab+1"],"picked":"Dagger Spray+1","floor":35.0},{"not_picked":["Noxious Fumes","Backflip+1"],"picked":"Deflect+1","floor":38.0},{"not_picked":["Deadly Poison","Sucker Punch"],"picked":"Blur","floor":41.0},{"not_picked":["Sucker Punch","Distraction","Accuracy"],"picked":"SKIP","floor":44.0},{"not_picked":["Dagger Spray+1","Catalyst"],"picked":"Cloak And Dagger","floor":45.0},{"not_picked":["Concentrate","Slice"],"picked":"Riddle With Holes+1","floor":46.0},{"not_picked":["Dagger Spray","Cloak And Dagger","Sucker Punch+1"],"picked":"SKIP","floor":47.0}],"player_experience":620602,"relics_obtained":[{"floor":7.0,"key":"Bird Faced Urn"},{"floor":9.0,"key":"Gremlin Horn"},{"floor":11.0,"key":"Shuriken"},{"floor":26.0,"key":"The Courier"},{"floor":43.0,"key":"Ornamental Fan"}],"event_choices":[{"cards_removed":["Strike_G"],"damage_healed":0.0,"max_hp_gain":0.0,"max_hp_loss":0.0,"gold_gain":0.0,"event_name":"Golden Wing","player_choice":"Card Removal","floor":2.0,"gold_loss":0.0,"damage_taken":7.0},{"damage_healed":0.0,"max_hp_gain":0.0,"max_hp_loss":0.0,"gold_gain":0.0,"event_name":"Wheel of Change","player_choice":"Cursed","floor":3.0,"gold_loss":0.0,"damage_taken":0.0,"cards_obtained":["Decay"]},{"damage_healed":0.0,"max_hp_gain":0.0,"max_hp_loss":6.0,"gold_gain":0.0,"event_name":"Golden Idol","player_choice":"Lose Max HP","floor":12.0,"gold_loss":0.0,"damage_taken":0.0,"relics_obtained":["Golden Idol"]},{"cards_removed":["Decay"],"damage_healed":0.0,"max_hp_gain":0.0,"max_hp_loss":0.0,"gold_gain":0.0,"event_name":"Living Wall","player_choice":"Forget","floor":13.0,"gold_loss":0.0,"damage_taken":0.0},{"cards_removed":["Sucker Punch"],"damage_healed":0.0,"max_hp_gain":0.0,"max_hp_loss":0.0,"gold_gain":0.0,"event_name":"WeMeetAgain","player_choice":"Gave Card","floor":21.0,"gold_loss":0.0,"damage_taken":0.0,"relics_obtained":["Regal Pillow"]},{"cards_removed":["Dagger Spray"],"damage_healed":0.0,"max_hp_gain":0.0,"max_hp_loss":0.0,"gold_gain":0.0,"event_name":"Falling","player_choice":"Removed Attack","floor":36.0,"gold_loss":0.0,"damage_taken":0.0},{"damage_healed":0.0,"max_hp_gain":0.0,"max_hp_loss":0.0,"gold_gain":0.0,"event_name":"Upgrade Shrine","player_choice":"Upgraded","floor":39.0,"gold_loss":0.0,"damage_taken":0.0,"cards_upgraded":["Footwork"]},{"damage_healed":49.0,"max_hp_gain":0.0,"max_hp_loss":11.0,"gold_gain":0.0,"event_name":"The Moai Head","player_choice":"Heal","floor":48.0,"gold_loss":0.0,"damage_taken":0.0}],"is_beta":false,"boss_relics":[{"not_picked":["Calling Bell","White Beast Statue"],"picked":"Astrolabe"},{"not_picked":["WristBlade","Runic Dome"],"picked":"Sozu"}],"items_purged_floors":[37],"is_endless":false,"potions_floor_spawned":[5,10,14,18,24,30,38,41,44],"ascension_level":18}