{"gold_per_floor":[111,124,135,148,168,198,198,198,244,244,282,282,297,58,58,184,184,202,215,215,240,96,96,96],"floor_reached":24,"playtime":1430,"items_purged":["Strike_B"],"score":291,"play_id":"5d9eef9f-29ca-436b-9143-fdbb786dee34","local_time":"20180922171340","is_ascension_mode":true,"campfire_choices":[{"data":"Buffer","floor":7.0,"key":"SMITH"},{"floor":10.0,"key":"REST"},{"data":"Darkness","floor":15.0,"key":"SMITH"},{"data":"Redo","floor":23,"key":"SMITH"}],"neow_cost":"NONE","seed_source_timestamp":260393372483342,"circlet_count":0,"master_deck":["Strike_B","Strike_B","Defend_B","Defend_B","Defend_B","Zap","Dualcast","Machine Learning","Melter","Coolheaded","Auto Shields","Redo+1","Darkness+1","Buffer+1","Turbo","Redo","Multi-Cast","Defragment","Rebound","Undo"],"special_seed":0,"relics":["Cracked Core","Bag of Marbles","Golden Idol","Strawberry","Cables","Meat on the Bone","Sozu"],"potions_floor_usage":[24],"damage_taken":[{"damage":1.0,"enemies":"Cultist","floor":1.0,"turns":3.0},{"damage":4.0,"enemies":"Jaw Worm","floor":2.0,"turns":3.0},{"damage":8.0,"enemies":"Small Slimes","floor":3.0,"turns":3.0},{"damage":1.0,"enemies":"3 Louse","floor":4.0,"turns":3.0},{"damage":2.0,"enemies":"Red Slaver","floor":5.0,"turns":7.0},{"damage":3.0,"enemies":"Lagavulin","floor":6.0,"turns":7.0},{"damage":2.0,"enemies":"Gremlin Nob","floor":11.0,"turns":6.0},{"damage":11.0,"enemies":"Lots of Slimes","floor":13.0,"turns":4.0},{"damage":14.0,"enemies":"Hexaghost","floor":16.0,"turns":8.0},{"damage":12.0,"enemies":"2 Thieves","floor":18.0,"turns":4.0},{"damage":15.0,"enemies":"3 Byrds","floor":19.0,"turns":3.0},{"damage":13,"enemies":"Shelled Parasite and Fungi","floor":21,"turns":5},{"damage":50,"enemies":"Book of Stabbing","floor":24,"turns":5}],"seed_played":"-4255072353022407171","potions_obtained":[{"floor":3.0,"key":"Weak Potion"},{"floor":5.0,"key":"SkillPotion"},{"floor":13.0,"key":"SkillPotion"}],"is_trial":false,"path_per_floor":["M","M","M","M","M","E","R","?","T","R","E","?","M","$","R","B",null,"M","M","?","M","$","R"],"character_chosen":"DEFECT","items_purchased":["Meat on the Bone","Undo"],"campfire_rested":1,"item_purchase_floors":[14,22],"current_hp_per_floor":[67,63,55,54,52,49,49,31,38,62,60,53,42,42,42,40,72,60,45,45,44,44,44,0],"gold":96,"neow_bonus":"TRANSFORM_CARD","is_prod":false,"is_daily":false,"chose_seed":false,"campfire_upgraded":3,"win_rate":0,"timestamp":1537650820,"path_taken":["M","M","?","M","M","E","R","?","T","R","E","?","?","$","R","BOSS","M","?","?","M","$","R","E"],"build_version":"2018-09-20","purchased_purges":1,"victory":false,"max_hp_per_floor":[75,75,75,75,75,75,75,75,82,82,82,82,82,82,82,82,82,82,82,82,82,82,82,82],"card_choices":[{"not_picked":["Conserve Battery","Capacitor"],"picked":"Melter","floor":1.0},{"not_picked":["Capacitor","Gash"],"picked":"Coolheaded","floor":2.0},{"not_picked":["Steam Power","Storm"],"picked":"Auto Shields","floor":3.0},{"not_picked":["Coolheaded","Melter"],"picked":"Redo","floor":4.0},{"not_picked":["Chaos","Turbo"],"picked":"Darkness","floor":5.0},{"not_picked":["Ball Lightning","Rebound"],"picked":"Buffer","floor":6.0},{"not_picked":["Steam","Skim"],"picked":"Turbo","floor":11.0},{"not_picked":["Consume","Streamline"],"picked":"Redo","floor":13.0},{"not_picked":["Creative AI","Machine Learning"],"picked":"Multi-Cast","floor":16.0},{"not_picked":["Leap","Cold Snap"],"picked":"Defragment","floor":18.0},{"not_picked":["Stack","Coolheaded","Glacier"],"picked":"SKIP","floor":19},{"not_picked":["Sweeping Beam","Reinforced Body"],"picked":"Rebound","floor":21}],"player_experience":280596,"relics_obtained":[{"floor":6.0,"key":"Bag of Marbles"},{"floor":9.0,"key":"Strawberry"},{"floor":11.0,"key":"Cables"}],"event_choices":[{"event_name":"Golden Idol","player_choice":"Take Damage","floor":8.0,"damage_taken":0.0},{"event_name":"Golden Wing","player_choice":"Card Removal","floor":12.0,"damage_taken":0.0},{"event_name":"N\u0027loth","player_choice":"Ignored","floor":20,"damage_taken":0}],"is_beta":false,"boss_relics":[{"not_picked":["Black Star","Philosopher\u0027s Stone"],"picked":"Sozu"}],"items_purged_floors":[22],"is_endless":false,"potions_floor_spawned":[3,5,13,19,21],"killed_by":"Book of Stabbing","ascension_level":8}