{"gold_per_floor":[16,16,26,42,42,42,69,69,95,95,106,106,138,150,150,250,250,270,284,284,302,302,302,336,336,404,404,8,8,19,51,51,146,146,166,166,166,185,203,203],"floor_reached":40,"playtime":3218,"items_purged":[],"score":608,"play_id":"63526fb6-143a-471a-978d-e55a434a082f","local_time":"20180924165748","is_ascension_mode":true,"campfire_choices":[{"floor":6,"key":"REST"},{"floor":10,"key":"REST"},{"data":"Storm of Steel","floor":12,"key":"SMITH"},{"floor":15,"key":"REST"},{"data":"1","floor":23,"key":"LIFT"},{"floor":25,"key":"REST"},{"data":"2","floor":27,"key":"LIFT"},{"floor":32,"key":"REST"}],"neow_cost":"NO_GOLD","seed_source_timestamp":96499714342397,"circlet_count":0,"master_deck":["Defend_G","Defend_G","Defend_G","Defend_G","Defend_G","Strike_G","Strike_G","Strike_G","Strike_G","Strike_G","Survivor","Neutralize+1","Escape Plan","Bane+1","Backflip","Choke","Storm of Steel+1","PiercingWail","Deflect","Venomology","Blade Dance","Caltrops","Calculated Gamble","Footwork+1","Trip","Cloak And Dagger","Bullet Time","Burst","Madness","Madness","Accuracy"],"relics":["Ring of the Snake","Bird Faced Urn","Bag of Marbles","Art of War","Bronze Scales","Girya","White Beast Statue","MutagenicStrength","Pen Nib","Matryoshka","Tingsha","Snake Skull","StoneCalendar","Nunchaku","Busted Crown","Shovel"],"potions_floor_usage":[7,7,19,21,21,24,30,30,31,33,33,33,33,36,36,38,38,39,39,39],"damage_taken":[{"damage":0,"enemies":"2 Louse","floor":1,"turns":3},{"damage":6,"enemies":"Jaw Worm","floor":3,"turns":5},{"damage":0,"enemies":"Cultist","floor":4,"turns":3},{"damage":51,"enemies":"Gremlin Nob","floor":7,"turns":7},{"damage":4,"enemies":"Blue Slaver","floor":11,"turns":4},{"damage":17,"enemies":"Lagavulin","floor":13,"turns":6},{"damage":0,"enemies":"2 Fungi Beasts","floor":14,"turns":2},{"damage":47,"enemies":"The Guardian","floor":16,"turns":16},{"damage":8,"enemies":"3 Byrds","floor":18,"turns":4},{"damage":24,"enemies":"Shell Parasite","floor":19,"turns":6},{"damage":6,"enemies":"Snecko","floor":21,"turns":8},{"damage":20,"enemies":"Slavers","floor":24,"turns":7},{"damage":2,"enemies":"Snake Plant","floor":30,"turns":3},{"damage":9,"enemies":"Gremlin Leader","floor":31,"turns":6},{"damage":50,"enemies":"Automaton","floor":33,"turns":8},{"damage":1,"enemies":"3 Shapes","floor":35,"turns":4},{"damage":5,"enemies":"Mind Bloom Boss Battle","floor":36,"turns":6},{"damage":9,"enemies":"3 Darklings","floor":38,"turns":6},{"damage":41,"enemies":"Transient","floor":39,"turns":5},{"damage":18,"enemies":"Giant Head","floor":40,"turns":5}],"seed_played":"8886871491219049498","potions_obtained":[{"floor":3,"key":"Weak Potion"},{"floor":4,"key":"Regen Potion"},{"floor":14,"key":"SteroidPotion"},{"floor":18,"key":"GhostInAJar"},{"floor":19,"key":"Ancient Potion"},{"floor":21,"key":"FearPotion"},{"floor":30,"key":"PowerPotion"},{"floor":31,"key":"Dexterity Potion"},{"floor":33,"key":"Weak Potion"},{"floor":35,"key":"Dexterity Potion"},{"floor":36,"key":"Dexterity Potion"},{"floor":38,"key":"PowerPotion"},{"floor":39,"key":"SteroidPotion"}],"is_trial":false,"path_per_floor":["M","?","M","M","?","R","E","?","T","R","M","R","E","M","R","B",null,"M","M","?","M","?","R","E","R","T","R","$","T","M","E","R","B",null,"M","?","?","M","M"],"character_chosen":"THE_SILENT","items_purchased":["Tingsha","Trip"],"campfire_rested":5,"item_purchase_floors":[28,28],"current_hp_per_floor":[63,63,57,57,43,64,27,27,27,48,44,44,27,27,48,1,53,45,21,44,40,40,40,22,43,43,43,43,43,43,38,59,13,56,59,58,49,44,9,0],"gold":203,"neow_bonus":"ONE_RARE_RELIC","is_prod":false,"is_daily":false,"chose_seed":false,"campfire_upgraded":1,"win_rate":0,"timestamp":1537822668,"path_taken":["M","?","M","M","?","R","E","?","T","R","?","R","E","M","R","BOSS","M","M","?","?","?","R","E","R","T","R","$","?","?","E","R","BOSS","M","?","?","M","M","E"],"build_version":"2018-09-20","purchased_purges":0,"victory":false,"max_hp_per_floor":[70,70,70,70,70,70,70,70,70,70,70,70,70,70,70,70,70,70,70,70,70,70,70,70,70,70,70,70,70,70,70,70,70,70,70,70,70,70,70,70],"card_choices":[{"not_picked":["Poisoned Stab","Dagger Throw"],"picked":"Escape Plan","floor":1},{"not_picked":["Deadly Poison","Slice"],"picked":"Bane","floor":3},{"not_picked":["Acrobatics","Distraction"],"picked":"Backflip","floor":4},{"not_picked":["Deflect","Backflip"],"picked":"Choke","floor":7},{"not_picked":["Skewer","PiercingWail"],"picked":"Storm of Steel","floor":11},{"not_picked":["Quick Slash","Underhanded Strike"],"picked":"PiercingWail","floor":13},{"not_picked":["Quick Slash","Dagger Throw"],"picked":"Deflect","floor":14},{"not_picked":["Unload","Corpse Explosion"],"picked":"Venomology","floor":16},{"not_picked":["Quick Slash+1","Outmaneuver"],"picked":"Blade Dance","floor":18},{"not_picked":["Dagger Spray","Bane"],"picked":"Caltrops","floor":19},{"not_picked":["Underhanded Strike","Prepared"],"picked":"Calculated Gamble","floor":21},{"not_picked":["PiercingWail","Blade Dance"],"picked":"Footwork+1","floor":24},{"not_picked":["Wraith Form v2","Sucker Punch"],"picked":"Cloak And Dagger","floor":30},{"not_picked":["Calculated Gamble","Expertise"],"picked":"Bullet Time","floor":31},{"not_picked":["Phantasmal Killer","Corpse Explosion"],"picked":"Burst","floor":33},{"not_picked":["Deadly Poison"],"picked":"SKIP","floor":35},{"not_picked":["Underhanded Strike+1"],"picked":"SKIP","floor":38},{"not_picked":[],"picked":"Accuracy","floor":39}],"player_experience":286873,"relics_obtained":[{"floor":7,"key":"Bag of Marbles"},{"floor":9,"key":"Bronze Scales"},{"floor":13,"key":"Girya"},{"floor":24,"key":"Pen Nib"},{"floor":26,"key":"Matryoshka"},{"floor":29,"key":"Snake Skull"},{"floor":29,"key":"StoneCalendar"},{"floor":31,"key":"Nunchaku"},{"floor":36,"key":"Shovel"}],"event_choices":[{"event_name":"The Cleric","player_choice":"Leave","floor":2,"damage_taken":0},{"event_name":"Shining Light","player_choice":"Entered Light","floor":5,"damage_taken":0},{"event_name":"Dead Adventurer","player_choice":"Searched \u00272\u0027 times","floor":8,"damage_taken":0},{"event_name":"The Library","player_choice":"Heal","floor":20,"damage_taken":0},{"event_name":"Drug Dealer","player_choice":"Inject Mutagens","floor":22,"damage_taken":0},{"event_name":"MindBloom","player_choice":"Fight","floor":36,"damage_taken":0},{"event_name":"Winding Halls","player_choice":"Embrace Madness","floor":37,"damage_taken":0}],"is_beta":false,"boss_relics":[{"not_picked":["Pandora\u0027s Box","Velvet Choker"],"picked":"White Beast Statue"},{"not_picked":["Eternal Feather","Orrery"],"picked":"Busted Crown"}],"items_purged_floors":[],"is_endless":false,"potions_floor_spawned":[3,4,14,18,19,21,24,30,31,33,35,36,38,39],"killed_by":"Giant Head","ascension_level":8}