{"gold_per_floor":[115,130,147,147,162,162,187,207,262,262,262],"floor_reached":11,"playtime":441,"items_purged":[],"score":105,"play_id":"8ee5c143-5ea9-414d-9192-19fa3ce7a86d","local_time":"20190504013139","is_ascension_mode":true,"campfire_choices":[{"data":"Dagger Spray","floor":6,"key":"SMITH"},{"floor":10,"key":"REST"}],"neow_cost":"NONE","seed_source_timestamp":777258937597897,"circlet_count":0,"master_deck":["Defend_G","Defend_G","Defend_G","Defend_G+1","Defend_G","Strike_G","Strike_G","Strike_G","Strike_G","Strike_G+1","Survivor","Neutralize","Infinite Blades","Blur","Dagger Spray+1","Noxious Fumes","All Out Attack"],"relics":["Ring of the Snake","Boot","Question Card","Tiny Chest"],"potions_floor_usage":[11],"damage_taken":[{"damage":0,"enemies":"Cultist","floor":1,"turns":4},{"damage":6,"enemies":"Small Slimes","floor":2,"turns":4},{"damage":0,"enemies":"2 Louse","floor":3,"turns":2},{"damage":3,"enemies":"Exordium Wildlife","floor":5,"turns":5},{"damage":36,"enemies":"Gremlin Nob","floor":7,"turns":6},{"damage":1,"enemies":"3 Louse","floor":8,"turns":3},{"damage":27,"enemies":"Lagavulin Event","floor":11,"turns":5}],"seed_played":"-401058294958694888","potions_obtained":[{"floor":7,"key":"LiquidBronze"},{"floor":8,"key":"Swift Potion"}],"is_trial":false,"path_per_floor":["M","M","M","?","M","R","E","M","T","R","?"],"character_chosen":"THE_SILENT","items_purchased":[],"campfire_rested":1,"item_purchase_floors":[],"current_hp_per_floor":[63,57,57,43,40,40,4,3,3,24,0],"gold":262,"neow_bonus":"RANDOM_COMMON_RELIC","is_prod":false,"is_daily":false,"chose_seed":false,"campfire_upgraded":1,"win_rate":0,"timestamp":1556929899,"path_taken":["M","?","M","?","M","R","E","M","T","R","?"],"build_version":"2019-01-23","purchased_purges":0,"victory":false,"max_hp_per_floor":[70,70,70,70,70,70,70,70,70,70,70],"card_choices":[{"not_picked":["Outmaneuver","Underhanded Strike","Quick Slash"],"picked":"SKIP","floor":1},{"not_picked":["Crippling Poison","Bane"],"picked":"Infinite Blades","floor":2},{"not_picked":["Bane","Acrobatics"],"picked":"Blur","floor":3},{"not_picked":["Dagger Throw","Quick Slash"],"picked":"Dagger Spray","floor":5},{"not_picked":["Deflect","Acrobatics"],"picked":"Noxious Fumes","floor":7},{"not_picked":["Backstab","Dagger Throw","Venomology"],"picked":"All Out Attack","floor":8}],"player_experience":596993,"relics_obtained":[{"floor":7,"key":"Question Card"},{"floor":9,"key":"Tiny Chest"}],"event_choices":[{"damage_healed":0,"gold_gain":0,"player_choice":"Entered Light","damage_taken":14,"max_hp_gain":0,"max_hp_loss":0,"event_name":"Shining Light","floor":4,"gold_loss":0,"cards_upgraded":["Strike_G","Defend_G"]},{"damage_healed":0,"gold_gain":0,"player_choice":"Searched \u00272\u0027 times","damage_taken":0,"max_hp_gain":0,"max_hp_loss":0,"event_name":"Dead Adventurer","floor":11,"gold_loss":0}],"is_beta":false,"boss_relics":[],"items_purged_floors":[],"is_endless":false,"potions_floor_spawned":[7,8],"killed_by":"Lagavulin Event","ascension_level":8}