{"gold_per_floor":[119,138,158,169,49,79,96,51,104,179,179,210,210,210,210,341,341,362,387,387,93,111,134,134,167,193,292,323,323],"floor_reached":29,"playtime":1348,"items_purged":["Pain"],"score":383,"play_id":"bf4c0607-2ffe-4709-bddf-40c8a47105c6","local_time":"20190415231008","is_ascension_mode":true,"campfire_choices":[{"data":"Finisher","floor":11,"key":"SMITH"},{"data":"Neutralize","floor":13,"key":"SMITH"},{"floor":15,"key":"REST"},{"floor":24,"key":"REST"}],"neow_cost":"NONE","seed_source_timestamp":236086085801521,"circlet_count":0,"master_deck":["Defend_G","Defend_G","Defend_G","Defend_G","Defend_G","Strike_G","Strike_G","Strike_G","Strike_G","Strike_G","Survivor","Neutralize+1","Poisoned Stab","Well Laid Plans","Cloak And Dagger","Backflip","Finisher+1","Blade Dance","Cloak And Dagger","Flying Knee","Glass Knife","Accuracy","Corpse Explosion","Envenom","Bouncing Flask+1"],"relics":["Ring of the Snake","Strawberry","PreservedInsect","Pen Nib","Singing Bowl","Golden Idol","Fusion Hammer","WarpedTongs","Lantern","Smiling Mask","Dream Catcher"],"potions_floor_usage":[16,16,25,28,28,29],"damage_taken":[{"damage":2,"enemies":"Cultist","floor":1,"turns":4},{"damage":0,"enemies":"2 Louse","floor":2,"turns":3},{"damage":0,"enemies":"Small Slimes","floor":3,"turns":3},{"damage":4,"enemies":"Red Slaver","floor":4,"turns":5},{"damage":6,"enemies":"Lagavulin","floor":6,"turns":6},{"damage":3,"enemies":"Looter","floor":7,"turns":3},{"damage":15,"enemies":"3 Sentries","floor":12,"turns":5},{"damage":20,"enemies":"Slime Boss","floor":16,"turns":6},{"damage":15,"enemies":"Spheric Guardian","floor":18,"turns":4},{"damage":35,"enemies":"2 Thieves","floor":19,"turns":5},{"damage":0,"enemies":"3 Cultists","floor":22,"turns":2},{"damage":1,"enemies":"Centurion and Healer","floor":23,"turns":3},{"damage":29,"enemies":"Book of Stabbing","floor":25,"turns":5},{"damage":24,"enemies":"Gremlin Leader","floor":28,"turns":4},{"damage":10,"enemies":"Shelled Parasite and Fungi","floor":29,"turns":3}],"seed_played":"818617789597711895","potions_obtained":[{"floor":1,"key":"FearPotion"},{"floor":3,"key":"EssenceOfSteel"},{"floor":4,"key":"Fire Potion"},{"floor":16,"key":"Strength Potion"},{"floor":19,"key":"FearPotion"},{"floor":28,"key":"Swift Potion"}],"is_trial":false,"path_per_floor":["M","M","M","M","$","E","M","$","T","?","R","E","R","?","R","B",null,"M","M","?","$","M","M","R","E","T","?","E","M"],"character_chosen":"THE_SILENT","items_purchased":["Finisher","Blade Dance","Flying Knee","Corpse Explosion","Envenom"],"campfire_rested":2,"item_purchase_floors":[5,5,8,21,21],"current_hp_per_floor":[75,75,75,71,71,65,62,62,62,51,51,38,38,19,42,22,79,64,31,31,31,33,34,59,30,30,30,8,0],"gold":323,"neow_bonus":"RANDOM_COMMON_RELIC","is_prod":false,"is_daily":false,"chose_seed":false,"campfire_upgraded":2,"win_rate":0,"timestamp":1555366208,"path_taken":["M","M","M","M","$","E","?","?","T","?","R","E","R","?","R","BOSS","M","M","?","$","?","M","R","E","T","?","E","M"],"build_version":"2019-01-23","purchased_purges":1,"victory":false,"max_hp_per_floor":[77,77,77,77,77,77,77,77,77,77,77,79,79,79,79,79,79,79,81,81,81,83,85,85,85,85,85,87,87],"card_choices":[{"not_picked":["Endless Agony","Backstab"],"picked":"Poisoned Stab","floor":1},{"not_picked":["PiercingWail","Backstab"],"picked":"Well Laid Plans","floor":2},{"not_picked":["Finisher","Dodge and Roll"],"picked":"Cloak And Dagger","floor":3},{"not_picked":["Deadly Poison","Setup"],"picked":"Backflip","floor":4},{"not_picked":["Expertise","Slice","Skewer"],"picked":"SKIP","floor":6},{"not_picked":["Acrobatics","Quick Slash"],"picked":"Cloak And Dagger","floor":7},{"not_picked":["Well Laid Plans","Dodge and Roll","Slice"],"picked":"Singing Bowl","floor":12},{"not_picked":["Unload","A Thousand Cuts"],"picked":"Glass Knife","floor":16},{"not_picked":["Acrobatics+1","Cloak And Dagger"],"picked":"Accuracy","floor":18},{"not_picked":["Skewer","Concentrate","Sucker Punch"],"picked":"Singing Bowl","floor":19},{"not_picked":["Setup","PiercingWail+1","Dagger Spray"],"picked":"Singing Bowl","floor":22},{"not_picked":["Poisoned Stab","Flying Knee+1","Sucker Punch"],"picked":"Singing Bowl","floor":23},{"not_picked":["Sucker Punch+1","Escape Plan"],"picked":"Bouncing Flask+1","floor":25},{"not_picked":["Dodge and Roll","Night Terror","Outmaneuver"],"picked":"Singing Bowl","floor":28}],"player_experience":451344,"relics_obtained":[{"floor":6,"key":"PreservedInsect"},{"floor":9,"key":"Pen Nib"},{"floor":12,"key":"Singing Bowl"},{"floor":25,"key":"Lantern"},{"floor":26,"key":"Smiling Mask"},{"floor":28,"key":"Dream Catcher"}],"event_choices":[{"damage_healed":0,"gold_gain":75,"player_choice":"Gather Gold","damage_taken":11,"max_hp_gain":0,"max_hp_loss":0,"event_name":"World of Goop","floor":10,"gold_loss":0},{"damage_healed":0,"gold_gain":0,"player_choice":"Take Damage","damage_taken":19,"relics_obtained":["Golden Idol"],"max_hp_gain":0,"max_hp_loss":0,"event_name":"Golden Idol","floor":14,"gold_loss":0},{"damage_healed":0,"gold_gain":0,"player_choice":"Rummage","damage_taken":0,"relics_obtained":["WarpedTongs"],"max_hp_gain":0,"max_hp_loss":0,"event_name":"Accursed Blacksmith","floor":20,"gold_loss":0,"cards_obtained":["Pain"]},{"damage_healed":0,"gold_gain":99,"player_choice":"Stole From Cult","damage_taken":0,"max_hp_gain":0,"max_hp_loss":0,"event_name":"Nest","floor":27,"gold_loss":0}],"is_beta":false,"boss_relics":[{"not_picked":["Sozu","Astrolabe"],"picked":"Fusion Hammer"}],"items_purged_floors":[21],"is_endless":false,"potions_floor_spawned":[1,3,4,16,19,23,28],"killed_by":"Shelled Parasite and Fungi","ascension_level":4}