{"gold_per_floor":[112,112,112,112,287,287,318,20,20,50,50,68,68,102,102,180,180,197,597,578,578,588,588,346,358,384,384,397,397,422,433,433,511,511,527,537,537,136,136,164,176,216,228,254,266,288,300,312,324,336,348,360,7,37,37],"floor_reached":55,"playtime":2743,"items_purged":["Doubt","Strike_G","Strike_G","Strike_G"],"score":1273,"play_id":"d35d1ccc-21bb-47a4-80c3-8492d3386056","local_time":"20190218034016","is_ascension_mode":true,"campfire_choices":[{"data":"Deflect","floor":6.0,"key":"SMITH"},{"data":"Noxious Fumes","floor":13.0,"key":"SMITH"},{"data":"Dodge and Roll","floor":15.0,"key":"SMITH"},{"floor":23.0,"key":"REST"},{"data":"Adrenaline","floor":27.0,"key":"SMITH"},{"floor":29.0,"key":"REST"},{"data":"Noxious Fumes","floor":32.0,"key":"SMITH"},{"data":"Blur","floor":41.0,"key":"SMITH"},{"floor":47.0,"key":"REST"},{"floor":49.0,"key":"RECALL"},{"data":"Bouncing Flask","floor":52.0,"key":"SMITH"}],"neow_cost":"NONE","seed_source_timestamp":57053559122434,"circlet_count":0,"master_deck":["AscendersBane","Defend_G","Defend_G","Defend_G","Defend_G","Strike_G","Survivor","Neutralize+1","Deflect+1","Backstab","Noxious Fumes+1","Noxious Fumes+1","Dodge and Roll+1","Corpse Explosion+1","Backflip","Deadly Poison+1","Noxious Fumes+1","Adrenaline+1","Bouncing Flask+1","Blur+1","Backflip+1","Parasite","Blur","Dodge and Roll"],"special_seed":0,"relics":["Ring of the Snake","Oddly Smooth Stone","Potion Belt","Snake Skull","Ornamental Fan","Bottled Tornado","Vajra","Philosopher\u0027s Stone","Old Coin","Pantograph","Regal Pillow","Blood Vial","Eternal Feather","Membership Card","Lantern","MawBank","Mango","Ice Cream","Medical Kit","Boot"],"potions_floor_usage":[54,55],"damage_taken":[{"damage":1.0,"enemies":"Jaw Worm","floor":1.0,"turns":6.0},{"damage":21.0,"enemies":"3 Sentries","floor":7.0,"turns":18.0},{"damage":17.0,"enemies":"Gremlin Nob","floor":10.0,"turns":5.0},{"damage":0.0,"enemies":"2 Louse","floor":12.0,"turns":3.0},{"damage":6.0,"enemies":"3 Sentries","floor":14.0,"turns":6.0},{"damage":1.0,"enemies":"The Guardian","floor":16.0,"turns":9.0},{"damage":0.0,"enemies":"3 Byrds","floor":18.0,"turns":3.0},{"damage":4.0,"enemies":"Colosseum Slavers","floor":19.0,"turns":3.0},{"damage":20.0,"enemies":"Colosseum Nobs","floor":19.0,"turns":3.0},{"damage":13.0,"enemies":"2 Thieves","floor":20.0,"turns":4.0},{"damage":8.0,"enemies":"Centurion and Healer","floor":22.0,"turns":4.0},{"damage":0.0,"enemies":"Chosen and Byrds","floor":25.0,"turns":4.0},{"damage":10.0,"enemies":"Snecko","floor":28.0,"turns":5.0},{"damage":23.0,"enemies":"Slavers","floor":30.0,"turns":2.0},{"damage":19.0,"enemies":"Centurion and Healer","floor":31.0,"turns":4.0},{"damage":37.0,"enemies":"Automaton","floor":33.0,"turns":7.0},{"damage":6.0,"enemies":"Orb Walker","floor":35.0,"turns":4.0},{"damage":12.0,"enemies":"3 Shapes","floor":36.0,"turns":2.0},{"damage":3.0,"enemies":"Reptomancer","floor":40.0,"turns":6.0},{"damage":48.0,"enemies":"Giant Head","floor":42.0,"turns":9.0},{"damage":8.0,"enemies":"Writhing Mass","floor":44.0,"turns":5.0},{"damage":6.0,"enemies":"Jaw Worm Horde","floor":46.0,"turns":2.0},{"damage":79.0,"enemies":"Donu and Deca","floor":50.0,"turns":8.0},{"damage":70,"enemies":"Shield and Spear","floor":54,"turns":6},{"damage":50,"enemies":"The Heart","floor":55,"turns":3}],"seed_played":"-2166108791896980122","potions_obtained":[{"floor":7.0,"key":"GamblersBrew"},{"floor":14.0,"key":"SteroidPotion"},{"floor":16.0,"key":"SteroidPotion"},{"floor":20.0,"key":"Explosive Potion"},{"floor":22.0,"key":"SpeedPotion"},{"floor":30.0,"key":"Poison Potion"},{"floor":31.0,"key":"Ancient Potion"},{"floor":39.0,"key":"LiquidBronze"},{"floor":39.0,"key":"Block Potion"},{"floor":40.0,"key":"GamblersBrew"},{"floor":42.0,"key":"FairyPotion"},{"floor":44.0,"key":"SkillPotion"},{"floor":46.0,"key":"FearPotion"}],"is_trial":false,"path_per_floor":["M","?","?","$","?","R","E","$","T","E","?","M","R","E","R","B",null,"M","?","M","?","M","R","$","M","T","R","M","R","E","M","R","B",null,"M","M","?","$","?","E","R","E","T","M","?","M","R","?","R","B",null,"R","$","E","B"],"character_chosen":"THE_SILENT","items_purchased":["Noxious Fumes","Snake Skull","Adrenaline","Membership Card","Bouncing Flask","Lantern","Block Potion","Ice Cream","Medical Kit","Blur"],"campfire_rested":3,"item_purchase_floors":[8,8,24,38,38,38,38,53,53,53],"current_hp_per_floor":[58,58,51,51,51,51,30,30,30,13,35,35,35,29,29,28,57,57,33,20,20,12,31,31,31,31,31,21,55,32,15,15,5,51,47,37,37,37,37,36,48,16,16,10,10,6,57,57,69,1,60,72,72,4,0],"gold":37,"neow_bonus":"RANDOM_COMMON_RELIC","is_prod":false,"is_daily":false,"chose_seed":false,"campfire_upgraded":7,"win_rate":0,"timestamp":1550482816,"path_taken":["M","?","?","?","?","R","E","$","T","E","?","M","R","E","R","BOSS","M","?","M","?","M","R","$","M","T","R","?","R","E","M","R","BOSS","M","M","?","$","?","E","R","E","T","?","?","M","R","?","R","BOSS","R","$","E","BOSS"],"build_version":"2019-01-23","purchased_purges":4,"victory":false,"max_hp_per_floor":[66,66,66,66,66,66,66,66,66,66,66,66,66,66,66,66,66,66,66,66,66,66,66,66,66,66,66,66,66,66,66,66,66,66,66,66,66,66,66,66,66,80,80,80,80,80,80,80,80,80,80,80,80,80,80],"card_choices":[{"not_picked":["Underhanded Strike","Bane"],"picked":"Deflect","floor":1.0},{"not_picked":["Acrobatics","Bane"],"picked":"Backstab","floor":7.0},{"not_picked":["Expertise","Infinite Blades"],"picked":"Noxious Fumes","floor":10.0},{"not_picked":["Infinite Blades","Prepared","Sucker Punch"],"picked":"SKIP","floor":12.0},{"not_picked":["Heel Hook","Distraction"],"picked":"Dodge and Roll","floor":14.0},{"not_picked":["Tools of the Trade","Venomology"],"picked":"Corpse Explosion","floor":16.0},{"not_picked":["Skewer","Cloak And Dagger"],"picked":"Backflip","floor":18.0},{"not_picked":["Heel Hook","Endless Agony"],"picked":"Deadly Poison+1","floor":19.0},{"not_picked":["Blade Dance","Sucker Punch","Dodge and Roll"],"picked":"SKIP","floor":20.0},{"not_picked":["Blade Dance","Skewer"],"picked":"Noxious Fumes+1","floor":22.0},{"not_picked":["Infinite Blades","Tactician","Dodge and Roll"],"picked":"SKIP","floor":25.0},{"not_picked":["Acrobatics","Blade Dance","Concentrate"],"picked":"SKIP","floor":28.0},{"not_picked":["Infinite Blades","Distraction+1","Doppelganger"],"picked":"SKIP","floor":30.0},{"not_picked":["Deadly Poison","Reflex","Heel Hook"],"picked":"SKIP","floor":31.0},{"not_picked":["Deflect","Flying Knee","Dodge and Roll+1"],"picked":"SKIP","floor":35.0},{"not_picked":["Underhanded Strike","Acrobatics+1","Dagger Throw"],"picked":"SKIP","floor":36.0},{"not_picked":["Acrobatics+1","Finisher"],"picked":"Blur","floor":40.0},{"not_picked":["All Out Attack","Heel Hook+1"],"picked":"Backflip+1","floor":42.0},{"not_picked":["Acrobatics","Bane","Dodge and Roll"],"picked":"SKIP","floor":44.0},{"not_picked":["Dodge and Roll","Backflip","Bane"],"picked":"SKIP","floor":46.0},{"not_picked":["Underhanded Strike","Poisoned Stab+1"],"picked":"Dodge and Roll","floor":54}],"player_experience":606350,"relics_obtained":[{"floor":7.0,"key":"Potion Belt"},{"floor":9.0,"key":"Ornamental Fan"},{"floor":10.0,"key":"Bottled Tornado"},{"floor":14.0,"key":"Vajra"},{"floor":19.0,"key":"Old Coin"},{"floor":19.0,"key":"Pantograph"},{"floor":26.0,"key":"Regal Pillow"},{"floor":30.0,"key":"Blood Vial"},{"floor":40.0,"key":"MawBank"},{"floor":42.0,"key":"Mango"},{"floor":54,"key":"Boot"}],"event_choices":[{"damage_healed":0.0,"max_hp_gain":0.0,"max_hp_loss":0.0,"gold_gain":0.0,"event_name":"Living Wall","player_choice":"Grow","floor":2.0,"gold_loss":0.0,"damage_taken":0.0,"cards_upgraded":["Neutralize"]},{"cards_removed":["Defend_G"],"damage_healed":0.0,"max_hp_gain":0.0,"max_hp_loss":0.0,"gold_gain":0.0,"event_name":"Golden Wing","player_choice":"Card Removal","floor":3.0,"gold_loss":0.0,"damage_taken":7.0},{"damage_healed":0.0,"max_hp_gain":0.0,"max_hp_loss":0.0,"gold_gain":175.0,"event_name":"Liars Game","player_choice":"AGREE","floor":5.0,"gold_loss":0.0,"damage_taken":0.0,"cards_obtained":["Doubt"]},{"damage_healed":22.0,"max_hp_gain":0.0,"max_hp_loss":0.0,"gold_gain":0.0,"event_name":"Big Fish","player_choice":"Banana","floor":11.0,"gold_loss":0.0,"damage_taken":0.0},{"damage_healed":0.0,"max_hp_gain":0.0,"max_hp_loss":0.0,"gold_gain":0.0,"event_name":"Colosseum","player_choice":"Fight","floor":19.0,"gold_loss":0.0,"damage_taken":0.0},{"damage_healed":0.0,"max_hp_gain":0.0,"max_hp_loss":0.0,"gold_gain":0.0,"event_name":"Colosseum","player_choice":"Fought Nobs","floor":19.0,"gold_loss":0.0,"damage_taken":0.0},{"damage_healed":0.0,"max_hp_gain":0.0,"max_hp_loss":0.0,"gold_gain":0.0,"event_name":"Upgrade Shrine","player_choice":"Upgraded","floor":21.0,"gold_loss":0.0,"damage_taken":0.0,"cards_upgraded":["Corpse Explosion"]},{"damage_healed":0.0,"max_hp_gain":0.0,"max_hp_loss":0.0,"gold_gain":0.0,"event_name":"Mysterious Sphere","player_choice":"Ignored","floor":37.0,"gold_loss":0.0,"damage_taken":0.0},{"damage_healed":0.0,"max_hp_gain":0.0,"max_hp_loss":0.0,"gold_gain":0.0,"event_name":"Lab","player_choice":"Got Potions","floor":39.0,"gold_loss":0.0,"damage_taken":0.0},{"cards_removed":["Strike_G"],"damage_healed":0.0,"max_hp_gain":0.0,"max_hp_loss":0.0,"gold_gain":0.0,"event_name":"Falling","player_choice":"Removed Attack","floor":45.0,"gold_loss":0.0,"damage_taken":0.0},{"damage_healed":0.0,"max_hp_gain":0.0,"max_hp_loss":0.0,"gold_gain":0.0,"event_name":"Tomb of Lord Red Mask","player_choice":"Ignored","floor":48.0,"gold_loss":0.0,"damage_taken":0.0}],"is_beta":false,"boss_relics":[{"not_picked":["Orrery","Ring of the Serpent"],"picked":"Philosopher\u0027s Stone"},{"not_picked":["Runic Dome","Pandora\u0027s Box"],"picked":"Eternal Feather"}],"items_purged_floors":[8,24,38,53],"is_endless":false,"potions_floor_spawned":[7,14,16,19,20,22,30,31,40,42,44,46],"killed_by":"The Heart","ascension_level":14}