{"gold_per_floor":[16,16,27,37,56,84,96,46,46,46,60,60,60,91,91,192,192,210,244,159,174,187,187,26,26,53,65,88,117,21,40,40,40],"floor_reached":33,"playtime":1055,"items_purged":["Regret"],"score":259,"play_id":"83a92a0e-0381-4fa0-b517-74dd86d0a165","local_time":"20181117191304","is_ascension_mode":false,"campfire_choices":[{"floor":12,"key":"REST"},{"data":"Perfected Strike","floor":15,"key":"SMITH"},{"floor":23,"key":"REST"},{"floor":25,"key":"REST"},{"data":"Enlightenment","floor":27,"key":"SMITH"},{"data":"Armaments","floor":32,"key":"SMITH"}],"neow_cost":"NO_GOLD","seed_source_timestamp":1210665766798,"circlet_count":0,"master_deck":["Strike_R","Strike_R","Strike_R+1","Strike_R","Strike_R","Defend_R","Defend_R","Defend_R","Defend_R+1","Bash","Sword Boomerang","Rampage","Twin Strike","Bludgeon","Rage","Perfected Strike+1","Clothesline","Whirlwind","Demon Form","Clothesline","Inflame+1","Cleave+1","Disarm+1","Seeing Red","Enlightenment+1","Perfected Strike","Flex+1","Inflame","Pummel","Armaments+1"],"relics":["Black Blood","Thread and Needle","Smiling Mask","Omamori","Ornamental Fan","FaceOfCleric","Matryoshka","Red Mask","Blood Vial","MawBank","Regal Pillow"],"potions_floor_usage":[6,6,11,29],"damage_taken":[{"damage":2,"enemies":"Jaw Worm","floor":1,"turns":3},{"damage":10,"enemies":"Small Slimes","floor":3,"turns":4},{"damage":3,"enemies":"Cultist","floor":4,"turns":3},{"damage":8,"enemies":"3 Louse","floor":5,"turns":4},{"damage":21,"enemies":"Lagavulin","floor":6,"turns":5},{"damage":5,"enemies":"Blue Slaver","floor":7,"turns":2},{"damage":0,"enemies":"2 Fungi Beasts","floor":11,"turns":2},{"damage":10,"enemies":"Gremlin Nob","floor":14,"turns":3},{"damage":12,"enemies":"Slime Boss","floor":16,"turns":9},{"damage":19,"enemies":"Spheric Guardian","floor":18,"turns":4},{"damage":41,"enemies":"Masked Bandits","floor":19,"turns":5},{"damage":18,"enemies":"2 Thieves","floor":21,"turns":4},{"damage":30,"enemies":"Sentry and Sphere","floor":22,"turns":6},{"damage":2,"enemies":"Chosen and Byrds","floor":28,"turns":6},{"damage":5,"enemies":"Centurion and Healer","floor":29,"turns":5},{"damage":25,"enemies":"Shelled Parasite and Fungi","floor":31,"turns":4},{"damage":77,"enemies":"Collector","floor":33,"turns":7}],"seed_played":"-6754900930794642664","potions_obtained":[{"floor":1,"key":"Weak Potion"},{"floor":4,"key":"FearPotion"},{"floor":6,"key":"GamblersBrew"},{"floor":7,"key":"SkillPotion"},{"floor":14,"key":"GamblersBrew"},{"floor":19,"key":"GamblersBrew"},{"floor":28,"key":"Fire Potion"}],"is_trial":false,"path_per_floor":["M","?","M","M","M","E","M","$","T","?","M","R","?","E","R","B",null,"M","?","?","M","M","R","$","R","T","R","M","M","$","M","R","B"],"character_chosen":"IRONCLAD","items_purchased":["Seeing Red","Enlightenment","Inflame","Pummel"],"campfire_rested":3,"item_purchase_floors":[24,24,30,30],"current_hp_per_floor":[80,80,76,79,77,62,63,63,63,47,53,77,77,74,74,69,82,74,44,44,39,22,47,47,72,72,72,83,88,88,74,74,0],"gold":40,"neow_bonus":"ONE_RARE_RELIC","is_prod":false,"is_daily":false,"chose_seed":false,"campfire_upgraded":3,"win_rate":0,"timestamp":1542478384,"path_taken":["M","?","M","M","M","E","M","$","T","?","M","R","?","E","R","BOSS","M","?","?","M","M","R","$","R","T","R","M","M","?","M","R","BOSS"],"build_version":"2018-11-15","purchased_purges":1,"victory":false,"max_hp_per_floor":[80,80,80,80,80,80,80,80,80,80,80,80,80,81,81,82,82,83,84,84,85,86,86,86,86,86,86,87,88,88,89,89,89],"card_choices":[{"not_picked":["Fire Breathing","Shockwave"],"picked":"Sword Boomerang","floor":1},{"not_picked":["Headbutt","Havoc"],"picked":"Rampage","floor":3},{"not_picked":["Second Wind","Anger"],"picked":"Twin Strike","floor":4},{"not_picked":["True Grit","Shockwave"],"picked":"Bludgeon","floor":5},{"not_picked":["Twin Strike","Combust"],"picked":"Rage","floor":6},{"not_picked":["Twin Strike","Havoc"],"picked":"Perfected Strike","floor":7},{"not_picked":["Clash","Battle Trance"],"picked":"Clothesline","floor":11},{"not_picked":["Pummel","Cleave"],"picked":"Whirlwind","floor":14},{"not_picked":["Limit Break","Double Tap"],"picked":"Demon Form","floor":16},{"not_picked":["Body Slam+1","Entrench"],"picked":"Clothesline","floor":18},{"not_picked":["Clash","Thunderclap+1"],"picked":"Inflame+1","floor":19},{"not_picked":["Rampage","Inflame"],"picked":"Cleave+1","floor":21},{"not_picked":["Havoc","Limit Break"],"picked":"Disarm+1","floor":22},{"not_picked":["Shrug It Off","Wild Strike"],"picked":"Perfected Strike","floor":28},{"not_picked":["Shrug It Off","Anger+1"],"picked":"Flex+1","floor":29},{"not_picked":["Pommel Strike","Headbutt"],"picked":"Armaments","floor":31}],"player_experience":289760,"relics_obtained":[{"floor":6,"key":"Omamori"},{"floor":9,"key":"Ornamental Fan"},{"floor":14,"key":"Matryoshka"},{"floor":19,"key":"Red Mask"},{"floor":26,"key":"MawBank"},{"floor":26,"key":"Regal Pillow"}],"event_choices":[{"damage_healed":0,"gold_gain":0,"player_choice":"Box","damage_taken":0,"relics_obtained":["Smiling Mask"],"max_hp_gain":0,"max_hp_loss":0,"event_name":"Big Fish","floor":2,"gold_loss":0,"cards_obtained":["Regret"]},{"damage_healed":0,"gold_gain":0,"player_choice":"Entered Light","damage_taken":16,"max_hp_gain":0,"max_hp_loss":0,"event_name":"Shining Light","floor":10,"gold_loss":0,"cards_upgraded":["Strike_R","Defend_R"]},{"damage_healed":0,"gold_gain":0,"player_choice":"Trade","damage_taken":0,"relics_obtained":["FaceOfCleric"],"max_hp_gain":0,"max_hp_loss":0,"event_name":"FaceTrader","floor":13,"gold_loss":0},{"damage_healed":0,"gold_gain":0,"player_choice":"Fought Bandits","damage_taken":0,"max_hp_gain":0,"max_hp_loss":0,"event_name":"Masked Bandits","floor":19,"gold_loss":0},{"damage_healed":0,"gold_gain":0,"player_choice":"Obtained Relic","damage_taken":0,"relics_obtained":["Blood Vial"],"max_hp_gain":0,"max_hp_loss":0,"event_name":"Addict","floor":20,"gold_loss":85}],"is_beta":false,"boss_relics":[{"not_picked":["Empty Cage","Orrery"],"picked":"Black Blood"}],"items_purged_floors":[8],"is_endless":false,"potions_floor_spawned":[1,4,6,7,14,19,28],"killed_by":"Collector","ascension_level":0}