{"gold_per_floor":[119,136,23,40,15,45,62,75,101,101,101,118,118,130,130,233,233,251,103,129,129,25,25],"floor_reached":23,"playtime":1019,"items_purged":["Doubt"],"score":191,"play_id":"51e5777f-7d15-49fe-a488-924b4267a776","local_time":"20181124210040","is_ascension_mode":false,"campfire_choices":[{"floor":13,"key":"RECALL"},{"floor":15,"key":"REST"}],"neow_cost":"CURSE","seed_source_timestamp":36801302630653,"circlet_count":0,"master_deck":["Strike_B","Strike_B","Defend_B","Defend_B","Defend_B","Defend_B","Zap","Dualcast","Rainbow+1","Undo","Compile Driver","Capacitor","Doom and Gloom","Go for the Eyes","Conserve Battery","Genetic Algorithm","Aggregate","Streamline","Self Repair","Core Surge","Echo Form","Tempest+1","Sweeping Beam","Turbo","Cold Snap+1","Leap","Self Repair"],"relics":["Cracked Core","Question Card","Orichalcum","Velvet Choker","Red Mask","Art of War"],"potions_floor_usage":[6,8,20,23],"damage_taken":[{"damage":1,"enemies":"Jaw Worm","floor":1,"turns":3},{"damage":5,"enemies":"2 Louse","floor":2,"turns":2},{"damage":5,"enemies":"Small Slimes","floor":4,"turns":4},{"damage":18,"enemies":"Gremlin Nob","floor":6,"turns":4},{"damage":1,"enemies":"2 Fungi Beasts","floor":7,"turns":5},{"damage":0,"enemies":"Looter","floor":8,"turns":3},{"damage":1,"enemies":"Large Slime","floor":12,"turns":7},{"damage":15,"enemies":"Exordium Thugs","floor":14,"turns":5},{"damage":26,"enemies":"Slime Boss","floor":16,"turns":9},{"damage":34,"enemies":"3 Byrds","floor":18,"turns":6},{"damage":17,"enemies":"Masked Bandits","floor":20,"turns":3},{"damage":60,"enemies":"Gremlin Leader","floor":23,"turns":8}],"seed_played":"-2224919401910133168","potions_obtained":[{"floor":2,"key":"Poison Potion"},{"floor":6,"key":"Energy Potion"},{"floor":12,"key":"GamblersBrew"},{"floor":16,"key":"FairyPotion"},{"floor":20,"key":"EssenceOfSteel"}],"is_trial":false,"path_per_floor":["M","M","$","M","$","E","M","M","T","?","?","M","R","M","R","B",null,"M","$","?","?","$","E"],"character_chosen":"DEFECT","items_purchased":["Doom and Gloom","Conserve Battery","Sweeping Beam","PowerPotion","Turbo","Leap","Self Repair"],"campfire_rested":1,"item_purchase_floors":[3,5,19,19,19,22,22],"current_hp_per_floor":[74,69,69,64,64,46,45,45,45,45,38,37,37,29,51,32,75,48,48,38,38,38,0],"gold":25,"neow_bonus":"TRANSFORM_TWO_CARDS","is_prod":false,"is_daily":false,"chose_seed":false,"campfire_upgraded":0,"win_rate":0,"timestamp":1543089640,"path_taken":["M","M","$","M","$","E","M","M","T","?","?","M","R","M","R","BOSS","M","$","?","?","$","E"],"build_version":"2018-11-15","purchased_purges":1,"victory":false,"max_hp_per_floor":[75,75,75,75,75,75,75,75,75,75,75,75,75,75,75,75,75,75,75,75,75,75,75],"card_choices":[{"not_picked":["Recycle","Leap"],"picked":"Compile Driver","floor":1},{"not_picked":["Stack","Hologram"],"picked":"Capacitor","floor":2},{"not_picked":["Rebound","Barrage"],"picked":"Go for the Eyes","floor":4},{"not_picked":["Consume","Sweeping Beam"],"picked":"Genetic Algorithm","floor":6},{"not_picked":["Rebound","Redo","Cold Snap"],"picked":"Aggregate","floor":7},{"not_picked":["Compile Driver","Lockon","Coolheaded"],"picked":"Streamline","floor":8},{"not_picked":["Stack","Steam","Chill"],"picked":"Self Repair","floor":12},{"not_picked":["Ball Lightning","Streamline","Stack"],"picked":"Core Surge","floor":14},{"not_picked":["Thunder Strike","Creative AI","Rainbow"],"picked":"Echo Form","floor":16},{"not_picked":["Streamline+1","Gash+1","Sunder"],"picked":"Tempest+1","floor":18},{"not_picked":["Turbo","Go for the Eyes","Steam"],"picked":"Cold Snap+1","floor":20}],"player_experience":302541,"relics_obtained":[{"floor":6,"key":"Question Card"},{"floor":20,"key":"Red Mask"}],"event_choices":[{"damage_healed":0,"gold_gain":0,"player_choice":"Grow","damage_taken":0,"max_hp_gain":0,"max_hp_loss":0,"event_name":"Living Wall","floor":10,"gold_loss":0,"cards_upgraded":["Rainbow"]},{"damage_healed":0,"gold_gain":0,"player_choice":"Success","damage_taken":7,"relics_obtained":["Orichalcum"],"max_hp_gain":0,"max_hp_loss":0,"event_name":"Scrap Ooze","floor":11,"gold_loss":0},{"damage_healed":0,"gold_gain":0,"player_choice":"Fought Bandits","damage_taken":0,"max_hp_gain":0,"max_hp_loss":0,"event_name":"Masked Bandits","floor":20,"gold_loss":0},{"damage_healed":0,"gold_gain":0,"player_choice":"Opened","damage_taken":0,"relics_obtained":["Art of War"],"max_hp_gain":0,"max_hp_loss":0,"event_name":"The Mausoleum","floor":21,"gold_loss":0}],"is_beta":false,"boss_relics":[{"not_picked":["Black Star","Empty Cage"],"picked":"Velvet Choker"}],"items_purged_floors":[3],"is_endless":false,"potions_floor_spawned":[2,6,12,16,20],"killed_by":"Gremlin Leader","ascension_level":0}