{"path_per_floor":["M","M","M","M","?","R","E","M","T","M","R","M","R","M","R","B",null,"M","M","M","?","?","R","E","R","T","$","M","R","M","M","R","B",null,"M","?","$","M","$","R","E","R","T","$","M","E","?","M","R","B"],"character_chosen":"IRONCLAD","items_purchased":["Master of Strategy","Pear","Secret Technique","Feel No Pain","True Grit","Warcry"],"gold_per_floor":[119,135,148,165,165,165,204,225,225,246,246,266,266,287,287,416,416,436,452,466,466,466,466,506,506,530,100,125,125,143,163,163,284,284,305,305,50,64,41,41,85,85,85,37,61,102,102,127,127,127],"floor_reached":51,"campfire_rested":4,"playtime":4361,"current_hp_per_floor":[80,80,76,55,35,59,50,50,50,52,52,50,50,52,76,36,80,80,80,74,74,74,74,55,55,55,65,67,67,75,79,90,88,90,90,90,90,90,90,90,88,90,90,90,90,85,85,90,90,83],"items_purged":[],"gold":127,"score":913,"play_id":"05f627c5-5496-4669-b40e-6426e0e6dbce","local_time":"20180326220500","is_prod":false,"is_daily":false,"is_ascension_mode":true,"campfire_upgraded":7,"timestamp":1522127100,"path_taken":["M","M","M","M","?","R","E","M","T","M","R","M","R","M","R","BOSS","M","M","M","?","?","R","E","R","T","$","?","R","M","M","R","BOSS","M","?","$","M","$","R","E","R","T","$","M","E","?","M","R","BOSS"],"build_version":"2018-03-22v2","purchased_purges":0,"victory":true,"master_deck":["Strike_R+1","Strike_R+1","Strike_R+1","Strike_R+1","Defend_R+1","Defend_R+1","Defend_R+1","Defend_R+1","Bash+1","Inflame+1","Feel No Pain+1","True Grit+1","Body Slam+1","Warcry+1","Pommel Strike+1","Warcry+1","Armaments+1","Warcry+1","Offering+1","Warcry+1","Infernal Blade+1","Offering+1","Master of Strategy+1","Disarm+1","Shrug It Off+1","Dark Embrace+1","Metallicize+1","Secret Technique+1","Feel No Pain+1","True Grit+1","Warcry+1","Bloodletting+1","Shockwave+1","Spot Weakness+1"],"max_hp_per_floor":[80,80,80,80,80,80,80,80,80,80,80,80,80,80,80,80,80,80,80,80,80,80,80,80,80,80,90,90,90,90,90,90,90,90,90,90,90,90,90,90,90,90,90,90,90,90,90,90,90,90],"relics":["Burning Blood","Golden Idol","Toxic Egg 2","Charon\u0027s Ashes","Philosopher\u0027s Stone","Blood Vial","Mercury Hourglass","Oddly Smooth Stone","Pear","Eternal Feather","Bag of Preparation","Gambling Chip","Dodecahedron"],"card_choices":[{"not_picked":["True Grit","Intimidate"],"picked":"Inflame","floor":0.0},{"not_picked":["Body Slam","True Grit"],"picked":"Feel No Pain","floor":1.0},{"not_picked":["Flex","Battle Trance"],"picked":"True Grit","floor":2.0},{"not_picked":["Anger","Entrench"],"picked":"Body Slam","floor":3.0},{"not_picked":["Sword Boomerang","Thunderclap"],"picked":"Warcry","floor":7.0},{"not_picked":["Sword Boomerang","Body Slam"],"picked":"Pommel Strike","floor":8.0},{"not_picked":["Immolate","Iron Wave"],"picked":"Warcry","floor":10.0},{"not_picked":["Rupture","Twin Strike"],"picked":"Armaments","floor":12.0},{"not_picked":["Armaments","Headbutt"],"picked":"Warcry","floor":14.0},{"not_picked":["Bludgeon","Impervious"],"picked":"Offering","floor":16.0},{"not_picked":["Headbutt","Anger"],"picked":"Warcry","floor":18.0},{"not_picked":["Sword Boomerang","Clash"],"picked":"Infernal Blade","floor":20.0},{"not_picked":["Thunderclap","Fire Breathing"],"picked":"Offering","floor":24.0},{"not_picked":["Clothesline","Clash"],"picked":"Disarm","floor":28.0},{"not_picked":["Infernal Blade","Seeing Red"],"picked":"Shrug It Off","floor":31.0},{"not_picked":["Impervious","Immolate"],"picked":"Dark Embrace","floor":33},{"not_picked":["Iron Wave","Cleave"],"picked":"Metallicize","floor":35},{"not_picked":["Clothesline","Thunderclap"],"picked":"Bloodletting","floor":45},{"not_picked":["Ghostly Armor","Anger"],"picked":"Shockwave","floor":46},{"not_picked":["Seeing Red","Pommel Strike"],"picked":"Spot Weakness","floor":48}],"player_experience":120635,"potions_floor_usage":[50,50],"damage_taken":[{"damage":0.0,"enemies":"2 Louse","floor":1.0,"turns":3.0},{"damage":3.0,"enemies":"Small Slimes","floor":2.0,"turns":4.0},{"damage":10.0,"enemies":"Cultist","floor":3.0,"turns":5.0},{"damage":27.0,"enemies":"Exordium Thugs","floor":4.0,"turns":5.0},{"damage":15.0,"enemies":"Gremlin Nob","floor":7.0,"turns":5.0},{"damage":6.0,"enemies":"Looter","floor":8.0,"turns":3.0},{"damage":4.0,"enemies":"Large Slime","floor":10.0,"turns":7.0},{"damage":8.0,"enemies":"Blue Slaver","floor":12.0,"turns":4.0},{"damage":4.0,"enemies":"Exordium Wildlife","floor":14.0,"turns":3.0},{"damage":46.0,"enemies":"Slime Boss","floor":16.0,"turns":10.0},{"damage":4.0,"enemies":"Spheric Guardian","floor":18.0,"turns":3.0},{"damage":4.0,"enemies":"Shell Parasite","floor":19.0,"turns":3.0},{"damage":12.0,"enemies":"Sentry and Sphere","floor":20.0,"turns":4.0},{"damage":27.0,"enemies":"Gremlin Leader","floor":24.0,"turns":5.0},{"damage":6.0,"enemies":"Snake Plant","floor":28.0,"turns":3.0},{"damage":0.0,"enemies":"Slaver and Parasite","floor":30.0,"turns":6.0},{"damage":4.0,"enemies":"Sentry and Sphere","floor":31.0,"turns":3.0},{"damage":8,"enemies":"Collector","floor":33,"turns":5},{"damage":4,"enemies":"3 Darklings","floor":35,"turns":3},{"damage":3,"enemies":"3 Shapes","floor":38,"turns":3},{"damage":8,"enemies":"Giant Head","floor":41,"turns":4},{"damage":4,"enemies":"3 Darklings","floor":45,"turns":3},{"damage":11,"enemies":"Nemesis","floor":46,"turns":5},{"damage":0,"enemies":"4 Shapes","floor":48,"turns":2},{"damage":13,"enemies":"Donu and Deca","floor":50,"turns":6}],"event_choices":[{"event_name":"Golden Idol","player_choice":"Take Damage","floor":5.0,"damage_taken":0.0},{"event_name":"Back to Basics","player_choice":"Simplicity","floor":21.0,"damage_taken":0.0},{"event_name":"The Mausoleum","player_choice":"Yes","floor":22.0,"damage_taken":0.0},{"event_name":"Upgrade Shrine","player_choice":"Upgraded","floor":36,"damage_taken":0},{"event_name":"Purifier","player_choice":"One Purge","floor":47,"damage_taken":0}],"boss_relics":[{"not_picked":["Question Card","Astrolabe"],"picked":"Eternal Feather"}],"potions_floor_spawned":[1,3,7,8,18,24,28,30,38,48],"seed_played":"-8732946220465207171","ascension_level":2,"is_trial":false}