{"gold_per_floor":[17,17,32,42,62,92,92,148,148,14,27,38,51,84,84,180,180,193,15,41,41,41,41,41,52,52,65,84,84,99,118,118,118],"floor_reached":33,"playtime":1475,"items_purged":[],"score":311,"play_id":"953fa008-49ec-4b10-89b2-32ace0ccf7a9","local_time":"20181027192927","is_ascension_mode":false,"campfire_choices":[{"floor":15,"key":"REST"},{"data":"Apotheosis","floor":24,"key":"SMITH"},{"floor":29,"key":"REST"},{"data":"Perfected Strike","floor":32,"key":"SMITH"}],"neow_cost":"NO_GOLD","seed_source_timestamp":554624814601101,"circlet_count":0,"master_deck":["Strike_R","Strike_R","Strike_R","Strike_R","Strike_R","Defend_R","Defend_R","Defend_R","Defend_R","Bash","Perfected Strike","Bash","PanicButton","Sword Boomerang","Cleave","Feed","Infernal Blade","Flame Barrier","Perfected Strike","Warcry","Feel No Pain","Ghostly Armor","Perfected Strike+1","Perfected Strike","Infernal Blade","Disarm","Fiend Fire","Burning Pact","Apotheosis+1","Pommel Strike","Shame","Power Through","Second Wind","Cleave","Sever Soul+1","Pommel Strike","Battle Trance"],"relics":["Burning Blood","StoneCalendar","Dream Catcher","Ornamental Fan","Unceasing Top","Dead Branch","Shovel","Philosopher\u0027s Stone","Red Mask","Incense Burner","Blood Vial","Frozen Egg 2"],"potions_floor_usage":[8,13,14,16,18,20,27,28],"damage_taken":[{"damage":1,"enemies":"2 Louse","floor":1,"turns":3},{"damage":0,"enemies":"Cultist","floor":3,"turns":2},{"damage":11,"enemies":"Jaw Worm","floor":4,"turns":3},{"damage":6,"enemies":"Lots of Slimes","floor":5,"turns":4},{"damage":30,"enemies":"3 Sentries","floor":6,"turns":7},{"damage":14,"enemies":"Gremlin Nob","floor":8,"turns":3},{"damage":10,"enemies":"Exordium Thugs","floor":11,"turns":3},{"damage":4,"enemies":"Looter","floor":12,"turns":3},{"damage":1,"enemies":"Exordium Wildlife","floor":13,"turns":3},{"damage":25,"enemies":"Lagavulin","floor":14,"turns":6},{"damage":18,"enemies":"The Guardian","floor":16,"turns":9},{"damage":24,"enemies":"Shell Parasite","floor":18,"turns":5},{"damage":36,"enemies":"Masked Bandits","floor":20,"turns":4},{"damage":2,"enemies":"Spheric Guardian","floor":25,"turns":3},{"damage":2,"enemies":"Cultist and Chosen","floor":27,"turns":4},{"damage":18,"enemies":"Snecko","floor":28,"turns":4},{"damage":1,"enemies":"Snake Plant","floor":30,"turns":3},{"damage":13,"enemies":"Cultist and Chosen","floor":31,"turns":5},{"damage":114,"enemies":"Collector","floor":33,"turns":6}],"seed_played":"7301583971720740588","potions_obtained":[{"floor":1,"key":"Swift Potion"},{"floor":3,"key":"Strength Potion"},{"floor":8,"key":"SpeedPotion"},{"floor":11,"key":"Explosive Potion"},{"floor":14,"key":"Strength Potion"},{"floor":18,"key":"Regen Potion"},{"floor":25,"key":"Energy Potion"},{"floor":27,"key":"Swift Potion"}],"is_trial":false,"path_per_floor":["M","?","M","M","M","E","T","?","T","$","M","M","M","E","R","B",null,"M","$","?","?","?","$","R","M","T","M","M","R","M","M","R"],"character_chosen":"IRONCLAD","items_purchased":["Perfected Strike","Warcry","Feel No Pain","Apotheosis"],"campfire_rested":2,"item_purchase_floors":[10,10,10,19],"current_hp_per_floor":[80,80,80,75,75,54,54,46,46,46,42,44,49,33,58,46,86,68,68,50,50,50,50,50,56,56,62,52,77,84,79,79,0],"gold":118,"neow_bonus":"ONE_RARE_RELIC","is_prod":false,"is_daily":false,"chose_seed":false,"campfire_upgraded":2,"win_rate":0,"timestamp":1540661367,"path_taken":["M","?","?","M","M","E","?","?","T","$","M","M","M","E","R","BOSS","M","$","?","?","?","?","R","M","T","M","M","R","M","M","R","BOSS"],"build_version":"2018-10-25v2","purchased_purges":0,"victory":false,"max_hp_per_floor":[80,80,80,80,80,83,83,83,83,83,83,83,83,86,86,86,86,86,86,86,86,86,86,86,86,86,86,86,86,86,86,86,86],"card_choices":[{"not_picked":["Inflame","Armaments"],"picked":"Perfected Strike","floor":1},{"not_picked":["Dual Wield","Combust"],"picked":"Sword Boomerang","floor":3},{"not_picked":["Body Slam","Blood for Blood"],"picked":"Cleave","floor":4},{"not_picked":["Spot Weakness","Cleave"],"picked":"Feed","floor":5},{"not_picked":["Rupture","Headbutt"],"picked":"Infernal Blade","floor":6},{"not_picked":["Iron Wave","Fire Breathing"],"picked":"Flame Barrier","floor":8},{"not_picked":["Entrench","Cleave"],"picked":"Ghostly Armor","floor":11},{"not_picked":["Thunderclap","Spot Weakness"],"picked":"Perfected Strike","floor":12},{"not_picked":["Iron Wave","Pommel Strike"],"picked":"Perfected Strike","floor":13},{"not_picked":["Havoc","Flex"],"picked":"Infernal Blade","floor":14},{"not_picked":["Rage","Clash"],"picked":"Disarm","floor":15},{"not_picked":["Berserk","Feed"],"picked":"Fiend Fire","floor":16},{"not_picked":["Pummel","Shockwave"],"picked":"Burning Pact","floor":18},{"not_picked":["Blood for Blood","Headbutt"],"picked":"Pommel Strike","floor":20},{"not_picked":["Searing Blow","Body Slam"],"picked":"Power Through","floor":25},{"not_picked":["Rupture+1","Reckless Charge"],"picked":"Second Wind","floor":27},{"not_picked":["Heavy Blade","Iron Wave"],"picked":"Cleave","floor":28},{"not_picked":["Headbutt+1","Entrench+1"],"picked":"Sever Soul+1","floor":29},{"not_picked":["Entrench","Cleave"],"picked":"Pommel Strike","floor":30},{"not_picked":["Wild Strike","Body Slam"],"picked":"Battle Trance","floor":31}],"player_experience":280704,"relics_obtained":[{"floor":6,"key":"Dream Catcher"},{"floor":7,"key":"Ornamental Fan"},{"floor":8,"key":"Unceasing Top"},{"floor":9,"key":"Dead Branch"},{"floor":14,"key":"Shovel"},{"floor":20,"key":"Red Mask"},{"floor":26,"key":"Frozen Egg 2"}],"event_choices":[{"damage_healed":0,"gold_gain":0,"player_choice":"2 cards matched","damage_taken":0,"max_hp_gain":0,"max_hp_loss":0,"event_name":"Match and Keep!","floor":2,"gold_loss":0,"cards_obtained":["Bash","PanicButton"]},{"damage_healed":0,"gold_gain":0,"player_choice":"Searched \u00271\u0027 times","damage_taken":0,"max_hp_gain":0,"max_hp_loss":0,"event_name":"Dead Adventurer","floor":8,"gold_loss":0},{"damage_healed":0,"gold_gain":0,"player_choice":"Fought Bandits","damage_taken":0,"max_hp_gain":0,"max_hp_loss":0,"event_name":"Masked Bandits","floor":20,"gold_loss":0},{"damage_healed":0,"gold_gain":0,"player_choice":"Stole Relic","damage_taken":0,"relics_obtained":["Incense Burner"],"max_hp_gain":0,"max_hp_loss":0,"event_name":"Addict","floor":21,"gold_loss":0,"cards_obtained":["Shame"]},{"damage_healed":0,"gold_gain":0,"player_choice":"Opened","damage_taken":0,"relics_obtained":["Blood Vial"],"max_hp_gain":0,"max_hp_loss":0,"event_name":"The Mausoleum","floor":22,"gold_loss":0}],"is_beta":false,"boss_relics":[{"not_picked":["Astrolabe","Ectoplasm"],"picked":"Philosopher\u0027s Stone"}],"items_purged_floors":[],"is_endless":false,"potions_floor_spawned":[1,3,8,11,12,14,18,25,27],"killed_by":"Collector","ascension_level":0}