{"gold_per_floor":[416,416,4,19,33,33,44,60,86,114,128,93,93,16,16,113,113,125,136,147,147,67,67,82,107,130,130,149,161,161,172,172,172],"floor_reached":33,"playtime":1539,"items_purged":[],"score":271,"play_id":"2a759572-6a45-4d2c-9cca-1891c67a8f34","local_time":"20180907175257","is_ascension_mode":false,"campfire_choices":[{"data":"Ball Lightning","floor":6,"key":"SMITH"},{"floor":13,"key":"REST"},{"data":"Hello World","floor":15,"key":"SMITH"},{"floor":23,"key":"REST"},{"floor":27,"key":"REST"},{"data":"Double Energy","floor":30,"key":"SMITH"},{"floor":32,"key":"REST"}],"neow_cost":"PERCENT_DAMAGE","seed_source_timestamp":1680070565858522,"circlet_count":0,"master_deck":["Strike_B","Strike_B","Strike_B","Strike_B","Defend_B","Defend_B","Defend_B","Defend_B","Zap","Dualcast","Turbo","BootSequence","Storm","Ball Lightning+1","Stack","Barrage","Machine Learning","Hello World+1","Compile Driver","Reinforced Body","Tempest","Thunder Strike","FTL","Reinforced Body+1","Cold Snap","RitualDagger","Sweeping Beam","Self Repair","Double Energy+1","Capacitor","Loop+1","Streamline+1","Capacitor"],"relics":["Cracked Core","Old Coin","Bottled Lightning","Chemical X","Smiling Mask","Kunai","Eternal Feather","Pear","Potion Belt"],"potions_floor_usage":[8,10,16,18,24,24,24,25,31,33],"damage_taken":[{"damage":0,"enemies":"Cultist","floor":1,"turns":3},{"damage":0,"enemies":"2 Louse","floor":4,"turns":2},{"damage":0,"enemies":"Small Slimes","floor":5,"turns":3},{"damage":0,"enemies":"3 Louse","floor":7,"turns":4},{"damage":4,"enemies":"Large Slime","floor":8,"turns":4},{"damage":17,"enemies":"Lagavulin","floor":10,"turns":6},{"damage":11,"enemies":"Exordium Wildlife","floor":11,"turns":4},{"damage":40,"enemies":"The Guardian","floor":16,"turns":9},{"damage":23,"enemies":"Spheric Guardian","floor":18,"turns":4},{"damage":11,"enemies":"2 Thieves","floor":19,"turns":4},{"damage":2,"enemies":"Cultist and Chosen","floor":20,"turns":6},{"damage":7,"enemies":"3 Cultists","floor":24,"turns":4},{"damage":42,"enemies":"Slavers","floor":25,"turns":6},{"damage":1,"enemies":"Snecko","floor":28,"turns":5},{"damage":29,"enemies":"Chosen and Byrds","floor":29,"turns":5},{"damage":48,"enemies":"Snake Plant","floor":31,"turns":5},{"damage":97,"enemies":"Champ","floor":33,"turns":13}],"seed_played":"2402234325741971277","potions_obtained":[{"floor":4,"key":"AttackPotion"},{"floor":5,"key":"Block Potion"},{"floor":10,"key":"LiquidBronze"},{"floor":16,"key":"AttackPotion"},{"floor":20,"key":"EntropicBrew"},{"floor":24,"key":"Swift Potion"},{"floor":29,"key":"AttackPotion"}],"is_trial":false,"path_per_floor":["M","T","$","M","M","R","M","M","T","E","M","?","R","$","R","B",null,"M","M","M","?","$","R","M","E","T","R","M","M","R","M","R"],"character_chosen":"DEFECT","items_purchased":["Chemical X","BootSequence","Storm","Ball Lightning","Tempest","Sweeping Beam","Self Repair"],"campfire_rested":4,"item_purchase_floors":[3,3,3,3,14,22,22],"current_hp_per_floor":[54,54,54,54,54,54,54,50,50,33,22,40,62,62,62,22,75,52,41,39,33,33,70,70,45,45,85,84,62,80,39,82,0],"gold":172,"neow_bonus":"ONE_RARE_RELIC","is_prod":false,"is_daily":false,"chose_seed":false,"campfire_upgraded":3,"win_rate":0,"timestamp":1536335577,"path_taken":["M","?","$","M","M","R","?","M","T","E","?","?","R","$","R","BOSS","M","M","M","?","$","R","M","E","T","R","M","M","R","M","R","BOSS"],"build_version":"2018-09-06","purchased_purges":0,"victory":false,"max_hp_per_floor":[75,75,75,75,75,75,75,75,75,75,75,75,75,75,75,75,75,75,75,75,75,75,75,75,85,85,85,85,85,85,85,85,85],"card_choices":[{"not_picked":["Rebound","Redo"],"picked":"Turbo","floor":1},{"not_picked":["Beam Cell","Chaos"],"picked":"Stack","floor":4},{"not_picked":["Scrape","Cold Snap"],"picked":"Barrage","floor":5},{"not_picked":["Defragment","Sunder"],"picked":"Machine Learning","floor":7},{"not_picked":["Gash","Redo"],"picked":"Hello World","floor":8},{"not_picked":["Fusion","Force Field"],"picked":"Compile Driver","floor":10},{"not_picked":["Fusion","Static Discharge"],"picked":"Reinforced Body","floor":11},{"not_picked":["Hyperbeam","Buffer"],"picked":"Thunder Strike","floor":16},{"not_picked":["Stack","Recycle"],"picked":"FTL","floor":18},{"not_picked":["Redo","Beam Cell+1"],"picked":"Reinforced Body+1","floor":19},{"not_picked":["Reprogram","Redo"],"picked":"Cold Snap","floor":20},{"not_picked":["Hologram","Leap"],"picked":"Double Energy","floor":24},{"not_picked":["Scrape","Hologram"],"picked":"Capacitor","floor":25},{"not_picked":["Stack","Gash"],"picked":"Loop+1","floor":28},{"not_picked":["Hologram","Barrage+1"],"picked":"Streamline+1","floor":29},{"not_picked":["Beam Cell","Ball Lightning"],"picked":"Capacitor","floor":31}],"player_experience":232561,"relics_obtained":[{"floor":2,"key":"Bottled Lightning"},{"floor":9,"key":"Smiling Mask"},{"floor":10,"key":"Kunai"},{"floor":25,"key":"Pear"},{"floor":26,"key":"Potion Belt"}],"event_choices":[{"event_name":"The Cleric","player_choice":"Healed","floor":12,"damage_taken":0},{"event_name":"Nest","player_choice":"Joined the Cult","floor":21,"damage_taken":0}],"is_beta":false,"boss_relics":[{"not_picked":["Coffee Dripper","Lizard Tail"],"picked":"Eternal Feather"}],"items_purged_floors":[],"is_endless":false,"potions_floor_spawned":[4,5,10,16,20,24,29],"killed_by":"Champ","ascension_level":0}