{"gold_per_floor":[111,123,42,42,121,151,101,101,151,326,342,342,360,394,394,491,491,510,235,253,269,289,289,289],"floor_reached":24,"playtime":972,"items_purged":["Doubt"],"score":216,"play_id":"8d5179a7-02a7-48e7-a52c-f6c51f6b380f","local_time":"20190223024914","is_ascension_mode":true,"campfire_choices":[{"data":"Predator","floor":8,"key":"SMITH"},{"data":"Bouncing Flask","floor":15,"key":"SMITH"},{"floor":23,"key":"REST"}],"neow_cost":"NONE","seed_source_timestamp":29841238403644,"circlet_count":0,"master_deck":["Defend_G","Defend_G+1","Defend_G","Defend_G","Defend_G","Strike_G","Strike_G","Strike_G","Strike_G","Survivor","Neutralize","Predator+1","Infinite Blades+1","Backstab","Bouncing Flask+1","Flying Knee","Crippling Poison","Corpse Explosion","PiercingWail","Prepared+1","Backstab+1"],"relics":["Ring of the Snake","Boot","Oddly Smooth Stone","Anchor","Juzu Bracelet","White Beast Statue","Bag of Marbles"],"potions_floor_usage":[14,16,21,21,24],"damage_taken":[{"damage":0,"enemies":"Cultist","floor":1,"turns":4},{"damage":0,"enemies":"2 Louse","floor":2,"turns":3},{"damage":31,"enemies":"3 Sentries","floor":6,"turns":7},{"damage":0,"enemies":"Small Slimes","floor":11,"turns":3},{"damage":0,"enemies":"Looter","floor":13,"turns":2},{"damage":7,"enemies":"Gremlin Nob","floor":14,"turns":3},{"damage":23,"enemies":"Hexaghost","floor":16,"turns":9},{"damage":21,"enemies":"2 Thieves","floor":18,"turns":3},{"damage":0,"enemies":"Chosen","floor":20,"turns":4},{"damage":4,"enemies":"Centurion and Healer","floor":21,"turns":5},{"damage":14,"enemies":"Shelled Parasite and Fungi","floor":22,"turns":6},{"damage":52,"enemies":"Book of Stabbing","floor":24,"turns":7}],"seed_played":"6021575688833131441","potions_obtained":[{"floor":6,"key":"FearPotion"},{"floor":13,"key":"AttackPotion"},{"floor":18,"key":"Ancient Potion"},{"floor":20,"key":"AttackPotion"},{"floor":21,"key":"Ancient Potion"},{"floor":22,"key":"SpeedPotion"}],"is_trial":false,"path_per_floor":["M","M","$","?","?","E","?","R","T","?","M","?","M","E","R","B",null,"M","$","M","M","M","R","E"],"character_chosen":"THE_SILENT","items_purchased":["Infinite Blades","Bag of Marbles","Block Potion"],"campfire_rested":1,"item_purchase_floors":[3,19,19],"current_hp_per_floor":[70,70,70,56,56,25,25,25,25,25,25,48,48,41,41,18,70,49,49,49,45,31,52,0],"gold":289,"neow_bonus":"RANDOM_COMMON_RELIC","is_prod":false,"is_daily":false,"chose_seed":false,"campfire_upgraded":2,"win_rate":0,"timestamp":1550890154,"path_taken":["M","M","?","?","?","E","?","R","T","?","?","?","M","E","R","BOSS","M","$","M","M","M","R","E"],"build_version":"2019-01-23","purchased_purges":1,"victory":false,"max_hp_per_floor":[70,70,70,70,70,70,70,70,70,70,70,70,70,70,70,70,70,70,70,70,70,70,70,70],"card_choices":[{"not_picked":["Prepared","Accuracy"],"picked":"Predator","floor":1},{"not_picked":["Dodge and Roll","Eviscerate","Prepared"],"picked":"SKIP","floor":2},{"not_picked":["Distraction","Dodge and Roll"],"picked":"Backstab","floor":6},{"not_picked":["Poisoned Stab","Deadly Poison"],"picked":"Bouncing Flask","floor":11},{"not_picked":["Predator","Outmaneuver"],"picked":"Flying Knee","floor":13},{"not_picked":["Slice","Riddle With Holes"],"picked":"Crippling Poison","floor":14},{"not_picked":["Adrenaline","Unload"],"picked":"Corpse Explosion","floor":16},{"not_picked":["Deflect","Choke"],"picked":"PiercingWail","floor":18},{"not_picked":["Dodge and Roll","Cloak And Dagger","After Image"],"picked":"SKIP","floor":20},{"not_picked":["Deadly Poison","Backflip"],"picked":"Prepared+1","floor":21},{"not_picked":["Dodge and Roll+1","Dagger Spray"],"picked":"Backstab+1","floor":22}],"player_experience":271955,"relics_obtained":[{"floor":6,"key":"Oddly Smooth Stone"},{"floor":9,"key":"Anchor"},{"floor":14,"key":"Juzu Bracelet"}],"event_choices":[{"damage_healed":0,"gold_gain":0,"player_choice":"Entered Light","damage_taken":14,"max_hp_gain":0,"max_hp_loss":0,"event_name":"Shining Light","floor":4,"gold_loss":0,"cards_upgraded":["Infinite Blades","Defend_G"]},{"damage_healed":0,"gold_gain":79,"player_choice":"Gained Gold","damage_taken":0,"max_hp_gain":0,"max_hp_loss":0,"event_name":"Golden Wing","floor":5,"gold_loss":0},{"cards_removed":["Strike_G"],"damage_healed":0,"gold_gain":0,"player_choice":"Card Removal","damage_taken":0,"max_hp_gain":0,"max_hp_loss":0,"event_name":"The Cleric","floor":7,"gold_loss":50},{"damage_healed":0,"gold_gain":175,"player_choice":"AGREE","damage_taken":0,"max_hp_gain":0,"max_hp_loss":0,"event_name":"Liars Game","floor":10,"gold_loss":0,"cards_obtained":["Doubt"]},{"damage_healed":23,"gold_gain":0,"player_choice":"Banana","damage_taken":0,"max_hp_gain":0,"max_hp_loss":0,"event_name":"Big Fish","floor":12,"gold_loss":0}],"is_beta":false,"boss_relics":[{"not_picked":["Ring of the Serpent","Orrery"],"picked":"White Beast Statue"}],"items_purged_floors":[19],"is_endless":false,"potions_floor_spawned":[6,13,18,20,21,22],"killed_by":"Book of Stabbing","ascension_level":1}