{"gold_per_floor":[215,215,235,2,17,17,36,211,211,224,23,49,49,65,65,164,164,181,106,106,46,60,60,75,108,132,132],"floor_reached":27,"playtime":931,"items_purged":[],"score":245,"play_id":"95614dc5-343d-4b59-8d85-a5ed29ff13e2","local_time":"20180821203323","is_ascension_mode":true,"campfire_choices":[{"data":"Sunder","floor":6,"key":"SMITH"},{"floor":13,"key":"REST"},{"floor":15,"key":"REST"},{"floor":23,"key":"REST"}],"neow_cost":"NONE","seed_source_timestamp":221491074809030,"circlet_count":0,"master_deck":["Strike_B","Strike_B+1","Defend_B","Defend_B","Defend_B","Defend_B","Zap","Dualcast","Rebound+1","Loop","Sunder+1","Streamline","Stack","Conserve Battery","Metamorphosis","Hyperbeam","Creative AI","Amplify+1","Steam Power+1","Meteor Strike+1","Steam","Turbo","Hologram+1","White Noise","Force Field","Stack"],"relics":["Cracked Core","DataDisk","Whetstone","Meat on the Bone","Astrolabe","Turnip","Vajra"],"potions_floor_usage":[21,21,21],"damage_taken":[{"damage":5,"enemies":"Small Slimes","floor":1,"turns":3},{"damage":11,"enemies":"Jaw Worm","floor":3,"turns":2},{"damage":1,"enemies":"Cultist","floor":5,"turns":3},{"damage":3,"enemies":"Red Slaver","floor":7,"turns":2},{"damage":4,"enemies":"Blue Slaver","floor":10,"turns":3},{"damage":22,"enemies":"3 Sentries","floor":12,"turns":4},{"damage":17,"enemies":"Exordium Thugs","floor":14,"turns":3},{"damage":30,"enemies":"Slime Boss","floor":16,"turns":7},{"damage":24,"enemies":"Chosen","floor":18,"turns":5},{"damage":30,"enemies":"2 Thieves","floor":21,"turns":4},{"damage":11,"enemies":"Centurion and Healer","floor":22,"turns":6},{"damage":25,"enemies":"Snecko","floor":24,"turns":4},{"damage":40,"enemies":"Gremlin Leader","floor":25,"turns":6},{"damage":14,"enemies":"Snake Plant","floor":27,"turns":5}],"seed_played":"-1444512963006762306","potions_obtained":[{"floor":10,"key":"Poison Potion"},{"floor":12,"key":"FocusPotion"},{"floor":14,"key":"Regen Potion"},{"floor":16,"key":"Regen Potion"}],"is_trial":false,"path_per_floor":["M","?","M","$","M","R","M","?","T","M","$","E","R","M","R","B",null,"M","?","?","M","M","R","M","E","T"],"character_chosen":"DEFECT","items_purchased":["DataDisk","Sunder","Metamorphosis"],"campfire_rested":3,"item_purchase_floors":[4,4,11],"current_hp_per_floor":[70,70,59,59,58,58,55,55,55,51,51,29,51,46,68,38,75,51,51,51,55,44,66,41,13,13,0],"gold":132,"neow_bonus":"HUNDRED_GOLD","is_prod":false,"is_daily":false,"chose_seed":false,"campfire_upgraded":1,"win_rate":0,"timestamp":1534876403,"path_taken":["M","?","M","$","M","R","M","?","T","?","$","E","R","M","R","BOSS","M","?","?","M","M","R","M","E","T","M"],"build_version":"2018-08-16","purchased_purges":0,"victory":false,"max_hp_per_floor":[75,75,75,75,75,75,75,75,75,75,75,75,75,75,75,75,75,75,75,75,75,75,75,75,75,75,75],"card_choices":[{"not_picked":["Barrage","Blizzard"],"picked":"Rebound","floor":1},{"not_picked":["Compile Driver","Stack"],"picked":"Loop","floor":3},{"not_picked":["Go for the Eyes","Fission"],"picked":"Streamline","floor":5},{"not_picked":["Sweeping Beam","Go for the Eyes"],"picked":"Stack","floor":7},{"not_picked":["Force Field","Cold Snap"],"picked":"Conserve Battery","floor":10},{"not_picked":["Skim","Leap"],"picked":"Hyperbeam","floor":12},{"not_picked":["Rip and Tear","Self Repair"],"picked":"Ball Lightning","floor":14},{"not_picked":["Machine Learning","Multi-Cast"],"picked":"Creative AI","floor":16},{"not_picked":["Capacitor","Gash"],"picked":"Steam","floor":18},{"not_picked":["Scrape","Recycle"],"picked":"Hologram+1","floor":21},{"not_picked":["Self Repair","Coolheaded"],"picked":"White Noise","floor":22},{"not_picked":["Compile Driver","Steam+1"],"picked":"Force Field","floor":24},{"not_picked":["Steam Power","Fusion"],"picked":"Stack","floor":25}],"player_experience":200912,"relics_obtained":[{"floor":9,"key":"Whetstone"},{"floor":12,"key":"Meat on the Bone"},{"floor":25,"key":"Turnip"},{"floor":26,"key":"Vajra"}],"event_choices":[{"event_name":"The Cleric","player_choice":"Leave","floor":2,"damage_taken":0},{"event_name":"Liars Game","player_choice":"agreed","floor":8,"damage_taken":0},{"event_name":"Beggar","player_choice":"Gave Gold","floor":19,"damage_taken":0},{"event_name":"The Library","player_choice":"Read","floor":20,"damage_taken":0}],"is_beta":false,"boss_relics":[{"not_picked":["White Beast Statue","Coffee Dripper"],"picked":"Astrolabe"}],"items_purged_floors":[],"is_endless":false,"potions_floor_spawned":[10,12,14,16,18],"killed_by":"Snake Plant","ascension_level":1}