{"gold_per_floor":[99,99,117,117,117,142,142,159,185,185,205,277,277,291,291,291],"floor_reached":16,"playtime":784,"items_purged":[],"score":150,"play_id":"6960700c-c62b-46cc-ac4a-3c95265c5bcc","local_time":"20181014040856","is_ascension_mode":true,"campfire_choices":[{"floor":10,"key":"REST"},{"data":"Buffer","floor":15,"key":"SMITH"}],"neow_cost":"NONE","seed_source_timestamp":296332942685774,"circlet_count":0,"master_deck":["Strike_B","Strike_B","Strike_B","Defend_B","Defend_B","Defend_B","Defend_B","Zap+1","Dualcast","AscendersBane","Ball Lightning","Compile Driver","Melter","Buffer+1","Skim"],"relics":["Cracked Core","Anchor","Blue Candle","Boot","Cables"],"potions_floor_usage":[16],"damage_taken":[{"damage":8,"enemies":"2 Louse","floor":1,"turns":2},{"damage":13,"enemies":"Small Slimes","floor":3,"turns":3},{"damage":28,"enemies":"Gremlin Nob","floor":6,"turns":4},{"damage":1,"enemies":"Cultist","floor":8,"turns":3},{"damage":13,"enemies":"Blue Slaver","floor":11,"turns":3},{"damage":0,"enemies":"2 Fungi Beasts","floor":14,"turns":2},{"damage":33,"enemies":"Hexaghost","floor":16,"turns":7}],"seed_played":"-7167208744225309785","potions_obtained":[{"floor":3,"key":"AttackPotion"},{"floor":14,"key":"Fire Potion"}],"is_trial":false,"path_per_floor":["M","?","M","?","$","E","?","M","T","R","M","T","?","M","R"],"character_chosen":"DEFECT","items_purchased":[],"campfire_rested":1,"item_purchase_floors":[],"current_hp_per_floor":[60,65,52,45,45,17,17,16,16,40,27,27,27,27,27,0],"gold":291,"neow_bonus":"UPGRADE_CARD","is_prod":false,"is_daily":false,"chose_seed":false,"campfire_upgraded":1,"win_rate":0,"timestamp":1539504536,"path_taken":["M","?","?","?","$","E","?","M","T","R","?","?","?","M","R","BOSS"],"build_version":"2018-10-11","purchased_purges":0,"victory":false,"max_hp_per_floor":[75,80,80,80,80,80,80,80,80,80,80,80,80,80,80,80],"card_choices":[{"not_picked":["Loop","Turbo","Redo"],"picked":"SKIP","floor":1},{"not_picked":["Blizzard","Static Discharge"],"picked":"Ball Lightning","floor":3},{"not_picked":["Gash","Hologram"],"picked":"Compile Driver","floor":6},{"not_picked":["Fusion","Steam"],"picked":"Melter","floor":8},{"not_picked":["Reinforced Body","Leap"],"picked":"Buffer","floor":11},{"not_picked":["Barrage","Go for the Eyes"],"picked":"Skim","floor":14}],"player_experience":349820,"relics_obtained":[{"floor":6,"key":"Anchor"},{"floor":9,"key":"Boot"},{"floor":12,"key":"Cables"}],"event_choices":[{"event_name":"Big Fish","player_choice":"Donut","floor":2,"damage_taken":0},{"event_name":"Golden Wing","player_choice":"Card Removal","floor":4,"damage_taken":0},{"event_name":"Dead Adventurer","player_choice":"Searched \u00271\u0027 times","floor":7,"damage_taken":0},{"event_name":"Liars Game","player_choice":"disagreed","floor":13,"damage_taken":0}],"is_beta":false,"boss_relics":[],"items_purged_floors":[],"is_endless":false,"potions_floor_spawned":[1,3,14],"killed_by":"Hexaghost","ascension_level":10}