{"gold_per_floor":[118,136,153,167,182,211,211,236,274,286,104,122,133,83,83,182,182,194,206,206,233,253,287,300,331,357,357,368,402,317,317,317,317],"floor_reached":33,"playtime":1966,"items_purged":["Strike_G"],"score":335,"play_id":"be5724fb-0fc8-4789-8c88-a283a53e699c","local_time":"20190223000646","is_ascension_mode":true,"campfire_choices":[{"floor":7,"key":"REST"},{"data":"Caltrops","floor":10,"key":"SMITH"},{"floor":15,"key":"REST"},{"floor":32,"key":"REST"}],"neow_cost":"NONE","seed_source_timestamp":19096112536085,"circlet_count":0,"master_deck":["Defend_G","Defend_G","Defend_G","Defend_G+1","Defend_G","Strike_G","Strike_G","Strike_G","Strike_G","Survivor","Neutralize","Backstab","Caltrops+1","Deadly Poison+1","Crippling Poison","All Out Attack","Dagger Throw","Die Die Die","Deflect+1","Acrobatics","Decay","Wraith Form v2","Dash","Regret","Deadly Poison+1","Envenom"],"relics":["Ring of the Snake","Oddly Smooth Stone","MawBank","Cursed Key","Bag of Marbles","Smiling Mask","PreservedInsect","War Paint","Enchiridion","Juzu Bracelet","Ornamental Fan"],"potions_floor_usage":[4,6,6,13,16,23,23,25,28,33],"damage_taken":[{"damage":1,"enemies":"Cultist","floor":1,"turns":4},{"damage":0,"enemies":"2 Louse","floor":2,"turns":4},{"damage":5,"enemies":"Jaw Worm","floor":3,"turns":4},{"damage":12,"enemies":"Large Slime","floor":4,"turns":9},{"damage":7,"enemies":"Exordium Wildlife","floor":5,"turns":7},{"damage":35,"enemies":"Gremlin Nob","floor":6,"turns":4},{"damage":18,"enemies":"3 Sentries","floor":8,"turns":11},{"damage":4,"enemies":"3 Louse","floor":12,"turns":3},{"damage":0,"enemies":"Large Slime","floor":13,"turns":5},{"damage":14,"enemies":"Hexaghost","floor":16,"turns":9},{"damage":4,"enemies":"Chosen","floor":18,"turns":4},{"damage":7,"enemies":"Shell Parasite","floor":19,"turns":4},{"damage":0,"enemies":"Centurion and Healer","floor":22,"turns":7},{"damage":13,"enemies":"Slavers","floor":23,"turns":6},{"damage":22,"enemies":"Snake Plant","floor":24,"turns":4},{"damage":6,"enemies":"Book of Stabbing","floor":25,"turns":6},{"damage":2,"enemies":"Sentry and Sphere","floor":28,"turns":6},{"damage":9,"enemies":"Slavers","floor":29,"turns":3},{"damage":38,"enemies":"Champ","floor":33,"turns":9}],"seed_played":"-5139937568767699188","potions_obtained":[{"floor":1,"key":"FearPotion"},{"floor":2,"key":"Poison Potion"},{"floor":4,"key":"Swift Potion"},{"floor":8,"key":"Energy Potion"},{"floor":16,"key":"PowerPotion"},{"floor":19,"key":"AttackPotion"},{"floor":23,"key":"Strength Potion"},{"floor":25,"key":"Regen Potion"}],"is_trial":false,"path_per_floor":["M","M","M","M","M","E","R","E","T","R","$","M","M","$","R","B",null,"M","M","?","T","M","E","M","E","T","?","M","E","?","?","R","B"],"character_chosen":"THE_SILENT","items_purchased":["All Out Attack","Block Potion","SteroidPotion"],"campfire_rested":3,"item_purchase_floors":[11,11,14],"current_hp_per_floor":[76,76,71,59,52,17,40,22,22,22,22,18,18,18,41,27,77,73,66,66,66,66,53,31,25,25,9,22,13,13,13,36,0],"gold":317,"neow_bonus":"TEN_PERCENT_HP_BONUS","is_prod":false,"is_daily":false,"chose_seed":false,"campfire_upgraded":1,"win_rate":0,"timestamp":1550880406,"path_taken":["M","M","M","M","?","E","R","E","T","R","$","M","M","$","R","BOSS","M","M","?","?","M","E","M","E","T","?","M","E","?","?","R","BOSS"],"build_version":"2019-01-23","purchased_purges":1,"victory":false,"max_hp_per_floor":[77,77,77,77,77,77,77,77,77,77,77,77,77,77,77,77,77,77,77,77,77,77,77,77,77,77,77,77,77,77,77,77,77],"card_choices":[{"not_picked":["Setup","Backflip","Expertise"],"picked":"SKIP","floor":1},{"not_picked":["Blade Dance","Dagger Throw","Flechettes"],"picked":"SKIP","floor":2},{"not_picked":["Deflect","Underhanded Strike"],"picked":"Backstab","floor":3},{"not_picked":["Infinite Blades","Accuracy"],"picked":"Caltrops","floor":4},{"not_picked":["Tactician","Backflip"],"picked":"Deadly Poison","floor":5},{"not_picked":["Infinite Blades","Concentrate"],"picked":"Crippling Poison","floor":6},{"not_picked":["PiercingWail","Adrenaline","Flying Knee"],"picked":"SKIP","floor":8},{"not_picked":["Underhanded Strike","Concentrate"],"picked":"Dagger Throw","floor":12},{"not_picked":["A Thousand Cuts","Bullet Time"],"picked":"Die Die Die","floor":16},{"not_picked":["Expertise","Cloak And Dagger+1"],"picked":"Deflect+1","floor":18},{"not_picked":["Reflex+1","Blur+1","Endless Agony"],"picked":"SKIP","floor":22},{"not_picked":["After Image","Bane+1"],"picked":"Wraith Form v2","floor":23},{"not_picked":["Escape Plan","Deflect"],"picked":"Dash","floor":24},{"not_picked":["Distraction+1","Dash+1","Expertise"],"picked":"SKIP","floor":25},{"not_picked":["Poisoned Stab","Dagger Spray+1"],"picked":"Deadly Poison+1","floor":28},{"not_picked":["Underhanded Strike+1","Dagger Spray"],"picked":"Envenom","floor":29}],"player_experience":265838,"relics_obtained":[{"floor":6,"key":"Oddly Smooth Stone"},{"floor":8,"key":"MawBank"},{"floor":21,"key":"Bag of Marbles"},{"floor":23,"key":"Smiling Mask"},{"floor":25,"key":"PreservedInsect"},{"floor":26,"key":"War Paint"},{"floor":27,"key":"Enchiridion"},{"floor":29,"key":"Juzu Bracelet"}],"event_choices":[{"damage_healed":0,"gold_gain":0,"player_choice":"Read","damage_taken":0,"max_hp_gain":0,"max_hp_loss":0,"event_name":"The Library","floor":20,"gold_loss":0,"cards_obtained":["Acrobatics"]},{"damage_healed":0,"gold_gain":0,"player_choice":"Obtained Book","damage_taken":16,"max_hp_gain":0,"max_hp_loss":0,"event_name":"Cursed Tome","floor":27,"gold_loss":0},{"damage_healed":0,"gold_gain":0,"player_choice":"Obtained Relic","damage_taken":0,"relics_obtained":["Ornamental Fan"],"max_hp_gain":0,"max_hp_loss":0,"event_name":"Addict","floor":30,"gold_loss":85},{"damage_healed":0,"gold_gain":0,"player_choice":"Ignored","damage_taken":0,"max_hp_gain":0,"max_hp_loss":0,"event_name":"Vampires","floor":31,"gold_loss":0}],"is_beta":false,"boss_relics":[{"not_picked":["Empty Cage","Runic Pyramid"],"picked":"Cursed Key"}],"items_purged_floors":[11],"is_endless":false,"potions_floor_spawned":[1,2,4,8,16,19,23,25],"killed_by":"Champ","ascension_level":1}