{"gold_per_floor":[215,234,234,245,49,49,77,77,77,103,103,122,122,190,190,269,269,289,289,300,316,316,316,316,316,342,360,360,379,294,307,307,385,385,398,498,548,560,577,609,627,627,627,646,646,658,658,658,658,658],"floor_reached":51,"playtime":2717,"items_purged":["Regret"],"score":1317,"play_id":"f32f4690-f5fc-4ca4-bdf4-65e07c146e17","local_time":"20190206140608","is_ascension_mode":true,"campfire_choices":[{"data":"Perfected Strike","floor":6.0,"key":"SMITH"},{"data":"Uppercut","floor":8.0,"key":"SMITH"},{"data":"Disarm","floor":11.0,"key":"SMITH"},{"data":"Evolve","floor":13.0,"key":"SMITH"},{"data":"Bash","floor":15.0,"key":"SMITH"},{"data":"Armaments","floor":23.0,"key":"SMITH"},{"floor":32.0,"key":"REST"},{"data":"Immolate","floor":42.0,"key":"SMITH"},{"data":"Pommel Strike","floor":45.0,"key":"SMITH"},{"floor":47,"key":"REST"},{"floor":49,"key":"REST"}],"neow_cost":"NONE","seed_source_timestamp":43954373505534,"circlet_count":0,"master_deck":["AscendersBane","Strike_R","Strike_R","Strike_R","Strike_R","Strike_R","Defend_R","Defend_R","Defend_R","Defend_R","Bash+1","Perfected Strike+1","Evolve+1","Sever Soul","Feel No Pain","Disarm+1","Uppercut+1","Reckless Charge","Immolate+1","Armaments+1","RitualDagger","Second Wind+1","Battle Trance","Flame Barrier+1","Wild Strike","Headbutt","Spot Weakness","Feed","Seeing Red+1","Pommel Strike+1","Shrug It Off+1","Reckless Charge","Sentinel+1","Warcry+1","Perfected Strike"],"special_seed":0,"relics":["Burning Blood","Pocketwatch","Oddly Smooth Stone","Unceasing Top","Dream Catcher","Mark of Pain","Letter Opener","Red Skull","Bag of Preparation","Ice Cream","Cursed Key","Dead Branch","Magic Flower","Dodecahedron"],"potions_floor_usage":[],"damage_taken":[{"damage":7.0,"enemies":"Jaw Worm","floor":1.0,"turns":3.0},{"damage":0.0,"enemies":"2 Louse","floor":2.0,"turns":2.0},{"damage":6.0,"enemies":"Cultist","floor":4.0,"turns":3.0},{"damage":29.0,"enemies":"Gremlin Nob","floor":7.0,"turns":4.0},{"damage":21.0,"enemies":"3 Sentries","floor":10.0,"turns":8.0},{"damage":0.0,"enemies":"3 Louse","floor":12.0,"turns":2.0},{"damage":15.0,"enemies":"Hexaghost","floor":16.0,"turns":11.0},{"damage":11.0,"enemies":"2 Thieves","floor":18.0,"turns":3.0},{"damage":6.0,"enemies":"3 Byrds","floor":20.0,"turns":5.0},{"damage":11.0,"enemies":"Snake Plant","floor":21.0,"turns":3.0},{"damage":28.0,"enemies":"Centurion and Healer","floor":27.0,"turns":5.0},{"damage":5.0,"enemies":"Snecko","floor":29.0,"turns":4.0},{"damage":25.0,"enemies":"3 Cultists","floor":31.0,"turns":4.0},{"damage":20.0,"enemies":"Champ","floor":33.0,"turns":13.0},{"damage":5.0,"enemies":"3 Shapes","floor":35.0,"turns":6.0},{"damage":0.0,"enemies":"Mind Bloom Boss Battle","floor":36.0,"turns":3.0},{"damage":8.0,"enemies":"3 Darklings","floor":38.0,"turns":3.0},{"damage":0.0,"enemies":"Jaw Worm Horde","floor":39.0,"turns":2.0},{"damage":32.0,"enemies":"Reptomancer","floor":40.0,"turns":6.0},{"damage":12.0,"enemies":"Maw","floor":41.0,"turns":7.0},{"damage":11.0,"enemies":"3 Darklings","floor":44.0,"turns":4.0},{"damage":21,"enemies":"Writhing Mass","floor":46,"turns":5},{"damage":91,"enemies":"Time Eater","floor":50,"turns":9}],"seed_played":"-609780293172202573","potions_obtained":[{"floor":1.0,"key":"FairyPotion"},{"floor":2.0,"key":"SteroidPotion"},{"floor":12.0,"key":"Fire Potion"},{"floor":20.0,"key":"PowerPotion"},{"floor":29.0,"key":"Ancient Potion"},{"floor":38.0,"key":"SmokeBomb"}],"is_trial":false,"path_per_floor":["M","M","?","M","$","R","E","R","T","E","R","M","R","?","R","B",null,"M","?","M","M","?","R","T","?","T","M","?","M","?","M","R","B",null,"M","?","?","M","M","E","M","R","T","M","R","M","R","?","R","B",null],"character_chosen":"IRONCLAD","items_purchased":["Feel No Pain","Disarm"],"campfire_rested":3,"item_purchase_floors":[5,5],"current_hp_per_floor":[67,73,73,73,73,73,50,50,50,35,35,41,41,41,41,32,64,59,53,53,48,48,48,48,48,48,26,26,27,27,8,30,16,60,64,70,70,71,77,55,58,58,58,61,61,54,82,82,95,13],"gold":658,"neow_bonus":"HUNDRED_GOLD","is_prod":false,"is_daily":false,"chose_seed":false,"campfire_upgraded":8,"win_rate":0,"timestamp":1549479968,"path_taken":["M","M","?","M","$","R","E","R","T","E","R","M","R","?","R","BOSS","M","?","M","M","?","R","?","?","T","?","?","M","?","M","R","BOSS","M","?","?","?","M","E","M","R","T","M","R","M","R","?","R","BOSS"],"build_version":"2019-01-23","purchased_purges":1,"victory":true,"max_hp_per_floor":[75,75,75,75,75,75,75,75,75,75,75,75,75,75,75,75,75,75,75,75,75,75,75,75,75,75,75,75,75,75,75,75,75,75,78,78,78,81,81,85,89,89,89,92,92,95,95,95,95,95],"card_choices":[{"not_picked":["Second Wind","Entrench"],"picked":"Perfected Strike","floor":1.0},{"not_picked":["Sword Boomerang","Havoc"],"picked":"Evolve","floor":2.0},{"not_picked":["Clash","Iron Wave"],"picked":"Sever Soul","floor":4.0},{"not_picked":["Cleave","Pummel"],"picked":"Uppercut","floor":7.0},{"not_picked":["Sword Boomerang","Cleave","Flex"],"picked":"SKIP","floor":10.0},{"not_picked":["Body Slam","Disarm"],"picked":"Reckless Charge","floor":12.0},{"not_picked":["Brutality","Limit Break"],"picked":"Immolate","floor":16.0},{"not_picked":["Whirlwind","Havoc"],"picked":"Armaments","floor":18.0},{"not_picked":["Seeing Red","True Grit"],"picked":"Second Wind+1","floor":20.0},{"not_picked":["Flex","Feel No Pain"],"picked":"Battle Trance","floor":21.0},{"not_picked":["Inflame","Feel No Pain"],"picked":"Flame Barrier+1","floor":27.0},{"not_picked":["Feel No Pain","Battle Trance"],"picked":"Wild Strike","floor":29.0},{"not_picked":["Cleave","Inflame"],"picked":"Headbutt","floor":31.0},{"not_picked":["Corruption+1","Iron Wave"],"picked":"Spot Weakness","floor":32.0},{"not_picked":["Berserk","Immolate"],"picked":"Feed","floor":33.0},{"not_picked":["Dropkick","Inflame","Sever Soul"],"picked":"SKIP","floor":35.0},{"not_picked":["Wild Strike","Evolve"],"picked":"Seeing Red+1","floor":36.0},{"not_picked":["Uppercut","Bloodletting"],"picked":"Pommel Strike","floor":38.0},{"not_picked":["Bloodletting","Flex","Sword Boomerang"],"picked":"SKIP","floor":39.0},{"not_picked":["Bloodletting","Flex","Sword Boomerang"],"picked":"SKIP","floor":39.0},{"not_picked":["Anger","Clash","Havoc+1"],"picked":"SKIP","floor":40.0},{"not_picked":["True Grit","Combust"],"picked":"Shrug It Off+1","floor":41.0},{"not_picked":["Feed","Flex"],"picked":"Reckless Charge","floor":44.0},{"not_picked":["Clash","Twin Strike"],"picked":"Sentinel+1","floor":46},{"not_picked":["Hemokinesis","Dual Wield"],"picked":"Warcry+1","floor":47},{"not_picked":["Iron Wave","Shrug It Off"],"picked":"Perfected Strike","floor":49}],"player_experience":632631,"relics_obtained":[{"floor":7.0,"key":"Oddly Smooth Stone"},{"floor":9.0,"key":"Unceasing Top"},{"floor":10.0,"key":"Dream Catcher"},{"floor":24.0,"key":"Letter Opener"},{"floor":26.0,"key":"Bag of Preparation"},{"floor":36.0,"key":"Dead Branch"},{"floor":40.0,"key":"Magic Flower"},{"floor":43.0,"key":"Dodecahedron"}],"event_choices":[{"damage_healed":0.0,"max_hp_gain":0.0,"max_hp_loss":0.0,"gold_gain":0.0,"event_name":"Big Fish","player_choice":"Box","floor":3.0,"gold_loss":0.0,"damage_taken":0.0,"relics_obtained":["Pocketwatch"],"cards_obtained":["Regret"]},{"damage_healed":0.0,"max_hp_gain":0.0,"max_hp_loss":0.0,"gold_gain":68.0,"event_name":"Golden Wing","player_choice":"Gained Gold","floor":14.0,"gold_loss":0.0,"damage_taken":0.0},{"damage_healed":0.0,"max_hp_gain":0.0,"max_hp_loss":0.0,"gold_gain":0.0,"event_name":"Nest","player_choice":"Joined the Cult","floor":19.0,"gold_loss":0.0,"damage_taken":6.0,"cards_obtained":["RitualDagger"]},{"damage_healed":0.0,"max_hp_gain":0.0,"max_hp_loss":0.0,"gold_gain":0.0,"event_name":"Forgotten Altar","player_choice":"Smashed Altar","floor":22.0,"gold_loss":0.0,"damage_taken":0.0,"cards_obtained":["Decay"]},{"damage_healed":0.0,"max_hp_gain":0.0,"max_hp_loss":0.0,"gold_gain":0.0,"event_name":"The Mausoleum","player_choice":"Opened","floor":25.0,"gold_loss":0.0,"damage_taken":0.0,"relics_obtained":["Red Skull"],"cards_obtained":["Writhe"]},{"damage_healed":0.0,"max_hp_gain":0.0,"max_hp_loss":0.0,"gold_gain":0.0,"event_name":"Ghosts","player_choice":"Ignored","floor":28.0,"gold_loss":0.0,"damage_taken":0.0},{"damage_healed":0.0,"max_hp_gain":0.0,"max_hp_loss":0.0,"gold_gain":0.0,"event_name":"Addict","player_choice":"Obtained Relic","floor":30.0,"gold_loss":85.0,"damage_taken":0.0,"relics_obtained":["Ice Cream"]},{"damage_healed":0.0,"max_hp_gain":0.0,"max_hp_loss":0.0,"gold_gain":0.0,"event_name":"MindBloom","player_choice":"Fight","floor":36.0,"gold_loss":0.0,"damage_taken":0.0},{"damage_healed":0.0,"max_hp_gain":0.0,"max_hp_loss":0.0,"gold_gain":50.0,"event_name":"Golden Shrine","player_choice":"Pray","floor":37.0,"gold_loss":0.0,"damage_taken":0.0},{"cards_removed":["Shame","Writhe","Decay"],"damage_healed":0,"gold_gain":0,"player_choice":"Removed Curses","damage_taken":0,"max_hp_gain":0,"max_hp_loss":0,"event_name":"Fountain of Cleansing","floor":48,"gold_loss":0}],"is_beta":false,"boss_relics":[{"not_picked":["Eternal Feather","Runic Pyramid"],"picked":"Mark of Pain"},{"not_picked":["Velvet Choker","Calling Bell"],"picked":"Cursed Key"}],"items_purged_floors":[5],"is_endless":false,"potions_floor_spawned":[1,2,12,20,29,35,38,40,41],"ascension_level":19}