{"gold_per_floor":[109,125,6,16,16,16,16,32,32,61,73,73,91,111,111,208,208,225,243,16,33,33,33,33,33,56,56],"floor_reached":27,"playtime":891,"items_purged":[],"score":215,"play_id":"be6873c6-78ae-4e6e-9381-5dd342d5cdb6","local_time":"20180809070644","is_ascension_mode":false,"campfire_choices":[{"data":"Searing Blow","floor":6,"key":"SMITH"},{"floor":12,"key":"REST"},{"data":"Ghostly Armor","floor":15,"key":"SMITH"},{"floor":25,"key":"REST"}],"neow_cost":"","seed_source_timestamp":866628321798032,"circlet_count":0,"master_deck":["Strike_R","Strike_R","Strike_R","Strike_R","Strike_R","Defend_R","Defend_R+1","Defend_R","Defend_R","Bash","Flex+1","Twin Strike","Thunderclap","Searing Blow+1","Battle Trance","Twin Strike","Sword Boomerang","Battle Trance","Ghostly Armor+1","Impervious+1","Heavy Blade","Iron Wave","Inflame","Immolate","Spot Weakness","RitualDagger"],"relics":["Burning Blood","Dead Branch","StoneCalendar","Anchor","White Beast Statue","War Paint"],"potions_floor_usage":[16,21,21,27,27],"damage_taken":[{"damage":15,"enemies":"Jaw Worm","floor":1,"turns":5},{"damage":5,"enemies":"2 Louse","floor":2,"turns":3},{"damage":1,"enemies":"Cultist","floor":4,"turns":3},{"damage":16,"enemies":"Red Slaver","floor":8,"turns":3},{"damage":19,"enemies":"Gremlin Nob","floor":10,"turns":4},{"damage":8,"enemies":"Lots of Slimes","floor":11,"turns":3},{"damage":7,"enemies":"Blue Slaver","floor":13,"turns":3},{"damage":0,"enemies":"2 Fungi Beasts","floor":14,"turns":2},{"damage":16,"enemies":"Slime Boss","floor":16,"turns":7},{"damage":17,"enemies":"Shell Parasite","floor":18,"turns":6},{"damage":22,"enemies":"3 Byrds","floor":19,"turns":7},{"damage":40,"enemies":"Cultist and Chosen","floor":21,"turns":7},{"damage":50,"enemies":"Book of Stabbing","floor":27,"turns":4}],"seed_played":"-9212068320064963383","potions_obtained":[{"floor":11,"key":"PowerPotion"},{"floor":13,"key":"FearPotion"},{"floor":14,"key":"SteroidPotion"},{"floor":18,"key":"Regen Potion"},{"floor":19,"key":"Swift Potion"},{"floor":21,"key":"Energy Potion"}],"is_trial":false,"path_per_floor":["M","M","$","M","?","R","?","M","T","E","M","R","M","M","R","B",null,"M","M","$","M","?","?","?","R","T"],"character_chosen":"IRONCLAD","items_purchased":["Thunderclap","Flame Barrier","Inflame","Immolate"],"campfire_rested":2,"item_purchase_floors":[3,3,20,20],"current_hp_per_floor":[71,72,72,77,77,77,77,67,67,54,52,76,75,80,80,70,80,69,53,53,31,31,25,25,49,49,0],"gold":56,"neow_bonus":"","is_prod":false,"is_daily":false,"chose_seed":false,"campfire_upgraded":2,"win_rate":0,"timestamp":1533791204,"path_taken":["M","M","$","M","?","R","?","?","T","E","M","R","M","M","R","BOSS","M","M","$","M","?","?","?","R","T","E"],"build_version":"2018-08-02","purchased_purges":0,"victory":false,"max_hp_per_floor":[80,80,80,80,80,80,80,80,80,80,80,80,80,80,80,80,80,80,80,80,80,80,80,80,80,80,80],"card_choices":[{"not_picked":["Anger","Thunderclap"],"picked":"Flex","floor":1},{"not_picked":["Body Slam","Metallicize"],"picked":"Twin Strike","floor":2},{"not_picked":["Flame Barrier","Burning Pact"],"picked":"Searing Blow","floor":4},{"not_picked":["Rupture","Clash"],"picked":"Battle Trance","floor":8},{"not_picked":["Havoc","Body Slam"],"picked":"Twin Strike","floor":10},{"not_picked":["Clash","Body Slam"],"picked":"Sword Boomerang","floor":11},{"not_picked":["Flex","Fire Breathing"],"picked":"Battle Trance","floor":13},{"not_picked":["Flex","Brutality"],"picked":"Ghostly Armor","floor":14},{"not_picked":["Demon Form","Reaper"],"picked":"Impervious","floor":16},{"not_picked":["Twin Strike","Clash"],"picked":"Heavy Blade","floor":18},{"not_picked":["Wild Strike","Battle Trance+1"],"picked":"Iron Wave","floor":19},{"not_picked":["Pommel Strike","Clash"],"picked":"Spot Weakness","floor":21}],"player_experience":161476,"relics_obtained":[{"floor":9,"key":"StoneCalendar"},{"floor":10,"key":"Anchor"},{"floor":26,"key":"War Paint"}],"event_choices":[{"event_name":"Living Wall","player_choice":"Grow","floor":5,"damage_taken":0},{"event_name":"WeMeetAgain","player_choice":"Card","floor":7,"damage_taken":0},{"event_name":"Addict","player_choice":"Ignored","floor":22,"damage_taken":0},{"event_name":"Nest","player_choice":"Joined the Cult","floor":23,"damage_taken":0},{"event_name":"Drug Dealer","player_choice":"Ignored","floor":24,"damage_taken":0}],"is_beta":false,"boss_relics":[{"not_picked":["Empty Cage","Coffee Dripper"],"picked":"White Beast Statue"}],"items_purged_floors":[],"is_endless":false,"potions_floor_spawned":[11,13,14,18,19,21],"killed_by":"Book of Stabbing","ascension_level":0}