{"gold_per_floor":[117,2,16,16,16,41,57,73,73,73,73,73,114,127,127,127],"floor_reached":16,"playtime":856,"items_purged":[],"score":207,"play_id":"39972dfe-9857-4cc2-a388-c6aa3f6f8933","local_time":"20190501220648","is_ascension_mode":true,"campfire_choices":[{"data":"Neutralize","floor":12,"key":"SMITH"},{"data":"All Out Attack","floor":15,"key":"SMITH"}],"neow_cost":"NONE","seed_source_timestamp":711858838438416,"circlet_count":0,"master_deck":["Defend_G","Defend_G","Defend_G","Defend_G","Defend_G","Strike_G","Strike_G","Strike_G","Strike_G","Strike_G","Survivor","Neutralize+1","Caltrops","Footwork+1","All Out Attack+1","Dodge and Roll","Poisoned Stab","Dodge and Roll","Shame","Blur"],"relics":["Ring of the Snake","Blue Candle","Darkstone Periapt","Kunai","Golden Idol","Ancient Tea Set"],"potions_floor_usage":[6,13],"damage_taken":[{"damage":4,"enemies":"Jaw Worm","floor":1,"turns":6},{"damage":0,"enemies":"Small Slimes","floor":3,"turns":4},{"damage":35,"enemies":"Lagavulin","floor":6,"turns":10},{"damage":0,"enemies":"Cultist","floor":7,"turns":4},{"damage":0,"enemies":"Large Slime","floor":8,"turns":7},{"damage":1,"enemies":"3 Sentries","floor":13,"turns":8},{"damage":4,"enemies":"Red Slaver","floor":14,"turns":6},{"damage":43,"enemies":"Slime Boss","floor":16,"turns":13}],"seed_played":"7952790475654963347","potions_obtained":[{"floor":1,"key":"Energy Potion"},{"floor":8,"key":"EssenceOfSteel"}],"is_trial":false,"path_per_floor":["M","$","M","?","?","E","M","M","T","?","?","R","E","M","R","B"],"character_chosen":"THE_SILENT","items_purchased":["Footwork","All Out Attack"],"campfire_rested":0,"item_purchase_floors":[2,2],"current_hp_per_floor":[66,66,66,63,63,28,28,28,28,34,40,40,39,35,35,0],"gold":127,"neow_bonus":"TEN_PERCENT_HP_BONUS","is_prod":false,"is_daily":false,"chose_seed":false,"campfire_upgraded":2,"win_rate":0,"timestamp":1556744808,"path_taken":["M","$","M","?","?","E","M","?","T","?","?","R","E","M","R","BOSS"],"build_version":"2019-01-23","purchased_purges":0,"victory":false,"max_hp_per_floor":[77,77,77,77,77,77,77,77,77,83,89,89,89,89,89,89],"card_choices":[{"not_picked":["Well Laid Plans","Slice"],"picked":"Caltrops","floor":1},{"not_picked":["Acrobatics","All Out Attack"],"picked":"Dodge and Roll","floor":3},{"not_picked":["Dodge and Roll","Distraction"],"picked":"Poisoned Stab","floor":6},{"not_picked":["Backflip","Predator"],"picked":"Dodge and Roll","floor":7},{"not_picked":["Dagger Spray","Expertise","Predator"],"picked":"SKIP","floor":8},{"not_picked":["Distraction","After Image","Dagger Spray"],"picked":"SKIP","floor":13},{"not_picked":["Slice","Poisoned Stab"],"picked":"Blur","floor":14}],"player_experience":579260,"relics_obtained":[{"floor":6,"key":"Darkstone Periapt"},{"floor":9,"key":"Kunai"},{"floor":13,"key":"Ancient Tea Set"}],"event_choices":[{"damage_healed":0,"gold_gain":0,"player_choice":"Success","damage_taken":3,"relics_obtained":["Blue Candle"],"max_hp_gain":0,"max_hp_loss":0,"event_name":"Scrap Ooze","floor":4,"gold_loss":0},{"damage_healed":0,"gold_gain":0,"player_choice":"Forge","damage_taken":0,"max_hp_gain":0,"max_hp_loss":0,"event_name":"Accursed Blacksmith","floor":5,"gold_loss":0,"cards_upgraded":["Footwork"]},{"damage_healed":0,"gold_gain":0,"player_choice":"Take Wound","damage_taken":0,"relics_obtained":["Golden Idol"],"max_hp_gain":0,"max_hp_loss":0,"event_name":"Golden Idol","floor":10,"gold_loss":0,"cards_obtained":["Injury"]},{"damage_healed":0,"gold_gain":0,"cards_transformed":["Injury"],"player_choice":"Transformed","damage_taken":0,"max_hp_gain":0,"max_hp_loss":0,"event_name":"Transmorgrifier","floor":11,"gold_loss":0,"cards_obtained":["Shame"]}],"is_beta":false,"boss_relics":[],"items_purged_floors":[],"is_endless":false,"potions_floor_spawned":[1,8],"killed_by":"Slime Boss","ascension_level":7}