{"gold_per_floor":[119,119,30,30,30,58,58,70,125,135,135,135,210,230,230,302,302,314,314,77,88,100,100,128,128,182,212,212,212,112,128,128,203,203,214,264,99,99,99,155,155,30,83,26,26,26,0,0,0,0,0],"floor_reached":51,"playtime":2501,"items_purged":["Defend_B","Decay","Strike_B"],"score":1501,"play_id":"466d736e-0b3b-4f10-97cd-dfaadcc58552","local_time":"20190421030232","is_ascension_mode":true,"campfire_choices":[{"data":"Zap","floor":7.0,"key":"SMITH"},{"data":"Defragment","floor":11.0,"key":"SMITH"},{"data":"Dualcast","floor":15.0,"key":"SMITH"},{"floor":23.0,"key":"REST"},{"data":"Tempest","floor":25.0,"key":"SMITH"},{"floor":28.0,"key":"REST"},{"floor":32.0,"key":"REST"},{"floor":46.0,"key":"REST"},{"floor":49.0,"key":"REST"}],"neow_cost":"NONE","seed_source_timestamp":1749369890525568,"circlet_count":0,"master_deck":["AscendersBane","Strike_B","Strike_B","Strike_B","Defend_B","Defend_B","Defend_B","Zap+1","Dualcast+1","Defragment+1","Cold Snap","Genetic Algorithm","BootSequence","Glacier","Echo Form","Tempest+1","Defragment+1","Conserve Battery","Electrodynamics","Tempest+1"],"special_seed":0,"relics":["Cracked Core","NeowsBlessing","Sundial","Regal Pillow","Oddly Smooth Stone","Velvet Choker","Blood Vial","Mercury Hourglass","Juzu Bracelet","DataDisk","Black Star","Strawberry","WingedGreaves","Tiny Chest","Dream Catcher","Red Mask"],"potions_floor_usage":[],"damage_taken":[{"damage":0.0,"enemies":"2 Louse","floor":1.0,"turns":1.0},{"damage":0.0,"enemies":"3 Sentries","floor":6.0,"turns":1.0},{"damage":0.0,"enemies":"Jaw Worm","floor":8.0,"turns":1.0},{"damage":3.0,"enemies":"Cultist","floor":10.0,"turns":3.0},{"damage":0.0,"enemies":"Gremlin Nob","floor":12.0,"turns":1.0},{"damage":12.0,"enemies":"2 Fungi Beasts","floor":14.0,"turns":3.0},{"damage":24.0,"enemies":"The Guardian","floor":16.0,"turns":18.0},{"damage":4.0,"enemies":"Shell Parasite","floor":18.0,"turns":10.0},{"damage":21.0,"enemies":"Colosseum Slavers","floor":19.0,"turns":5.0},{"damage":7.0,"enemies":"3 Byrds","floor":21.0,"turns":4.0},{"damage":13.0,"enemies":"Snake Plant","floor":22.0,"turns":4.0},{"damage":33.0,"enemies":"Book of Stabbing","floor":24.0,"turns":6.0},{"damage":15.0,"enemies":"Slavers","floor":27.0,"turns":3.0},{"damage":9.0,"enemies":"Centurion and Healer","floor":31.0,"turns":11.0},{"damage":0.0,"enemies":"Collector","floor":33.0,"turns":6.0},{"damage":12.0,"enemies":"3 Darklings","floor":35.0,"turns":4.0},{"damage":55.0,"enemies":"Giant Head","floor":40.0,"turns":10.0},{"damage":21.0,"enemies":"Time Eater","floor":50.0,"turns":8.0},{"damage":57,"enemies":"Donu and Deca","floor":51,"turns":5}],"seed_played":"9085397341506375527","potions_obtained":[{"floor":8.0,"key":"SmokeBomb"},{"floor":10.0,"key":"Dexterity Potion"},{"floor":18.0,"key":"GamblersBrew"},{"floor":22.0,"key":"Poison Potion"},{"floor":24.0,"key":"SkillPotion"},{"floor":27.0,"key":"Strength Potion"},{"floor":31.0,"key":"LiquidBronze"},{"floor":35.0,"key":"Strength Potion"},{"floor":39.0,"key":"Dexterity Potion"}],"is_trial":false,"path_per_floor":["M","?","$","?","?","E","R","M","T","M","R","E","?","M","R","B",null,"M","?","$","M","M","R","E","R","T","E","R","?","$","M","R","B",null,"M","?","$","?","?","E","?","$","T","$","$","R","?","?","R","B","B"],"character_chosen":"DEFECT","items_purchased":["Defragment","Blood Vial","Strawberry","Weak Potion"],"campfire_rested":5,"item_purchase_floors":[3,20,37,44],"current_hp_per_floor":[64,59,59,59,59,59,59,59,59,56,56,56,45,33,33,9,56,52,31,31,26,15,51,20,20,20,7,43,43,43,36,71,71,71,59,59,66,66,66,13,13,13,13,13,13,51,51,51,74,53,0],"gold":0,"neow_bonus":"THREE_ENEMY_KILL","is_prod":false,"is_daily":false,"chose_seed":false,"campfire_upgraded":4,"win_rate":0,"timestamp":1555833752,"path_taken":["M","?","$","?","?","E","R","M","T","?","R","E","?","M","R","BOSS","M","?","$","M","M","R","E","R","T","E","R","?","$","M","R","BOSS","M","?","?","?","?","E","?","?","T","$","$","R","?","?","R","BOSS","BOSS"],"build_version":"2019-01-23","purchased_purges":3,"victory":false,"max_hp_per_floor":[71,71,71,71,71,71,71,71,71,71,71,71,71,71,71,71,71,71,71,71,71,71,71,71,71,71,71,71,71,71,71,71,71,71,71,71,78,78,78,78,78,78,78,78,78,78,78,74,74,74,74],"card_choices":[{"not_picked":["Leap","Steam","Double Energy"],"picked":"SKIP","floor":1.0},{"not_picked":["Reprogram","Lockon"],"picked":"Cold Snap","floor":6.0},{"not_picked":["Barrage","Auto Shields"],"picked":"Genetic Algorithm","floor":8.0},{"not_picked":["Reinforced Body","Sweeping Beam"],"picked":"BootSequence","floor":10.0},{"not_picked":["Hologram","Sunder"],"picked":"Glacier","floor":14.0},{"not_picked":["Rainbow","Hyperbeam"],"picked":"Echo Form","floor":16.0},{"not_picked":["Force Field","Compile Driver"],"picked":"Tempest","floor":18.0},{"not_picked":["Force Field","Go for the Eyes"],"picked":"Defragment+1","floor":21.0},{"not_picked":["Stack","Redo","Barrage"],"picked":"SKIP","floor":22.0},{"not_picked":["Hyperbeam","Genetic Algorithm"],"picked":"Conserve Battery","floor":24.0},{"not_picked":["Turbo+1","Rebound","Coolheaded+1"],"picked":"SKIP","floor":27.0},{"not_picked":["Redo","Melter","Stack"],"picked":"SKIP","floor":31.0},{"not_picked":["Creative AI","Fission"],"picked":"Electrodynamics","floor":33.0},{"not_picked":["White Noise","Turbo+1","Rip and Tear"],"picked":"SKIP","floor":35.0},{"not_picked":["Rip and Tear+1","All For One","Auto Shields"],"picked":"SKIP","floor":40.0}],"player_experience":669753,"relics_obtained":[{"floor":6.0,"key":"Regal Pillow"},{"floor":9.0,"key":"Oddly Smooth Stone"},{"floor":24.0,"key":"Mercury Hourglass"},{"floor":26.0,"key":"Juzu Bracelet"},{"floor":27.0,"key":"DataDisk"},{"floor":40.0,"key":"WingedGreaves"},{"floor":40.0,"key":"Tiny Chest"},{"floor":43.0,"key":"Dream Catcher"}],"event_choices":[{"damage_healed":0.0,"max_hp_gain":0.0,"max_hp_loss":0.0,"gold_gain":0.0,"event_name":"Scrap Ooze","player_choice":"Success","floor":2.0,"gold_loss":0.0,"damage_taken":5.0,"relics_obtained":["Sundial"]},{"damage_healed":0.0,"max_hp_gain":0.0,"max_hp_loss":0.0,"gold_gain":0.0,"event_name":"Liars Game","player_choice":"Ignored","floor":4.0,"gold_loss":0.0,"damage_taken":0.0},{"damage_healed":0.0,"max_hp_gain":0.0,"max_hp_loss":0.0,"gold_gain":0.0,"event_name":"WeMeetAgain","player_choice":"Ignored","floor":5.0,"gold_loss":0.0,"damage_taken":0.0},{"damage_healed":0.0,"max_hp_gain":0.0,"max_hp_loss":0.0,"gold_gain":75.0,"event_name":"World of Goop","player_choice":"Gather Gold","floor":13.0,"gold_loss":0.0,"damage_taken":11.0},{"damage_healed":0.0,"max_hp_gain":0.0,"max_hp_loss":0.0,"gold_gain":0.0,"event_name":"Colosseum","player_choice":"Fight","floor":19.0,"gold_loss":0.0,"damage_taken":0.0},{"damage_healed":0.0,"max_hp_gain":0.0,"max_hp_loss":0.0,"gold_gain":0.0,"event_name":"Colosseum","player_choice":"Fled From Nobs","floor":19.0,"gold_loss":0.0,"damage_taken":0.0},{"damage_healed":0.0,"max_hp_gain":0.0,"max_hp_loss":0.0,"gold_gain":0.0,"event_name":"Forgotten Altar","player_choice":"Smashed Altar","floor":29.0,"gold_loss":0.0,"damage_taken":0.0,"cards_obtained":["Decay"]},{"damage_healed":0.0,"max_hp_gain":0.0,"max_hp_loss":0.0,"gold_gain":50.0,"event_name":"Golden Shrine","player_choice":"Pray","floor":36.0,"gold_loss":0.0,"damage_taken":0.0},{"damage_healed":0.0,"max_hp_gain":0.0,"max_hp_loss":0.0,"gold_gain":0.0,"event_name":"Mysterious Sphere","player_choice":"Ignored","floor":38.0,"gold_loss":0.0,"damage_taken":0.0},{"damage_healed":0.0,"max_hp_gain":0.0,"max_hp_loss":0.0,"gold_gain":0.0,"event_name":"Lab","player_choice":"Got Potions","floor":39.0,"gold_loss":0.0,"damage_taken":0.0},{"damage_healed":0.0,"max_hp_gain":0.0,"max_hp_loss":0.0,"gold_gain":0.0,"event_name":"Duplicator","player_choice":"Copied","floor":41.0,"gold_loss":0.0,"damage_taken":0.0,"cards_obtained":["Tempest"]},{"damage_healed":0.0,"max_hp_gain":0.0,"max_hp_loss":0.0,"gold_gain":0.0,"event_name":"Tomb of Lord Red Mask","player_choice":"Paid","floor":47.0,"gold_loss":26.0,"damage_taken":0.0,"relics_obtained":["Red Mask"]},{"damage_healed":0.0,"max_hp_gain":0.0,"max_hp_loss":4.0,"gold_gain":0.0,"event_name":"Winding Halls","player_choice":"Max HP","floor":48.0,"gold_loss":0.0,"damage_taken":0.0}],"is_beta":false,"boss_relics":[{"not_picked":["White Beast Statue","Ectoplasm"],"picked":"Velvet Choker"},{"not_picked":["Empty Cage","Eternal Feather"],"picked":"Black Star"}],"items_purged_floors":[20,30,42],"is_endless":false,"potions_floor_spawned":[8,10,12,18,22,24,27,31,35],"killed_by":"Donu and Deca","ascension_level":20}