{"gold_per_floor":[111,111,159,179,194,220,230,263,342,353,687,700,700,715,715,810,810,830,830,830,841,841,873,890,890],"floor_reached":25,"playtime":1748,"items_purged":[],"score":282,"play_id":"e4845a44-5f95-4473-837a-040d750ac948","local_time":"20180808232935","is_ascension_mode":true,"campfire_choices":[{"data":"Self Repair","floor":13,"key":"SMITH"},{"floor":15,"key":"REST"}],"neow_cost":"NONE","seed_source_timestamp":1544293857350512,"circlet_count":0,"master_deck":["Strike_B","Strike_B","Strike_B","Defend_B","Defend_B+1","Defend_B","Defend_B","Zap","Dualcast+1","Compile Driver","Coolheaded","Static Discharge","Hyperbeam","Doom and Gloom","Leap","Rebound","Amplify","Self Repair+1","Self Repair","Core Surge","Redo+1","Writhe","Capacitor","Coolheaded+1"],"special_seed":0,"relics":["Nuclear Battery","War Paint","Pen Nib","DataDisk","Pear","Old Coin","Inserter","Centennial Puzzle","Ginger"],"potions_floor_usage":[6,7,14,16,25],"damage_taken":[{"damage":3.0,"enemies":"Jaw Worm","floor":1.0,"turns":5.0},{"damage":0,"enemies":"Cultist","floor":4,"turns":3},{"damage":0,"enemies":"2 Louse","floor":5,"turns":2},{"damage":5,"enemies":"Lagavulin","floor":6,"turns":11},{"damage":16,"enemies":"Blue Slaver","floor":7,"turns":5},{"damage":9,"enemies":"3 Sentries","floor":8,"turns":2},{"damage":12,"enemies":"Exordium Thugs","floor":10,"turns":3},{"damage":16,"enemies":"Gremlin Nob","floor":11,"turns":3},{"damage":0,"enemies":"Exordium Wildlife","floor":12,"turns":2},{"damage":6,"enemies":"3 Louse","floor":14,"turns":3},{"damage":17,"enemies":"The Guardian","floor":16,"turns":7},{"damage":17,"enemies":"2 Thieves","floor":18,"turns":3},{"damage":22,"enemies":"Spheric Guardian","floor":21,"turns":4},{"damage":45,"enemies":"Gremlin Leader","floor":23,"turns":9},{"damage":33,"enemies":"Cultist and Chosen","floor":24,"turns":6},{"damage":44,"enemies":"Book of Stabbing","floor":25,"turns":4}],"seed_played":"6939989291908061642","potions_obtained":[{"floor":1,"key":"SkillPotion"},{"floor":4,"key":"Regen Potion"},{"floor":6,"key":"Ancient Potion"},{"floor":8,"key":"Dexterity Potion"},{"floor":11,"key":"Poison Potion"},{"floor":24,"key":"SteroidPotion"}],"is_trial":false,"path_per_floor":["M","?","T","M","M","E","M","E","T","M","E","M","R","M","R","B",null,"M","?","?","M","?","E","M"],"character_chosen":"DEFECT","items_purchased":[],"campfire_rested":1,"item_purchase_floors":[],"current_hp_per_floor":[72,72,72,72,72,67,60,51,61,49,33,33,33,37,62,62,85,85,85,85,80,80,52,43,0],"gold":890,"neow_bonus":"BOSS_RELIC","is_prod":false,"is_daily":false,"chose_seed":false,"campfire_upgraded":1,"win_rate":0,"timestamp":1533785375,"path_taken":["M","?","?","M","?","E","M","E","T","?","E","M","R","M","R","BOSS","M","?","?","M","?","E","M","E"],"build_version":"2018-08-02","purchased_purges":0,"victory":false,"max_hp_per_floor":[75,75,75,75,75,75,75,75,85,85,85,85,85,85,85,85,85,85,85,85,85,85,85,85,85],"card_choices":[{"not_picked":["Sweeping Beam","Steam Power"],"picked":"Compile Driver","floor":1},{"not_picked":["Stack","Barrage"],"picked":"Coolheaded","floor":4},{"not_picked":["Force Field","Consume"],"picked":"Static Discharge","floor":5},{"not_picked":["Fusion","Sweeping Beam"],"picked":"Hyperbeam","floor":6},{"not_picked":["Barrage","Beam Cell"],"picked":"Doom and Gloom","floor":7},{"not_picked":["Go for the Eyes","Turbo"],"picked":"Leap","floor":8},{"not_picked":["Recycle","Hologram"],"picked":"Rebound","floor":10},{"not_picked":["Stack","Conserve Battery"],"picked":"Amplify","floor":11},{"not_picked":["Barrage","Turbo"],"picked":"Self Repair","floor":12},{"not_picked":["Skim","Leap"],"picked":"Self Repair","floor":14},{"not_picked":["All For One","Creative AI"],"picked":"Core Surge","floor":16},{"not_picked":["Double Energy","Hello World"],"picked":"Redo+1","floor":18},{"not_picked":["Leap","Lockon"],"picked":"Capacitor","floor":21},{"not_picked":["Beam Cell","Storm"],"picked":"Coolheaded+1","floor":23},{"not_picked":["Hologram","Gash+1","Steam"],"picked":"SKIP","floor":24}],"player_experience":176453,"relics_obtained":[{"floor":3,"key":"War Paint"},{"floor":6,"key":"Pen Nib"},{"floor":8,"key":"DataDisk"},{"floor":9,"key":"Pear"},{"floor":11,"key":"Old Coin"},{"floor":23,"key":"Ginger"}],"event_choices":[{"event_name":"Bonfire Elementals","player_choice":"BASIC","floor":2,"damage_taken":0},{"event_name":"Vampires","player_choice":"Ignored","floor":19,"damage_taken":0},{"event_name":"The Mausoleum","player_choice":"Yes","floor":20,"damage_taken":0},{"event_name":"Ghosts","player_choice":"Ignored","floor":22,"damage_taken":0}],"is_beta":false,"boss_relics":[{"not_picked":["Runic Dome","Sozu"],"picked":"Inserter"}],"items_purged_floors":[],"is_endless":false,"potions_floor_spawned":[1,4,6,8,11,24],"killed_by":"Book of Stabbing","ascension_level":3}