{"gold_per_floor":[113,113,128,141,151,151,203,203,203,203,14,26,68,100,112,221,233,261,273,225,33,52,62,62],"floor_reached":24,"playtime":747,"items_purged":[],"score":196,"play_id":"a3b2d2eb-a4d3-4c1f-98e3-92f82bacfdf0","local_time":"20181206204214","is_ascension_mode":false,"campfire_choices":[{"floor":6,"key":"RECALL"},{"data":"Streamline","floor":8,"key":"SMITH"},{"data":"Double Energy","floor":10,"key":"SMITH"},{"floor":15,"key":"REST"}],"neow_cost":"TEN_PERCENT_HP_LOSS","seed_source_timestamp":451031237362980,"circlet_count":0,"master_deck":["Strike_B","Strike_B","Defend_B","Defend_B","Defend_B","Defend_B","Zap","Dualcast","Double Energy+1","Storm","Auto Shields","Streamline+1","Lockon+1","Beam Cell","Storm","Go for the Eyes","Machine Learning","Sunder","Thunder Strike","White Noise","Glacier","Mayhem","Leap","White Noise+1"],"relics":["Cracked Core","Torii","The Courier","MawBank","Girya","Philosopher\u0027s Stone","Pen Nib"],"potions_floor_usage":[5,16,22],"damage_taken":[{"damage":0,"enemies":"Small Slimes","floor":1,"turns":2},{"damage":0,"enemies":"Cultist","floor":3,"turns":3},{"damage":0,"enemies":"2 Louse","floor":4,"turns":2},{"damage":0,"enemies":"Looter","floor":5,"turns":4},{"damage":15,"enemies":"Lagavulin","floor":13,"turns":6},{"damage":9,"enemies":"3 Louse","floor":14,"turns":3},{"damage":37,"enemies":"Hexaghost","floor":16,"turns":10},{"damage":14,"enemies":"Shell Parasite","floor":18,"turns":4},{"damage":23,"enemies":"2 Thieves","floor":22,"turns":4},{"damage":6,"enemies":"Snecko","floor":23,"turns":5},{"damage":28,"enemies":"Slavers","floor":24,"turns":2}],"seed_played":"-1450929176551905398","potions_obtained":[{"floor":1,"key":"SkillPotion"},{"floor":3,"key":"EssenceOfSteel"},{"floor":4,"key":"Dexterity Potion"},{"floor":16,"key":"Poison Potion"}],"is_trial":false,"path_per_floor":["M","?","M","M","M","R","?","R","T","R","$","?","E","M","R","B",null,"M","?","?","$","M","M","E"],"character_chosen":"DEFECT","items_purchased":["Lockon","Beam Cell","MawBank","Glacier","Mayhem"],"campfire_rested":1,"item_purchase_floors":[11,11,11,21,21],"current_hp_per_floor":[68,68,68,68,68,68,68,68,68,68,68,68,53,44,64,27,68,54,54,54,54,31,25,0],"gold":62,"neow_bonus":"ONE_RARE_RELIC","is_prod":false,"is_daily":false,"chose_seed":false,"campfire_upgraded":2,"win_rate":0,"timestamp":1544125334,"path_taken":["M","?","?","M","?","R","?","R","T","R","$","?","E","M","R","BOSS","M","?","?","$","M","M","E"],"build_version":"2018-11-15","purchased_purges":0,"victory":false,"max_hp_per_floor":[68,68,68,68,68,68,68,68,68,68,68,68,68,68,68,68,68,68,68,68,68,68,68,68],"card_choices":[{"not_picked":["Hologram","Darkness"],"picked":"Double Energy","floor":1},{"not_picked":["Turbo","Beam Cell"],"picked":"Storm","floor":3},{"not_picked":["Hologram","Doom and Gloom"],"picked":"Auto Shields","floor":4},{"not_picked":["Turbo","Compile Driver"],"picked":"Streamline","floor":5},{"not_picked":["Multi-Cast","Coolheaded"],"picked":"Storm","floor":13},{"not_picked":["Stack","Auto Shields"],"picked":"Go for the Eyes","floor":14},{"not_picked":["Buffer","Amplify"],"picked":"Machine Learning","floor":16},{"not_picked":["Rebound+1","Coolheaded"],"picked":"Sunder","floor":18},{"not_picked":["Redo","Turbo"],"picked":"Leap","floor":22},{"not_picked":["Meteor Strike","Auto Shields"],"picked":"White Noise+1","floor":23}],"player_experience":309197,"relics_obtained":[{"floor":9,"key":"The Courier"},{"floor":13,"key":"Girya"}],"event_choices":[{"damage_healed":0,"gold_gain":0,"player_choice":"Ignored","damage_taken":0,"max_hp_gain":0,"max_hp_loss":0,"event_name":"Purifier","floor":2,"gold_loss":0},{"damage_healed":0,"gold_gain":52,"player_choice":"Gained Gold","damage_taken":0,"max_hp_gain":0,"max_hp_loss":0,"event_name":"Golden Wing","floor":7,"gold_loss":0},{"damage_healed":0,"gold_gain":0,"player_choice":"Grow","damage_taken":0,"max_hp_gain":0,"max_hp_loss":0,"event_name":"Living Wall","floor":12,"gold_loss":0,"cards_upgraded":["Lockon"]},{"damage_healed":0,"gold_gain":0,"player_choice":"Opened","damage_taken":0,"relics_obtained":["Pen Nib"],"max_hp_gain":0,"max_hp_loss":0,"event_name":"The Mausoleum","floor":19,"gold_loss":0},{"damage_healed":0,"gold_gain":0,"cards_transformed":["Strike_B","Strike_B"],"player_choice":"Transformed Cards","damage_taken":0,"max_hp_gain":0,"max_hp_loss":0,"event_name":"Designer","floor":20,"gold_loss":60,"cards_obtained":["Thunder Strike","White Noise"]}],"is_beta":false,"boss_relics":[{"not_picked":["Eternal Feather","Empty Cage"],"picked":"Philosopher\u0027s Stone"}],"items_purged_floors":[],"is_endless":false,"potions_floor_spawned":[1,3,4,16],"killed_by":"Slavers","ascension_level":0}