{"gold_per_floor":[112,128,140,160,171,171,187,187,187,187,216,230,245,263,263,342,342,354,374,394,394,394],"floor_reached":22,"playtime":636,"items_purged":[],"score":388,"play_id":"30804d05-6bab-4d06-81f3-dec0c5c3bb91","local_time":"20190310220017","is_ascension_mode":true,"campfire_choices":[{"data":"Whirlwind","floor":6,"key":"SMITH"},{"data":"Cleave","floor":8,"key":"SMITH"},{"data":"Bash","floor":10,"key":"SMITH"},{"data":"Evolve","floor":15,"key":"SMITH"}],"neow_cost":"NONE","seed_source_timestamp":16989624697309,"circlet_count":0,"master_deck":["AscendersBane","Defend_R","Defend_R","Defend_R","Defend_R","Bash+1","Cleave+1","Whirlwind+1","Shrug It Off","Inflame","Twin Strike","Spot Weakness","Evolve+1","Headbutt","Immolate","Metallicize+1","Fire Breathing+1","Uppercut+1","Anger","Feed","Exhume"],"special_seed":0,"relics":["Burning Blood","Mercury Hourglass","Champion Belt","Astrolabe"],"potions_floor_usage":[16,16,18],"damage_taken":[{"damage":1.0,"enemies":"Cultist","floor":1.0,"turns":3.0},{"damage":4.0,"enemies":"Small Slimes","floor":2.0,"turns":3.0},{"damage":0,"enemies":"2 Louse","floor":3,"turns":2},{"damage":6,"enemies":"2 Fungi Beasts","floor":4,"turns":3},{"damage":28,"enemies":"Exordium Thugs","floor":5,"turns":4},{"damage":0,"enemies":"3 Louse","floor":7,"turns":2},{"damage":31,"enemies":"Gremlin Nob","floor":11,"turns":4},{"damage":1,"enemies":"2 Fungi Beasts","floor":12,"turns":2},{"damage":9,"enemies":"Large Slime","floor":13,"turns":3},{"damage":9,"enemies":"Blue Slaver","floor":14,"turns":4},{"damage":38,"enemies":"Slime Boss","floor":16,"turns":8},{"damage":20,"enemies":"Chosen","floor":18,"turns":4},{"damage":12,"enemies":"3 Byrds","floor":19,"turns":2},{"damage":37,"enemies":"Centurion and Healer","floor":20,"turns":11},{"damage":16,"enemies":"Snake Plant","floor":22,"turns":1}],"seed_played":"332785938765137900","potions_obtained":[{"floor":2.0,"key":"LiquidBronze"},{"floor":3,"key":"SneckoOil"},{"floor":13,"key":"BloodPotion"},{"floor":16,"key":"AttackPotion"}],"is_trial":false,"path_per_floor":["M","M","M","M","M","R","M","R","T","R","E","M","M","M","R","B",null,"M","M","M","?","M"],"character_chosen":"IRONCLAD","items_purchased":[],"campfire_rested":0,"item_purchase_floors":[],"current_hp_per_floor":[80,82,82,82,60,60,66,66,66,66,41,46,43,40,40,16,66,52,46,15,15,0],"gold":394,"neow_bonus":"TEN_PERCENT_HP_BONUS","is_prod":false,"is_daily":false,"chose_seed":false,"campfire_upgraded":4,"win_rate":0,"timestamp":1552269617,"path_taken":["M","M","M","M","M","R","M","R","T","R","E","M","M","M","R","BOSS","M","?","M","?","M"],"build_version":"2019-01-23","purchased_purges":0,"victory":false,"max_hp_per_floor":[82,82,82,82,82,82,82,82,82,82,82,82,82,82,82,82,82,82,82,82,82,82],"card_choices":[{"not_picked":["Iron Wave","Heavy Blade"],"picked":"Cleave","floor":1.0},{"not_picked":["Infernal Blade","Sever Soul"],"picked":"Whirlwind","floor":2.0},{"not_picked":["Thunderclap","Heavy Blade","Sever Soul"],"picked":"SKIP","floor":3},{"not_picked":["Thunderclap","Clothesline"],"picked":"Shrug It Off","floor":4},{"not_picked":["Thunderclap","Blood for Blood","Clothesline"],"picked":"SKIP","floor":5},{"not_picked":["True Grit","Rampage"],"picked":"Inflame","floor":7},{"not_picked":["Havoc","Heavy Blade"],"picked":"Twin Strike","floor":11},{"not_picked":["Pommel Strike","Body Slam"],"picked":"Spot Weakness","floor":12},{"not_picked":["Hemokinesis","Rage"],"picked":"Evolve","floor":13},{"not_picked":["Heavy Blade","Whirlwind"],"picked":"Headbutt","floor":14},{"not_picked":["Reaper","Dark Embrace"],"picked":"Immolate","floor":16},{"not_picked":["Thunderclap","Clothesline","Heavy Blade"],"picked":"SKIP","floor":18},{"not_picked":["Fire Breathing+1","Clothesline","Thunderclap"],"picked":"SKIP","floor":19},{"not_picked":["Rage","Havoc"],"picked":"Anger","floor":20}],"player_experience":841641,"relics_obtained":[{"floor":9,"key":"Mercury Hourglass"},{"floor":11,"key":"Champion Belt"}],"event_choices":[{"damage_healed":0,"gold_gain":0,"cards_transformed":["Strike_R","Strike_R"],"player_choice":"Became Test Subject","damage_taken":0,"max_hp_gain":0,"max_hp_loss":0,"event_name":"Drug Dealer","floor":21,"gold_loss":0,"cards_obtained":["Feed","Exhume"]}],"is_beta":false,"boss_relics":[{"not_picked":["Velvet Choker","Black Star"],"picked":"Astrolabe"}],"items_purged_floors":[],"is_endless":false,"potions_floor_spawned":[2,3,13,16],"killed_by":"Snake Plant","ascension_level":20}