{"gold_per_floor":[116,391,73,86,98,126,138,166,166,166,192,192,192,212,212,309,309,326,337,183,195,195,223,238,251,277,247,247,261,286,305,305,305],"floor_reached":33,"playtime":1747,"items_purged":["Regret"],"score":324,"play_id":"20d1b1f0-f5ee-4d15-9aba-2b0d501921ec","local_time":"20190223023250","is_ascension_mode":true,"campfire_choices":[{"floor":10,"key":"REST"},{"data":"Poisoned Stab","floor":12,"key":"SMITH"},{"data":"Poisoned Stab","floor":15,"key":"SMITH"},{"floor":28,"key":"REST"},{"floor":32,"key":"REST"}],"neow_cost":"NONE","seed_source_timestamp":28082104946174,"circlet_count":0,"master_deck":["Survivor+1","Neutralize","Deadly Poison","Dagger Throw","Quick Slash","Poisoned Stab+1","Poisoned Stab+1","Noxious Fumes","Distraction","Dash","Unload","Outmaneuver","Bane","Finisher","Tools of the Trade","Terror","Distraction","Footwork","Deadly Poison","Pain","Backflip","Backflip"],"relics":["Ring of the Snake","Matryoshka","Orichalcum","War Paint","Art of War","Question Card","Mercury Hourglass","Pandora\u0027s Box","Anchor","WarpedTongs","The Courier","Bag of Preparation","Regal Pillow"],"potions_floor_usage":[11,16,16,19,19,25,29,29,30,31,33],"damage_taken":[{"damage":0,"enemies":"2 Louse","floor":1,"turns":3},{"damage":1,"enemies":"Cultist","floor":4,"turns":4},{"damage":1,"enemies":"Jaw Worm","floor":5,"turns":4},{"damage":21,"enemies":"3 Sentries","floor":6,"turns":12},{"damage":8,"enemies":"Red Slaver","floor":7,"turns":4},{"damage":13,"enemies":"Lagavulin","floor":8,"turns":6},{"damage":4,"enemies":"Gremlin Nob","floor":11,"turns":4},{"damage":2,"enemies":"Exordium Thugs","floor":14,"turns":3},{"damage":8,"enemies":"Slime Boss","floor":16,"turns":6},{"damage":4,"enemies":"3 Byrds","floor":18,"turns":4},{"damage":4,"enemies":"Spheric Guardian","floor":19,"turns":3},{"damage":15,"enemies":"Cultist and Chosen","floor":21,"turns":5},{"damage":34,"enemies":"Book of Stabbing","floor":23,"turns":5},{"damage":7,"enemies":"Centurion and Healer","floor":24,"turns":5},{"damage":10,"enemies":"Shelled Parasite and Fungi","floor":25,"turns":4},{"damage":3,"enemies":"Snake Plant","floor":29,"turns":3},{"damage":38,"enemies":"Gremlin Leader","floor":30,"turns":5},{"damage":0,"enemies":"3 Cultists","floor":31,"turns":4},{"damage":10,"enemies":"Collector","floor":33,"turns":3}],"seed_played":"3268151480177660755","potions_obtained":[{"floor":6,"key":"Explosive Potion"},{"floor":7,"key":"Swift Potion"},{"floor":11,"key":"Strength Potion"},{"floor":16,"key":"Fire Potion"},{"floor":18,"key":"PowerPotion"},{"floor":23,"key":"Dexterity Potion"},{"floor":24,"key":"Poison Potion"},{"floor":27,"key":"GhostInAJar"},{"floor":27,"key":"Regen Potion"},{"floor":29,"key":"Swift Potion"},{"floor":30,"key":"Energy Potion"},{"floor":31,"key":"Regen Potion"}],"is_trial":false,"path_per_floor":["M","?","$","M","M","E","M","E","T","R","E","R","?","M","R","B",null,"M","M","$","M","?","E","M","M","T","?","R","M","E","M","R","B"],"character_chosen":"THE_SILENT","items_purchased":["Matryoshka","Anchor"],"campfire_rested":3,"item_purchase_floors":[3,20],"current_hp_per_floor":[77,77,77,76,75,54,46,33,33,56,52,52,52,50,50,42,77,73,69,69,54,54,20,13,3,3,3,41,47,9,9,47,42],"gold":305,"neow_bonus":"TEN_PERCENT_HP_BONUS","is_prod":false,"is_daily":false,"chose_seed":false,"campfire_upgraded":2,"win_rate":0,"timestamp":1550889170,"path_taken":["M","?","$","?","M","E","M","E","T","R","E","R","?","M","R","BOSS","M","M","$","M","?","E","M","?","T","?","R","M","E","M","R","BOSS"],"build_version":"2019-01-23","purchased_purges":1,"victory":false,"max_hp_per_floor":[77,77,77,77,77,77,77,77,77,77,77,77,77,77,77,77,77,77,77,77,77,77,77,77,77,77,77,77,77,77,77,77,77],"card_choices":[{"not_picked":["Backflip","Outmaneuver"],"picked":"Deadly Poison","floor":1},{"not_picked":["Finisher","Flying Knee"],"picked":"Dagger Throw","floor":4},{"not_picked":["Quick Slash","Sucker Punch","Terror"],"picked":"SKIP","floor":5},{"not_picked":["Bullet Time","Escape Plan"],"picked":"Quick Slash","floor":6},{"not_picked":["Bane","Endless Agony"],"picked":"Poisoned Stab","floor":7},{"not_picked":["Tactician","Storm of Steel","Cloak And Dagger"],"picked":"SKIP","floor":8},{"not_picked":["Flying Knee","Concentrate"],"picked":"Poisoned Stab","floor":11},{"not_picked":["Cloak And Dagger","Terror","Backflip"],"picked":"Noxious Fumes","floor":14},{"not_picked":["Deflect","Prepared","Dodge and Roll"],"picked":"Deadly Poison","floor":18},{"not_picked":["PiercingWail","Well Laid Plans","Dagger Spray","Skewer"],"picked":"SKIP","floor":19},{"not_picked":["Bane","Flying Knee","Riddle With Holes","Sucker Punch"],"picked":"SKIP","floor":21},{"not_picked":["Underhanded Strike+1","Malaise","Cloak And Dagger","Blade Dance"],"picked":"SKIP","floor":23},{"not_picked":["Prepared+1","Sucker Punch","Dodge and Roll"],"picked":"Backflip","floor":24},{"not_picked":["A Thousand Cuts","Cloak And Dagger","Flechettes+1","Escape Plan"],"picked":"SKIP","floor":25},{"not_picked":["Reflex","Outmaneuver+1","Concentrate"],"picked":"Backflip","floor":29},{"not_picked":["Endless Agony","Caltrops","Concentrate+1","Acrobatics"],"picked":"SKIP","floor":30},{"not_picked":["Deflect","Calculated Gamble","Dodge and Roll","Quick Slash"],"picked":"SKIP","floor":31}],"player_experience":270208,"relics_obtained":[{"floor":6,"key":"Orichalcum"},{"floor":8,"key":"War Paint"},{"floor":9,"key":"Art of War"},{"floor":11,"key":"Question Card"},{"floor":23,"key":"The Courier"},{"floor":26,"key":"Bag of Preparation"},{"floor":26,"key":"Regal Pillow"}],"event_choices":[{"damage_healed":0,"gold_gain":275,"player_choice":"Desecrate","damage_taken":0,"max_hp_gain":0,"max_hp_loss":0,"event_name":"Golden Shrine","floor":2,"gold_loss":0,"cards_obtained":["Regret"]},{"damage_healed":0,"gold_gain":0,"player_choice":"Searched \u00272\u0027 times","damage_taken":0,"relics_obtained":["Mercury Hourglass"],"max_hp_gain":0,"max_hp_loss":0,"event_name":"Dead Adventurer","floor":13,"gold_loss":0},{"damage_healed":0,"gold_gain":0,"player_choice":"Rummage","damage_taken":0,"relics_obtained":["WarpedTongs"],"max_hp_gain":0,"max_hp_loss":0,"event_name":"Accursed Blacksmith","floor":22,"gold_loss":0,"cards_obtained":["Pain"]},{"damage_healed":0,"gold_gain":0,"player_choice":"Bought 2 Potions","damage_taken":0,"max_hp_gain":0,"max_hp_loss":0,"event_name":"The Woman in Blue","floor":27,"gold_loss":0}],"is_beta":false,"boss_relics":[{"not_picked":["Fusion Hammer","Runic Pyramid"],"picked":"Pandora\u0027s Box"}],"items_purged_floors":[3],"is_endless":false,"potions_floor_spawned":[6,7,11,16,18,23,24,29,30,31],"killed_by":"Collector","ascension_level":1}