{"gold_per_floor":[109,109,109,109,123,123,140,159,159,191,201,178,178,197,197,197],"floor_reached":16,"playtime":889,"items_purged":[],"score":102,"play_id":"eba0a1e5-dbba-401d-ab15-b6e77d8af658","local_time":"20180701225241","is_ascension_mode":false,"campfire_choices":[{"data":"Rage","floor":6,"key":"SMITH"},{"floor":13,"key":"REST"},{"floor":15,"key":"REST"}],"neow_cost":"NONE","seed_source_timestamp":961616370487557,"circlet_count":0,"master_deck":["Strike_R","Strike_R","Strike_R","Strike_R","Strike_R","Defend_R","Defend_R","Defend_R","Bash","Berserk","Thunderclap","Rage+1","Pommel Strike","Clash","Dual Wield","Shrug It Off","Ghostly Armor","Clothesline"],"relics":["Burning Blood","Pear","Shuriken"],"potions_floor_usage":[8],"damage_taken":[{"damage":8,"enemies":"Jaw Worm","floor":1,"turns":4},{"damage":10,"enemies":"Small Slimes","floor":5,"turns":4},{"damage":6,"enemies":"Cultist","floor":7,"turns":3},{"damage":7,"enemies":"Blue Slaver","floor":8,"turns":3},{"damage":36,"enemies":"Lagavulin","floor":10,"turns":5},{"damage":8,"enemies":"Exordium Thugs","floor":11,"turns":4},{"damage":15,"enemies":"Lots of Slimes","floor":14,"turns":5},{"damage":90,"enemies":"Hexaghost","floor":16,"turns":13}],"seed_played":"-1870703877988686017","potions_obtained":[{"floor":5,"key":"Explosive Potion"},{"floor":14,"key":"SpeedPotion"}],"is_trial":false,"path_per_floor":["M","?","?","?","M","R","M","M","T","E","M","?","R","M","R"],"character_chosen":"IRONCLAD","items_purchased":[],"campfire_rested":2,"item_purchase_floors":[],"current_hp_per_floor":[78,78,78,78,74,74,74,73,83,53,51,51,78,69,90,0],"gold":197,"neow_bonus":"ONE_RANDOM_RARE_CARD","is_prod":false,"is_daily":false,"chose_seed":false,"campfire_upgraded":1,"win_rate":0,"timestamp":1530478361,"path_taken":["M","?","?","?","M","R","M","?","T","E","?","?","R","M","R","BOSS"],"build_version":"2018-06-28","purchased_purges":0,"victory":false,"max_hp_per_floor":[80,80,80,80,80,80,80,80,90,90,90,90,90,90,90,90],"card_choices":[{"not_picked":["Power Through","Headbutt"],"picked":"Thunderclap","floor":1},{"not_picked":["Burning Pact","Fire Breathing"],"picked":"Pommel Strike","floor":5},{"not_picked":["Pummel","Sword Boomerang"],"picked":"Clash","floor":7},{"not_picked":["Battle Trance","Shockwave"],"picked":"Dual Wield","floor":8},{"not_picked":["Sword Boomerang","Twin Strike"],"picked":"Shrug It Off","floor":10},{"not_picked":["Body Slam","Clothesline"],"picked":"Ghostly Armor","floor":11},{"not_picked":["Anger","Sword Boomerang"],"picked":"Clothesline","floor":14}],"player_experience":29958,"relics_obtained":[{"floor":9,"key":"Pear"},{"floor":10,"key":"Shuriken"}],"event_choices":[{"event_name":"Golden Wing","player_choice":"Ignored","floor":2,"damage_taken":0},{"event_name":"Living Wall","player_choice":"Change","floor":3,"damage_taken":0},{"event_name":"Liars Game","player_choice":"disagreed","floor":4,"damage_taken":0},{"event_name":"World of Goop","player_choice":"Left","floor":12,"damage_taken":0}],"boss_relics":[],"items_purged_floors":[],"is_endless":false,"potions_floor_spawned":[5,14],"killed_by":"Hexaghost","ascension_level":0}