{"gold_per_floor":[112,122,136,152,102,128,146,146,146,172,422,3,13,24,24,120,120,140,55,42,20,20,20,46,46,46,71,71,71,81,116,128,242,254,286,16,0,14,14,41,57,82,135,155,175,54,71,87,87,87],"floor_reached":51,"playtime":5817,"items_purged":["Regret","Injury","Pain"],"score":1044,"play_id":"f9d2ac94-83d7-4cf7-8610-71f015d26a53","local_time":"20180807213756","is_ascension_mode":true,"campfire_choices":[{"floor":8.0,"key":"REST"},{"data":"Beam Cell","floor":15.0,"key":"SMITH"},{"data":"Zap","floor":23.0,"key":"SMITH"},{"data":"Recycle","floor":25.0,"key":"SMITH"},{"data":"Defend_B","floor":32.0,"key":"SMITH"},{"floor":49.0,"key":"REST"}],"neow_cost":"NONE","seed_source_timestamp":1446873886858002,"circlet_count":0,"master_deck":["Strike_B","Strike_B","Strike_B","Defend_B","Defend_B","Defend_B","Defend_B+1","Zap+1","Dualcast","Double Energy","Auto Shields","Go for the Eyes","Leap","Beam Cell+1","Recycle+1","Chill+1","Reinforced Body+1","Redo+1","All For One","Reprogram+1","BootSequence+1","Conserve Battery+1","Doubt","Rebound","Redo+1","Gash","All For One","Redo+1","Apotheosis+1","Scrape","Rebound","Melter+1","Cold Snap+1","Gash","Rip and Tear"],"special_seed":0,"relics":["Runic Pyramid","Thread and Needle","Toxic Egg 2","Bag of Marbles","Lee\u0027s Waffle","Cursed Key","Symbiotic Virus","Orichalcum","Ginger","Boot","Cables","Nloth\u0027s Gift","MawBank","Fusion Hammer","Red Mask","Nunchaku","Smiling Mask","Potion Belt","Bronze Scales"],"potions_floor_usage":[50,50,50],"damage_taken":[{"damage":7.0,"enemies":"Small Slimes","floor":1.0,"turns":4.0},{"damage":6.0,"enemies":"2 Louse","floor":2.0,"turns":3.0},{"damage":1.0,"enemies":"Jaw Worm","floor":3.0,"turns":3.0},{"damage":7.0,"enemies":"Looter","floor":4.0,"turns":4.0},{"damage":51.0,"enemies":"Gremlin Nob","floor":6.0,"turns":6.0},{"damage":1.0,"enemies":"Exordium Thugs","floor":7.0,"turns":6.0},{"damage":0.0,"enemies":"Lagavulin","floor":10.0,"turns":7.0},{"damage":0.0,"enemies":"Large Slime","floor":13.0,"turns":8.0},{"damage":0.0,"enemies":"Blue Slaver","floor":14.0,"turns":5.0},{"damage":63.0,"enemies":"Hexaghost","floor":16.0,"turns":18.0},{"damage":0.0,"enemies":"Spheric Guardian","floor":18.0,"turns":8.0},{"damage":0.0,"enemies":"2 Thieves","floor":20.0,"turns":4.0},{"damage":0.0,"enemies":"Book of Stabbing","floor":24.0,"turns":6.0},{"damage":6.0,"enemies":"Slavers","floor":27.0,"turns":11.0},{"damage":0.0,"enemies":"Cultist and Chosen","floor":30.0,"turns":9.0},{"damage":0.0,"enemies":"Book of Stabbing","floor":31.0,"turns":5.0},{"damage":0.0,"enemies":"Champ","floor":33.0,"turns":9.0},{"damage":0.0,"enemies":"3 Darklings","floor":35.0,"turns":9.0},{"damage":0.0,"enemies":"3 Shapes","floor":38.0,"turns":4.0},{"damage":0.0,"floor":39.0,"turns":6.0},{"damage":0.0,"enemies":"Giant Head","floor":40.0,"turns":6.0},{"damage":2.0,"enemies":"Maw","floor":41.0,"turns":7.0},{"damage":0.0,"enemies":"Nemesis","floor":42.0,"turns":5.0},{"damage":9.0,"enemies":"Spire Growth","floor":44.0,"turns":6.0},{"damage":0.0,"enemies":"3 Darklings","floor":45.0,"turns":5.0},{"damage":0.0,"enemies":"Maw","floor":47.0,"turns":5.0},{"damage":0.0,"enemies":"4 Shapes","floor":48.0,"turns":7.0},{"damage":14,"enemies":"Donu and Deca","floor":50,"turns":9}],"seed_played":"-4489387893696103060","potions_obtained":[{"floor":1.0,"key":"GamblersBrew"},{"floor":10.0,"key":"GamblersBrew"},{"floor":14.0,"key":"SteroidPotion"},{"floor":24.0,"key":"Poison Potion"},{"floor":27.0,"key":"GamblersBrew"},{"floor":30.0,"key":"GamblersBrew"},{"floor":38.0,"key":"EssenceOfSteel"},{"floor":42.0,"key":"Poison Potion"},{"floor":44.0,"key":"PowerPotion"}],"is_trial":false,"path_per_floor":["M","M","M","M","?","E","M","R","T","E","?","$","M","M","R","B",null,"M","?","M","$","T","R","E","R","T","E","?","?","M","E","R","B",null,"M","$","?","M","?","E","M","E","T","M","M","$","M","M","R","B"],"character_chosen":"DEFECT","items_purchased":["Bag of Marbles","Lee\u0027s Waffle","Conserve Battery+1","Apotheosis+1","Rip and Tear"],"campfire_rested":2,"item_purchase_floors":[12,12,21,36,46],"current_hp_per_floor":[68,62,61,54,54,3,2,24,24,24,24,82,82,82,82,31,82,82,82,82,82,82,82,82,82,82,76,76,76,76,76,76,76,82,82,82,82,82,82,82,80,80,80,71,71,71,71,71,82,68],"gold":87,"neow_bonus":"BOSS_RELIC","is_prod":false,"is_daily":false,"chose_seed":false,"campfire_upgraded":4,"win_rate":0,"timestamp":1533692276,"path_taken":["M","M","M","M","?","E","M","R","T","E","?","$","M","M","R","BOSS","M","?","M","$","?","R","E","R","T","E","?","?","M","E","R","BOSS","M","$","?","M","?","E","M","E","T","?","M","$","M","?","R","BOSS"],"build_version":"2018-08-02","purchased_purges":3,"victory":true,"max_hp_per_floor":[75,75,75,75,75,75,75,75,75,75,75,82,82,82,82,82,82,82,82,82,82,82,82,82,82,82,82,82,82,82,82,82,82,82,82,82,82,82,82,82,82,82,82,82,82,82,82,82,82,82],"card_choices":[{"not_picked":["Rip and Tear","Gash"],"picked":"Double Energy","floor":1.0},{"not_picked":["Beam Cell","Steam"],"picked":"Auto Shields","floor":2.0},{"not_picked":["Rip and Tear","Scrape"],"picked":"Go for the Eyes","floor":3.0},{"not_picked":["Hologram","Rebound"],"picked":"Leap","floor":4.0},{"not_picked":["Coolheaded","Storm"],"picked":"Beam Cell","floor":6.0},{"not_picked":["Reinforced Body","Leap"],"picked":"Recycle","floor":7.0},{"not_picked":["Blizzard","Stack+1"],"picked":"Chill+1","floor":10.0},{"not_picked":["Stack+1","Rebound"],"picked":"Reinforced Body+1","floor":13.0},{"not_picked":["Rip and Tear","Compile Driver"],"picked":"Redo+1","floor":14.0},{"not_picked":["Amplify+1","Thunder Strike"],"picked":"All For One","floor":16.0},{"not_picked":["Coolheaded+1","Melter"],"picked":"Reprogram+1","floor":18.0},{"not_picked":["Leap+1","Beam Cell"],"picked":"BootSequence+1","floor":20.0},{"not_picked":["Turbo+1","Reprogram+1","Blizzard+1"],"picked":"SKIP","floor":24.0},{"not_picked":["Stack+1","Cold Snap"],"picked":"Rebound","floor":27.0},{"not_picked":["Compile Driver+1","Cold Snap"],"picked":"Redo+1","floor":30.0},{"not_picked":["Leap+1","Reboot+1"],"picked":"Gash","floor":31.0},{"not_picked":["Creative AI","Hyperbeam"],"picked":"All For One","floor":33.0},{"not_picked":["Capacitor","Scrape+1"],"picked":"Redo+1","floor":35.0},{"not_picked":["Double Energy+1","Sweeping Beam"],"picked":"Scrape","floor":38.0},{"not_picked":["Sunder+1","Compile Driver+1"],"picked":"Rebound","floor":39.0},{"not_picked":["Streamline","Seek+1","Thunder Strike"],"picked":"SKIP","floor":40.0},{"not_picked":["Self Repair+1","Blizzard+1"],"picked":"Melter+1","floor":41.0},{"not_picked":["Compile Driver","Fission+1"],"picked":"Cold Snap+1","floor":42.0},{"not_picked":["Streamline+1","Hologram+1"],"picked":"Gash","floor":44.0},{"not_picked":["Reinforced Body+1","Steam+1","Barrage"],"picked":"SKIP","floor":45.0},{"not_picked":["Turbo+1","Stack+1","Amplify+1"],"picked":"SKIP","floor":47.0},{"not_picked":["Chill+1","Barrage","Hello World+1"],"picked":"SKIP","floor":48.0}],"player_experience":168091,"relics_obtained":[{"floor":6.0,"key":"Thread and Needle"},{"floor":9.0,"key":"Toxic Egg 2"},{"floor":10.0,"key":"Meat on the Bone"},{"floor":22.0,"key":"Orichalcum"},{"floor":24.0,"key":"Ginger"},{"floor":26.0,"key":"Boot"},{"floor":27.0,"key":"Cables"},{"floor":31.0,"key":"MawBank"},{"floor":39.0,"key":"Nunchaku"},{"floor":40.0,"key":"Smiling Mask"},{"floor":42.0,"key":"Potion Belt"},{"floor":43.0,"key":"Bronze Scales"}],"event_choices":[{"event_name":"The Cleric","player_choice":"Card Removal","floor":5.0,"damage_taken":0.0},{"event_name":"Golden Shrine","player_choice":"Desecrate","floor":11.0,"damage_taken":0.0},{"event_name":"Addict","player_choice":"Obtained Relic","floor":19.0,"damage_taken":0.0},{"event_name":"N\u0027loth","player_choice":"Traded a Meat on the Bone","floor":28.0,"damage_taken":0.0},{"event_name":"Beggar","player_choice":"Ignored","floor":29.0,"damage_taken":0.0},{"event_name":"Tomb of Lord Red Mask","player_choice":"Paid","floor":37.0,"damage_taken":0.0},{"event_name":"MindBloom","player_choice":"Fight","floor":39.0,"damage_taken":0.0}],"is_beta":false,"boss_relics":[{"not_picked":["White Beast Statue","Coffee Dripper"],"picked":"Cursed Key"},{"not_picked":["Lizard Tail","Eternal Feather"],"picked":"Fusion Hammer"}],"items_purged_floors":[12,36,46],"is_endless":false,"potions_floor_spawned":[1,10,14,16,18,24,27,30,38,39,40,42,44],"ascension_level":2}