{"gold_per_floor":[110,110,129,143,163,163,183,201,228,228,3,31,31,42,42,143,143,162,172,172,185,105,105,19,32,59,74,74],"floor_reached":28,"playtime":1672,"items_purged":["Strike_G"],"score":291,"play_id":"26ff3cca-7a9d-4c44-9227-5863e4716306","local_time":"20190424184201","is_ascension_mode":true,"campfire_choices":[{"data":"Survivor","floor":6,"key":"SMITH"},{"data":"Infinite Blades","floor":10,"key":"SMITH"},{"floor":15,"key":"REST"},{"floor":23,"key":"REST"}],"neow_cost":"NONE","seed_source_timestamp":523240544709705,"circlet_count":0,"master_deck":["Defend_G+1","Defend_G+1","Defend_G+1","Defend_G+1","Defend_G+1","Strike_G+1","Strike_G+1","Strike_G+1","Strike_G+1","Survivor+1","Neutralize","Infinite Blades+1","A Thousand Cuts","Infinite Blades","Prepared","Noxious Fumes","Backstab","All Out Attack","Blade Dance","Grand Finale","Leg Sweep","Noxious Fumes","Footwork","Backflip","Blur"],"relics":["Ring of the Snake","Boot","Pen Nib","Ginger","FaceOfCleric","Black Star","Art of War"],"potions_floor_usage":[5,8,25],"damage_taken":[{"damage":0,"enemies":"Small Slimes","floor":1,"turns":3},{"damage":1,"enemies":"Cultist","floor":3,"turns":4},{"damage":1,"enemies":"2 Louse","floor":4,"turns":4},{"damage":12,"enemies":"Exordium Thugs","floor":5,"turns":5},{"damage":2,"enemies":"2 Fungi Beasts","floor":7,"turns":4},{"damage":11,"enemies":"Lots of Slimes","floor":8,"turns":5},{"damage":10,"enemies":"3 Sentries","floor":12,"turns":7},{"damage":11,"enemies":"Exordium Thugs","floor":14,"turns":3},{"damage":8,"enemies":"Slime Boss","floor":16,"turns":7},{"damage":14,"enemies":"3 Byrds","floor":18,"turns":5},{"damage":25,"enemies":"2 Thieves","floor":19,"turns":4},{"damage":20,"enemies":"Shelled Parasite and Fungi","floor":21,"turns":8},{"damage":7,"enemies":"Centurion and Healer","floor":25,"turns":10},{"damage":14,"enemies":"Snecko","floor":27,"turns":7},{"damage":9,"enemies":"Gremlin Leader","floor":28,"turns":5}],"seed_played":"1916926489983941069","potions_obtained":[{"floor":1,"key":"EssenceOfSteel"},{"floor":3,"key":"SteroidPotion"},{"floor":16,"key":"Explosive Potion"},{"floor":19,"key":"Block Potion"},{"floor":25,"key":"Ancient Potion"}],"is_trial":false,"path_per_floor":["M","?","M","M","M","R","M","M","T","R","$","E","?","M","R","B",null,"M","M","?","M","$","R","$","M","T","M","E"],"character_chosen":"THE_SILENT","items_purchased":["Noxious Fumes","Backstab","Noxious Fumes","Footwork","Backflip"],"campfire_rested":2,"item_purchase_floors":[11,11,22,24,24],"current_hp_per_floor":[63,63,62,61,49,49,47,36,36,36,36,26,26,16,37,30,62,49,25,25,6,6,28,28,22,22,9,0],"gold":74,"neow_bonus":"RANDOM_COMMON_RELIC","is_prod":false,"is_daily":false,"chose_seed":false,"campfire_upgraded":2,"win_rate":0,"timestamp":1556127721,"path_taken":["M","?","?","M","M","R","M","M","T","R","$","E","?","M","R","BOSS","M","M","?","M","$","R","$","M","T","M","E"],"build_version":"2019-01-23","purchased_purges":1,"victory":false,"max_hp_per_floor":[70,70,70,70,70,70,70,70,70,70,70,70,70,71,71,72,72,73,74,74,75,75,75,75,76,76,77,77],"card_choices":[{"not_picked":["Endless Agony","Dodge and Roll"],"picked":"Infinite Blades","floor":1},{"not_picked":["Sucker Punch","Dodge and Roll"],"picked":"Infinite Blades","floor":3},{"not_picked":["Quick Slash","Masterful Stab","Dodge and Roll"],"picked":"SKIP","floor":4},{"not_picked":["Quick Slash","Endless Agony"],"picked":"Prepared","floor":5},{"not_picked":["Outmaneuver","Quick Slash","PiercingWail"],"picked":"SKIP","floor":7},{"not_picked":["Dodge and Roll","Escape Plan","Dagger Spray"],"picked":"SKIP","floor":8},{"not_picked":["Sucker Punch","Bane"],"picked":"All Out Attack","floor":12},{"not_picked":["Setup","Outmaneuver"],"picked":"Blade Dance","floor":14},{"not_picked":["Burst","After Image"],"picked":"Grand Finale","floor":16},{"not_picked":["Acrobatics","Expertise","Slice"],"picked":"SKIP","floor":18},{"not_picked":["Dodge and Roll","Sucker Punch"],"picked":"Leg Sweep","floor":19},{"not_picked":["Deflect","Skewer+1","Blade Dance"],"picked":"SKIP","floor":21},{"not_picked":["Riddle With Holes","Underhanded Strike","Quick Slash+1"],"picked":"SKIP","floor":25},{"not_picked":["Dodge and Roll","Prepared+1"],"picked":"Blur","floor":27}],"player_experience":533752,"relics_obtained":[{"floor":9,"key":"Pen Nib"},{"floor":12,"key":"Ginger"},{"floor":26,"key":"Art of War"}],"event_choices":[{"damage_healed":0,"gold_gain":0,"player_choice":"1 cards matched","damage_taken":0,"max_hp_gain":0,"max_hp_loss":0,"event_name":"Match and Keep!","floor":2,"gold_loss":0,"cards_obtained":["A Thousand Cuts"]},{"damage_healed":0,"gold_gain":0,"player_choice":"Trade","damage_taken":0,"relics_obtained":["FaceOfCleric"],"max_hp_gain":0,"max_hp_loss":0,"event_name":"FaceTrader","floor":13,"gold_loss":0},{"damage_healed":0,"gold_gain":0,"player_choice":"Simplicity","damage_taken":0,"max_hp_gain":0,"max_hp_loss":0,"event_name":"Back to Basics","floor":20,"gold_loss":0,"cards_upgraded":["Defend_G","Defend_G","Defend_G","Defend_G","Defend_G","Strike_G","Strike_G","Strike_G","Strike_G"]}],"is_beta":false,"boss_relics":[{"not_picked":["HoveringKite","Fusion Hammer"],"picked":"Black Star"}],"items_purged_floors":[11],"is_endless":false,"potions_floor_spawned":[1,3,16,19,25],"killed_by":"Gremlin Leader","ascension_level":6}