{"gold_per_floor":[122,134,146,179,214,226,277,289,301,327,353,365,393,420,432,564,576,604,115,156,175,200,200,11,42,42,82,95,220,220,220,220,320,320,335,351,351,371,371,396,396,429,452,478,478,505,525,165,165,165],"floor_reached":51,"playtime":4274,"items_purged":["Injury"],"score":1104,"play_id":"8c56d078-55fc-42c6-a756-86deefdf27e0","local_time":"20190423153736","is_ascension_mode":true,"campfire_choices":[{"data":"Neutralize","floor":6,"key":"SMITH"},{"floor":8,"key":"REST"},{"floor":12,"key":"REST"},{"floor":15,"key":"REST"},{"floor":23,"key":"REST"},{"floor":30,"key":"REST"},{"floor":32,"key":"REST"},{"data":"Infinite Blades","floor":41,"key":"SMITH"},{"floor":45,"key":"REST"},{"floor":49,"key":"REST"}],"neow_cost":"NONE","seed_source_timestamp":492489877532303,"circlet_count":0,"master_deck":["Survivor","Neutralize+1","Caltrops","Dagger Throw","Backflip","Dagger Spray","Quick Slash","Predator","Venomology","Die Die Die","Corpse Explosion","Concentrate","Outmaneuver","Crippling Poison","Deadly Poison","Footwork","Choke","Quick Slash","Bullet Time","Footwork","Streamline","Infinite Blades+1","Die Die Die","Hologram+1","BootSequence","Amplify","Doubt","Body Slam+1","Decay","Buffer","Madness+1","True Grit+1","Noxious Fumes","Deadly Poison"],"relics":["Ring of the Snake","MawBank","Bloody Idol","Shuriken","Orichalcum","Pandora\u0027s Box","PrismaticShard","Omamori","Red Mask","Blood Vial","Tingsha","Mummified Hand","Anchor","StoneCalendar","Darkstone Periapt","Calling Bell","Bronze Scales","Ninja Scroll","Thread and Needle","Vajra","Sundial","Bag of Marbles","Molten Egg 2","The Specimen","OrangePellets"],"potions_floor_usage":[7,16,18,18,25,25,27,28,29,29,33,33,33,33,36,38,38,40,42,42,46,46,46,46,50,50,50],"damage_taken":[{"damage":2,"enemies":"2 Louse","floor":1,"turns":4},{"damage":11,"enemies":"Jaw Worm","floor":4,"turns":5},{"damage":0,"enemies":"Cultist","floor":5,"turns":3},{"damage":29,"enemies":"Lagavulin","floor":7,"turns":7},{"damage":0,"enemies":"Blue Slaver","floor":10,"turns":5},{"damage":26,"enemies":"Exordium Thugs","floor":11,"turns":8},{"damage":0,"enemies":"Exordium Wildlife","floor":13,"turns":3},{"damage":9,"enemies":"Red Slaver","floor":14,"turns":3},{"damage":39,"enemies":"The Guardian","floor":16,"turns":10},{"damage":19,"enemies":"Spheric Guardian","floor":18,"turns":4},{"damage":0,"enemies":"Masked Bandits","floor":20,"turns":1},{"damage":6,"enemies":"Chosen","floor":21,"turns":4},{"damage":0,"enemies":"Slavers","floor":25,"turns":2},{"damage":14,"enemies":"Gremlin Leader","floor":27,"turns":5},{"damage":0,"enemies":"Centurion and Healer","floor":28,"turns":4},{"damage":3,"enemies":"Colosseum Slavers","floor":29,"turns":3},{"damage":22,"enemies":"Colosseum Nobs","floor":29,"turns":4},{"damage":30,"enemies":"Champ","floor":33,"turns":8},{"damage":25,"enemies":"3 Darklings","floor":35,"turns":4},{"damage":1,"enemies":"Orb Walker","floor":36,"turns":3},{"damage":0,"enemies":"3 Darklings","floor":38,"turns":3},{"damage":23,"enemies":"Reptomancer","floor":40,"turns":5},{"damage":25,"enemies":"Nemesis","floor":42,"turns":7},{"damage":35,"enemies":"Giant Head","floor":44,"turns":7},{"damage":21,"enemies":"Nemesis","floor":46,"turns":5},{"damage":23,"enemies":"Writhing Mass","floor":47,"turns":5},{"damage":39,"enemies":"Donu and Deca","floor":50,"turns":5}],"seed_played":"-2471287144411415143","potions_obtained":[{"floor":4,"key":"Poison Potion"},{"floor":11,"key":"Dexterity Potion"},{"floor":13,"key":"GamblersBrew"},{"floor":21,"key":"Energy Potion"},{"floor":25,"key":"Energy Potion"},{"floor":29,"key":"Strength Potion"},{"floor":33,"key":"GamblersBrew"},{"floor":40,"key":"Explosive Potion"},{"floor":42,"key":"Fruit Juice"},{"floor":47,"key":"Weak Potion"}],"is_trial":false,"path_per_floor":["M","?","?","M","M","R","E","R","T","M","M","R","M","M","R","B",null,"M","$","?","M","T","R","$","E","T","E","M","?","R","?","R","B",null,"M","M","?","M","?","E","R","E","T","E","R","E","M","$","R","B",null],"character_chosen":"THE_SILENT","items_purchased":["PrismaticShard","Omamori","Footwork","Infinite Blades","Die Die Die","OrangePellets","Noxious Fumes","Deadly Poison","Dexterity Potion"],"campfire_rested":8,"item_purchase_floors":[19,19,19,24,24,48,48,48,48],"current_hp_per_floor":[68,61,61,50,50,50,21,42,42,42,16,37,37,28,49,10,55,36,36,36,30,30,51,51,53,53,41,43,22,43,43,64,41,69,51,66,72,79,79,63,63,50,55,27,53,39,23,23,49,12],"gold":165,"neow_bonus":"RANDOM_COMMON_RELIC","is_prod":false,"is_daily":false,"chose_seed":false,"campfire_upgraded":2,"win_rate":0,"timestamp":1556030256,"path_taken":["M","?","?","M","M","R","E","R","T","?","?","R","M","M","R","BOSS","M","$","?","M","?","R","?","E","T","E","?","?","R","?","R","BOSS","M","M","?","?","?","E","R","E","T","E","R","E","M","$","R","BOSS"],"build_version":"2019-01-23","purchased_purges":1,"victory":true,"max_hp_per_floor":[70,70,70,70,70,70,70,70,70,70,70,70,70,70,70,70,70,70,70,70,70,70,70,70,70,70,70,70,70,70,70,70,70,76,76,76,82,82,82,82,82,87,87,87,87,87,87,87,87,87],"card_choices":[{"not_picked":["Quick Slash","PiercingWail"],"picked":"Caltrops","floor":1},{"not_picked":["Dagger Spray","Tactician"],"picked":"Dagger Throw","floor":4},{"not_picked":["Flying Knee","Malaise"],"picked":"Backflip","floor":5},{"not_picked":["Dagger Spray","Catalyst","Bane"],"picked":"SKIP","floor":7},{"not_picked":["Heel Hook","Acrobatics"],"picked":"Dagger Spray","floor":10},{"not_picked":["Backflip","Prepared"],"picked":"Quick Slash","floor":11},{"not_picked":["Sucker Punch","Dodge and Roll"],"picked":"Predator","floor":13},{"not_picked":["Masterful Stab","Finisher"],"picked":"Venomology","floor":14},{"not_picked":["Storm of Steel","Grand Finale"],"picked":"Die Die Die","floor":16},{"not_picked":["Slice","Distraction","Bane"],"picked":"SKIP","floor":18},{"not_picked":["Dark Shackles+1","Madness"],"picked":"Streamline","floor":21},{"not_picked":["Doom and Gloom","Heavy Blade"],"picked":"Hologram+1","floor":25},{"not_picked":["Intimidate","Pommel Strike","Fusion"],"picked":"SKIP","floor":27},{"not_picked":["Rebound","Havoc","Slice"],"picked":"SKIP","floor":28},{"not_picked":["Flex","Quick Slash+1"],"picked":"BootSequence","floor":29},{"not_picked":["Berserk","Adrenaline"],"picked":"Amplify","floor":33},{"not_picked":["Bane","Streamline+1"],"picked":"Body Slam+1","floor":35},{"not_picked":["PiercingWail","Beam Cell","Sever Soul"],"picked":"SKIP","floor":36},{"not_picked":["Sweeping Beam","Bandage Up"],"picked":"Buffer","floor":38},{"not_picked":["Dark Shackles+1","Cleave","Quick Slash+1"],"picked":"SKIP","floor":40},{"not_picked":["Sucker Punch+1","Flying Knee","Streamline"],"picked":"SKIP","floor":42},{"not_picked":["Defragment","Deflect"],"picked":"Madness+1","floor":44},{"not_picked":["Slice+1","Clash+1"],"picked":"True Grit+1","floor":46},{"not_picked":["Capacitor","Glacier","Coolheaded+1"],"picked":"SKIP","floor":47}],"player_experience":523677,"relics_obtained":[{"floor":7,"key":"Shuriken"},{"floor":9,"key":"Orichalcum"},{"floor":20,"key":"Red Mask"},{"floor":22,"key":"Blood Vial"},{"floor":25,"key":"Tingsha"},{"floor":26,"key":"Mummified Hand"},{"floor":27,"key":"Anchor"},{"floor":29,"key":"StoneCalendar"},{"floor":29,"key":"Darkstone Periapt"},{"floor":34,"key":"Bronze Scales"},{"floor":34,"key":"Ninja Scroll"},{"floor":34,"key":"Thread and Needle"},{"floor":40,"key":"Vajra"},{"floor":42,"key":"Sundial"},{"floor":43,"key":"Bag of Marbles"},{"floor":44,"key":"Molten Egg 2"},{"floor":46,"key":"The Specimen"}],"event_choices":[{"cards_removed":["Defend_G"],"damage_healed":0,"gold_gain":0,"player_choice":"Card Removal","damage_taken":7,"max_hp_gain":0,"max_hp_loss":0,"event_name":"Golden Wing","floor":2,"gold_loss":0},{"damage_healed":0,"gold_gain":0,"player_choice":"Take Wound","damage_taken":0,"relics_obtained":["Golden Idol"],"max_hp_gain":0,"max_hp_loss":0,"event_name":"Golden Idol","floor":3,"gold_loss":0,"cards_obtained":["Injury"]},{"damage_healed":0,"gold_gain":0,"player_choice":"Fought Bandits","damage_taken":0,"max_hp_gain":0,"max_hp_loss":0,"event_name":"Masked Bandits","floor":20,"gold_loss":0},{"damage_healed":0,"gold_gain":0,"player_choice":"Fight","damage_taken":0,"max_hp_gain":0,"max_hp_loss":0,"event_name":"Colosseum","floor":29,"gold_loss":0},{"damage_healed":0,"gold_gain":0,"player_choice":"Fought Nobs","damage_taken":0,"max_hp_gain":0,"max_hp_loss":0,"event_name":"Colosseum","floor":29,"gold_loss":0},{"damage_healed":0,"gold_gain":0,"player_choice":"Gave Idol","damage_taken":0,"relics_obtained":["Bloody Idol"],"max_hp_gain":0,"max_hp_loss":0,"event_name":"Forgotten Altar","floor":31,"relics_lost":["Golden Idol"],"gold_loss":0},{"damage_healed":0,"gold_gain":0,"player_choice":"Cursed","damage_taken":0,"max_hp_gain":0,"max_hp_loss":0,"event_name":"Wheel of Change","floor":37,"gold_loss":0,"cards_obtained":["Decay"]},{"damage_healed":0,"gold_gain":0,"player_choice":"Memory 1","damage_taken":0,"max_hp_gain":0,"max_hp_loss":0,"event_name":"SensoryStone","floor":39,"gold_loss":0}],"is_beta":false,"boss_relics":[{"not_picked":["Empty Cage","Fusion Hammer"],"picked":"Pandora\u0027s Box"},{"not_picked":["Snecko Eye","Sozu"],"picked":"Calling Bell"}],"items_purged_floors":[19],"is_endless":false,"potions_floor_spawned":[4,11,13,21,25,29,33,36,40,42,47],"ascension_level":5}