{"gold_per_floor":[361,361,381,95,95,95,111,111,163,163,182,217,51,84,84,161,161,177,177,190,210,44,74,136,148,160,172,200,212,251,297,309,395,407,438,119,1118,1128,972,972,1003,1003,1072,1072,1072,224,259,259,259,259,259,259,259,30,60,60],"floor_reached":56,"playtime":4550,"items_purged":["Strike_B","Normality","Normality","Strike_B"],"score":2065,"play_id":"538d8f77-de29-478c-bfcf-a3afa4938181","local_time":"20190426214216","is_ascension_mode":true,"campfire_choices":[{"data":"Sunder","floor":6.0,"key":"SMITH"},{"data":"Defragment","floor":8.0,"key":"SMITH"},{"floor":10.0,"key":"REST"},{"data":"Undo","floor":15.0,"key":"SMITH"},{"data":"Buffer","floor":25.0,"key":"SMITH"},{"data":"Hologram","floor":27.0,"key":"SMITH"},{"floor":29.0,"key":"REST"},{"data":"Rainbow","floor":32.0,"key":"SMITH"},{"floor":40.0,"key":"RECALL"},{"data":"Force Field","floor":42.0,"key":"SMITH"},{"data":"Static Discharge","floor":44.0,"key":"SMITH"},{"data":"Stack","floor":45.0,"key":"SMITH"},{"floor":49.0,"key":"REST"},{"floor":53.0,"key":"REST"}],"neow_cost":"CURSE","seed_source_timestamp":0,"circlet_count":0,"master_deck":["AscendersBane","Strike_B","Strike_B","Defend_B","Defend_B","Defend_B","Defend_B","Zap","Dualcast","Stack","Rainbow","Defragment+1","Undo+1","Go for the Eyes+1","Sunder+1","Turbo","Stack","Rainbow+1","Stack+1","Hologram+1","Tempest","Force Field+1","Static Discharge+1","Buffer+1","Compile Driver","Coolheaded","Creative AI","Sunder+1","Stack","Recycle+1","Creative AI","Hologram+1","Hologram+1"],"special_seed":0,"relics":["Cracked Core","Centennial Puzzle","Gremlin Horn","Anchor","Whetstone","Snecko Eye","MawBank","WingedGreaves","Red Mask","Nuclear Battery","Happy Flower","Pen Nib","Bottled Tornado","Mercury Hourglass","Bronze Scales","Torii","DollysMirror","Du-Vu Doll","Oddly Smooth Stone"],"potions_floor_usage":[56,56],"damage_taken":[{"damage":13.0,"enemies":"Small Slimes","floor":1.0,"turns":3.0},{"damage":7.0,"enemies":"Jaw Worm","floor":3.0,"turns":3.0},{"damage":1.0,"enemies":"Cultist","floor":7.0,"turns":3.0},{"damage":6.0,"enemies":"Looter","floor":11.0,"turns":2.0},{"damage":17.0,"enemies":"Lagavulin","floor":12.0,"turns":6.0},{"damage":18.0,"enemies":"Gremlin Nob","floor":14.0,"turns":4.0},{"damage":6.0,"enemies":"The Guardian","floor":16.0,"turns":11.0},{"damage":0.0,"enemies":"Spheric Guardian","floor":18.0,"turns":3.0},{"damage":10.0,"enemies":"Chosen","floor":20.0,"turns":3.0},{"damage":0.0,"enemies":"Centurion and Healer","floor":21.0,"turns":7.0},{"damage":10.0,"enemies":"Book of Stabbing","floor":23.0,"turns":5.0},{"damage":0.0,"enemies":"Sentry and Sphere","floor":28.0,"turns":5.0},{"damage":0.0,"enemies":"Gremlin Leader","floor":30.0,"turns":6.0},{"damage":0.0,"enemies":"Masked Bandits","floor":31.0,"turns":2.0},{"damage":0.0,"enemies":"Automaton","floor":33.0,"turns":10.0},{"damage":0.0,"enemies":"3 Shapes","floor":35.0,"turns":3.0},{"damage":0.0,"enemies":"3 Darklings","floor":38.0,"turns":3.0},{"damage":16.0,"enemies":"Reptomancer","floor":41.0,"turns":9.0},{"damage":20.0,"enemies":"Giant Head","floor":47.0,"turns":8.0},{"damage":25.0,"enemies":"Time Eater","floor":50.0,"turns":7.0},{"damage":14.0,"enemies":"Donu and Deca","floor":51.0,"turns":11.0},{"damage":59.0,"enemies":"Shield and Spear","floor":55.0,"turns":5.0},{"damage":12,"enemies":"The Heart","floor":56,"turns":2}],"seed_played":"-1783648026661523361","potions_obtained":[{"floor":1.0,"key":"FearPotion"},{"floor":7.0,"key":"SpeedPotion"},{"floor":12.0,"key":"Dexterity Potion"},{"floor":16.0,"key":"LiquidBronze"},{"floor":23.0,"key":"Fire Potion"},{"floor":41.0,"key":"Ancient Potion"}],"is_trial":false,"path_per_floor":["M","?","M","$","?","R","M","R","T","R","M","E","$","E","R","B",null,"M","?","M","M","$","E","?","R","T","R","M","R","E","?","R","B",null,"M","$","?","M","$","R","E","R","T","R","R","$","E","?","R","B","B",null,"R","$","E","B"],"character_chosen":"DEFECT","items_purchased":["Sunder","Defragment","Undo","Anchor","Force Field","Static Discharge","Happy Flower","Pen Nib","Stack","Bronze Scales","Torii","DollysMirror","LiquidBronze"],"campfire_rested":4,"item_purchase_floors":[4,4,4,13,22,22,36,36,39,46,46,46,54],"current_hp_per_floor":[51,51,44,44,44,44,43,43,43,64,58,41,41,23,23,17,58,58,51,41,41,41,31,31,31,31,31,31,52,52,52,52,52,66,66,66,66,66,66,66,50,50,50,50,50,50,30,30,51,26,12,56,71,71,12,0],"gold":60,"neow_bonus":"TWO_FIFTY_GOLD","is_prod":false,"is_daily":false,"chose_seed":false,"campfire_upgraded":9,"win_rate":0,"timestamp":1556332936,"path_taken":["M","?","M","$","?","R","M","R","T","R","M","E","$","E","R","BOSS","M","?","M","M","?","E","?","R","T","R","M","R","E","?","R","BOSS","M","$","?","M","$","R","E","R","T","R","R","$","E","?","R","BOSS","BOSS","R","$","E","BOSS"],"build_version":"2019-01-23","purchased_purges":4,"victory":false,"max_hp_per_floor":[71,71,71,71,71,71,71,71,71,71,71,71,71,71,71,71,71,71,71,71,71,71,71,71,71,71,71,71,71,71,71,71,71,71,71,71,71,71,71,71,71,71,71,71,71,71,71,71,71,71,71,71,71,71,71,71],"card_choices":[{"not_picked":["Beam Cell","Conserve Battery"],"picked":"Stack","floor":1.0},{"not_picked":["Ball Lightning","Coolheaded"],"picked":"Rainbow","floor":3.0},{"not_picked":["Redo","Scrape"],"picked":"Go for the Eyes","floor":7.0},{"not_picked":["Streamline","Rebound"],"picked":"Sunder","floor":11.0},{"not_picked":["Coolheaded","Hologram"],"picked":"Turbo","floor":12.0},{"not_picked":["Storm","Ball Lightning"],"picked":"Stack","floor":14.0},{"not_picked":["Multi-Cast","Meteor Strike"],"picked":"Rainbow","floor":16.0},{"not_picked":["Melter","Beam Cell"],"picked":"Stack","floor":18.0},{"not_picked":["Streamline","Rebound"],"picked":"Hologram","floor":20.0},{"not_picked":["Redo","Gash"],"picked":"Tempest","floor":21.0},{"not_picked":["Sweeping Beam","Double Energy+1"],"picked":"Buffer","floor":23.0},{"not_picked":["Heatsinks","Skim"],"picked":"Compile Driver","floor":28.0},{"not_picked":["Darkness","Lockon"],"picked":"Coolheaded","floor":30.0},{"not_picked":["Buffer","Thunder Strike"],"picked":"Creative AI","floor":33.0},{"not_picked":["Turbo+1","Sweeping Beam"],"picked":"Sunder+1","floor":35.0},{"not_picked":["Redo","Rebound+1","Steam"],"picked":"SKIP","floor":38.0},{"not_picked":["Compile Driver","Aggregate"],"picked":"Recycle+1","floor":41.0},{"not_picked":["Consume","Conserve Battery"],"picked":"Hologram+1","floor":47.0},{"not_picked":["Consume","Coolheaded"],"picked":"Hologram+1","floor":55.0}],"player_experience":1085968,"relics_obtained":[{"floor":9.0,"key":"Centennial Puzzle"},{"floor":12.0,"key":"Gremlin Horn"},{"floor":14.0,"key":"Whetstone"},{"floor":23.0,"key":"MawBank"},{"floor":30.0,"key":"WingedGreaves"},{"floor":31.0,"key":"Red Mask"},{"floor":41.0,"key":"Bottled Tornado"},{"floor":43.0,"key":"Mercury Hourglass"},{"floor":47.0,"key":"Du-Vu Doll"},{"floor":55.0,"key":"Oddly Smooth Stone"}],"event_choices":[{"cards_removed":["Writhe"],"damage_healed":0.0,"max_hp_gain":0.0,"max_hp_loss":0.0,"gold_gain":0.0,"event_name":"Living Wall","player_choice":"Forget","floor":2.0,"gold_loss":0.0,"damage_taken":0.0},{"damage_healed":0.0,"max_hp_gain":0.0,"max_hp_loss":0.0,"gold_gain":0.0,"event_name":"Liars Game","player_choice":"Ignored","floor":5.0,"gold_loss":0.0,"damage_taken":0.0},{"damage_healed":0.0,"max_hp_gain":0.0,"max_hp_loss":0.0,"gold_gain":0.0,"event_name":"Knowing Skull","player_choice":"","floor":19.0,"potions_obtained":[],"gold_loss":0.0,"damage_taken":7.0,"cards_obtained":[]},{"damage_healed":0.0,"max_hp_gain":0.0,"max_hp_loss":0.0,"gold_gain":50.0,"event_name":"Nest","player_choice":"Stole From Cult","floor":24.0,"gold_loss":0.0,"damage_taken":0.0},{"damage_healed":0.0,"max_hp_gain":0.0,"max_hp_loss":0.0,"gold_gain":0.0,"event_name":"Masked Bandits","player_choice":"Fought Bandits","floor":31.0,"gold_loss":0.0,"damage_taken":0.0},{"damage_healed":0.0,"max_hp_gain":0.0,"max_hp_loss":0.0,"gold_gain":999.0,"event_name":"MindBloom","player_choice":"Gold","floor":37.0,"gold_loss":0.0,"damage_taken":0.0,"cards_obtained":["Normality","Normality"]},{"cards_removed":["Sunder"],"damage_healed":0.0,"max_hp_gain":0.0,"max_hp_loss":0.0,"gold_gain":0.0,"event_name":"Falling","player_choice":"Removed Attack","floor":48.0,"gold_loss":0.0,"damage_taken":0.0}],"is_beta":false,"boss_relics":[{"not_picked":["Ectoplasm","Velvet Choker"],"picked":"Snecko Eye"},{"not_picked":["Coffee Dripper","Astrolabe"],"picked":"Nuclear Battery"}],"items_purged_floors":[4,39,46,54],"is_endless":false,"potions_floor_spawned":[1,7,12,16,18,23,30,33,41],"killed_by":"The Heart","ascension_level":20}