{"gold_per_floor":[128,154,166,192,129,168,196,219,231,243,266,292,304,341,353,440,452,481,148,168,168,168,201,201,235,235,269,283,303,321,331,331,406,406,418,398,133,186,286,320,320,354,378,408,408,421,421,455,455,455,455,455,455,40,65,65],"floor_reached":57,"playtime":3792,"items_purged":["Strike_R"],"score":3030,"play_id":"17a6f367-13c7-47a1-9ab1-9ff26c48af99","local_time":"20190320152213","is_ascension_mode":true,"campfire_choices":[{"data":"Bash","floor":10.0,"key":"SMITH"},{"data":"Metallicize","floor":13.0,"key":"SMITH"},{"data":"Inflame","floor":15.0,"key":"SMITH"},{"floor":24.0,"key":"RECALL"},{"floor":32.0,"key":"REST"},{"floor":41.0,"key":"REST"},{"data":"Strike_R+1","floor":45.0,"key":"PURGE"},{"data":"Strike_R+1","floor":49.0,"key":"PURGE"},{"floor":53.0,"key":"REST"}],"neow_cost":"NONE","seed_source_timestamp":593684408353491,"circlet_count":0,"master_deck":["AscendersBane","Strike_R+1","Defend_R+1","Defend_R+1","Defend_R+1","Defend_R+1","Bash+1","Metallicize+1","Anger","Anger","Sword Boomerang","Power Through","Clothesline","Inflame+1","Bludgeon","Iron Wave+1","Apotheosis","Inflame","Flame Barrier","Headbutt","Heavy Blade","Whirlwind","Inflame+1","Uppercut","Inflame+1","Battle Trance+1","Limit Break+1","Disarm","Headbutt","Rage+1","Shockwave+1","Heavy Blade","Limit Break","Double Tap"],"special_seed":0,"relics":["Burning Blood","MawBank","Art of War","Pocketwatch","FossilizedHelix","Fusion Hammer","Frozen Egg 2","Pantograph","Anchor","Oddly Smooth Stone","Velvet Choker","ClockworkSouvenir","Gambling Chip","Peace Pipe","Mercury Hourglass","War Paint","Boot","Pear","Self Forming Clay","Blood Vial"],"potions_floor_usage":[56,56],"damage_taken":[{"damage":4.0,"enemies":"Small Slimes","floor":1.0,"turns":4.0},{"damage":0.0,"enemies":"2 Louse","floor":2.0,"turns":4.0},{"damage":2.0,"enemies":"Jaw Worm","floor":4.0,"turns":3.0},{"damage":26.0,"enemies":"Gremlin Nob","floor":6.0,"turns":4.0},{"damage":8.0,"enemies":"Exordium Thugs","floor":7.0,"turns":4.0},{"damage":12.0,"enemies":"Exordium Wildlife","floor":8.0,"turns":4.0},{"damage":0.0,"enemies":"2 Fungi Beasts","floor":11.0,"turns":3.0},{"damage":21.0,"enemies":"Exordium Thugs","floor":12.0,"turns":5.0},{"damage":12.0,"enemies":"Lagavulin","floor":14.0,"turns":5.0},{"damage":18.0,"enemies":"Hexaghost","floor":16.0,"turns":8.0},{"damage":0.0,"enemies":"Spheric Guardian","floor":18.0,"turns":3.0},{"damage":5.0,"enemies":"Shell Parasite","floor":20.0,"turns":3.0},{"damage":15.0,"enemies":"Slavers","floor":23.0,"turns":6.0},{"damage":0.0,"enemies":"Gremlin Leader","floor":25.0,"turns":5.0},{"damage":53.0,"enemies":"Slavers","floor":27.0,"turns":6.0},{"damage":14.0,"enemies":"Shelled Parasite and Fungi","floor":28.0,"turns":4.0},{"damage":0.0,"enemies":"3 Cultists","floor":29.0,"turns":4.0},{"damage":0.0,"enemies":"Cultist and Chosen","floor":30.0,"turns":5.0},{"damage":0.0,"enemies":"Centurion and Healer","floor":31.0,"turns":4.0},{"damage":49.0,"enemies":"Collector","floor":33.0,"turns":8.0},{"damage":11.0,"enemies":"3 Darklings","floor":35.0,"turns":4.0},{"damage":3.0,"enemies":"Mind Bloom Boss Battle","floor":39.0,"turns":6.0},{"damage":33.0,"enemies":"Reptomancer","floor":40.0,"turns":7.0},{"damage":0.0,"enemies":"Nemesis","floor":42.0,"turns":5.0},{"damage":16.0,"enemies":"Reptomancer","floor":44.0,"turns":5.0},{"damage":0.0,"enemies":"Orb Walker","floor":46.0,"turns":2.0},{"damage":0.0,"enemies":"Giant Head","floor":48.0,"turns":5.0},{"damage":72.0,"enemies":"Awakened One","floor":50.0,"turns":8.0},{"damage":43.0,"enemies":"Donu and Deca","floor":51.0,"turns":6.0},{"damage":28.0,"enemies":"Shield and Spear","floor":55.0,"turns":5.0},{"damage":83,"enemies":"The Heart","floor":56,"turns":8}],"seed_played":"4449846758169098389","potions_obtained":[{"floor":4.0,"key":"GamblersBrew"},{"floor":7.0,"key":"FearPotion"},{"floor":11.0,"key":"Fire Potion"},{"floor":14.0,"key":"Regen Potion"},{"floor":23.0,"key":"LiquidBronze"},{"floor":27.0,"key":"Energy Potion"},{"floor":28.0,"key":"SpeedPotion"},{"floor":36.0,"key":"EntropicBrew"},{"floor":44.0,"key":"FearPotion"},{"floor":48.0,"key":"EssenceOfSteel"},{"floor":55.0,"key":"EssenceOfSteel"}],"is_trial":false,"path_per_floor":["M","M","?","M","?","E","M","M","T","R","M","M","R","E","R","B",null,"M","$","M","?","?","E","R","E","T","E","M","M","M","M","R","B",null,"M","?","$","T","?","E","R","E","T","E","R","M","?","E","R","B","B",null,"R","$","E","B",null],"character_chosen":"IRONCLAD","items_purchased":["Apotheosis","Inflame","Disarm","ClockworkSouvenir","Limit Break","Self Forming Clay","Strength Potion"],"campfire_rested":3,"item_purchase_floors":[19,19,37,37,54,54,54],"current_hp_per_floor":[70,75,80,80,80,60,58,52,52,52,58,43,43,37,37,25,66,72,72,73,73,73,78,78,80,80,33,25,31,37,43,67,37,69,64,64,64,64,80,53,77,80,80,70,70,76,76,90,90,24,12,71,90,90,68,13],"gold":65,"neow_bonus":"RANDOM_COMMON_RELIC","is_prod":false,"is_daily":false,"chose_seed":false,"campfire_upgraded":3,"win_rate":0,"timestamp":1553113333,"path_taken":["M","M","?","M","?","E","M","M","T","R","M","M","R","E","R","BOSS","M","$","M","?","?","E","R","E","T","E","M","M","M","M","R","BOSS","M","?","?","?","?","E","R","E","T","E","R","M","?","E","R","BOSS","BOSS","R","$","E","BOSS"],"build_version":"2019-01-23","purchased_purges":1,"victory":true,"max_hp_per_floor":[75,75,80,80,80,80,80,80,80,80,80,80,80,80,80,80,80,80,80,80,80,80,80,80,80,80,80,80,80,80,80,80,80,80,80,80,80,80,80,80,80,80,80,80,80,80,80,90,90,90,90,90,90,90,90,90],"card_choices":[{"not_picked":["True Grit","Body Slam"],"picked":"Metallicize","floor":1.0},{"not_picked":["Wild Strike","Headbutt"],"picked":"Anger","floor":2.0},{"not_picked":["Shockwave","Headbutt"],"picked":"Anger","floor":4.0},{"not_picked":["Perfected Strike","Corruption"],"picked":"Sword Boomerang","floor":6.0},{"not_picked":["Warcry","Heavy Blade"],"picked":"Power Through","floor":7.0},{"not_picked":["Flex","Clash","Warcry"],"picked":"SKIP","floor":8.0},{"not_picked":["Body Slam","Bloodletting"],"picked":"Clothesline","floor":11.0},{"not_picked":["Fire Breathing","Clash","Body Slam"],"picked":"SKIP","floor":12.0},{"not_picked":["Searing Blow","Metallicize"],"picked":"Inflame","floor":14.0},{"not_picked":["Double Tap","Juggernaut"],"picked":"Bludgeon","floor":16.0},{"not_picked":["Wild Strike","Combust"],"picked":"Iron Wave+1","floor":18.0},{"not_picked":["Havoc","Whirlwind"],"picked":"Flame Barrier","floor":20.0},{"not_picked":["Rage","Dropkick"],"picked":"Heavy Blade","floor":23.0},{"not_picked":["Carnage","Berserk+1"],"picked":"Whirlwind","floor":25.0},{"not_picked":["Anger","Rampage"],"picked":"Inflame+1","floor":27.0},{"not_picked":["Heavy Blade","Iron Wave"],"picked":"Uppercut","floor":28.0},{"not_picked":["Second Wind","Armaments+1"],"picked":"Inflame+1","floor":29.0},{"not_picked":["Bloodletting","Whirlwind"],"picked":"Battle Trance","floor":30.0},{"not_picked":["Body Slam","Infernal Blade","Whirlwind"],"picked":"SKIP","floor":31.0},{"not_picked":["Dark Embrace+1","Brutality+1"],"picked":"Limit Break","floor":33.0},{"not_picked":["Burning Pact","Clash","Infernal Blade"],"picked":"SKIP","floor":35.0},{"not_picked":["Corruption+1","Sever Soul+1"],"picked":"Headbutt","floor":39.0},{"not_picked":["Fiend Fire","Demon Form+1"],"picked":"Rage+1","floor":40.0},{"not_picked":["Twin Strike","Corruption+1"],"picked":"Shockwave+1","floor":42.0},{"not_picked":["Pommel Strike","Intimidate","Warcry"],"picked":"SKIP","floor":44.0},{"not_picked":["Power Through","True Grit"],"picked":"Heavy Blade","floor":46.0},{"not_picked":["Thunderclap+1","Anger","True Grit"],"picked":"SKIP","floor":48.0},{"not_picked":["Thunderclap+1","Anger","True Grit"],"picked":"SKIP","floor":48.0},{"not_picked":["Wild Strike","Perfected Strike"],"picked":"Double Tap","floor":55.0}],"player_experience":875902,"relics_obtained":[{"floor":6.0,"key":"Art of War"},{"floor":9.0,"key":"Pocketwatch"},{"floor":14.0,"key":"FossilizedHelix"},{"floor":23.0,"key":"Frozen Egg 2"},{"floor":25.0,"key":"Pantograph"},{"floor":26.0,"key":"Anchor"},{"floor":27.0,"key":"Oddly Smooth Stone"},{"floor":39.0,"key":"Gambling Chip"},{"floor":40.0,"key":"Peace Pipe"},{"floor":42.0,"key":"Mercury Hourglass"},{"floor":43.0,"key":"War Paint"},{"floor":44.0,"key":"Boot"},{"floor":48.0,"key":"Pear"},{"floor":55.0,"key":"Blood Vial"}],"event_choices":[{"damage_healed":0.0,"max_hp_gain":5.0,"max_hp_loss":0.0,"gold_gain":0.0,"event_name":"Big Fish","player_choice":"Donut","floor":3.0,"gold_loss":0.0,"damage_taken":0.0},{"cards_removed":["Strike_R"],"damage_healed":0.0,"max_hp_gain":0.0,"max_hp_loss":0.0,"gold_gain":0.0,"event_name":"The Cleric","player_choice":"Card Removal","floor":5.0,"gold_loss":75.0,"damage_taken":0.0},{"damage_healed":0.0,"max_hp_gain":0.0,"max_hp_loss":0.0,"gold_gain":0.0,"event_name":"Back to Basics","player_choice":"Simplicity","floor":21.0,"gold_loss":0.0,"damage_taken":0.0,"cards_upgraded":["Strike_R","Strike_R","Strike_R","Defend_R","Defend_R","Defend_R","Defend_R"]},{"damage_healed":0.0,"max_hp_gain":0.0,"max_hp_loss":0.0,"gold_gain":0.0,"event_name":"The Library","player_choice":"Read","floor":22.0,"gold_loss":0.0,"damage_taken":0.0,"cards_obtained":["Headbutt"]},{"damage_healed":0.0,"max_hp_gain":0.0,"max_hp_loss":0.0,"gold_gain":0.0,"event_name":"The Woman in Blue","player_choice":"Bought 1 Potion","floor":36.0,"gold_loss":0.0,"damage_taken":0.0},{"damage_healed":0.0,"max_hp_gain":0.0,"max_hp_loss":0.0,"gold_gain":0.0,"event_name":"MindBloom","player_choice":"Fight","floor":39.0,"gold_loss":0.0,"damage_taken":0.0},{"damage_healed":0.0,"max_hp_gain":0.0,"max_hp_loss":0.0,"gold_gain":0.0,"event_name":"SecretPortal","player_choice":"Ignored","floor":47.0,"gold_loss":0.0,"damage_taken":0.0}],"is_beta":false,"boss_relics":[{"not_picked":["Lizard Tail","Runic Pyramid"],"picked":"Fusion Hammer"},{"not_picked":["Black Blood","Eternal Feather"],"picked":"Velvet Choker"}],"items_purged_floors":[19],"is_endless":false,"potions_floor_spawned":[4,7,11,12,14,16,23,27,28,29,30,39,44,48,55],"ascension_level":20}