{"gold_per_floor":[112,112,112,122,122,122,152,152,178,213,213,233,198,212,212,314,314,324,341,352,363,374,374,408,408,490,490],"floor_reached":27,"playtime":1546,"items_purged":[],"score":328,"play_id":"28640d17-421b-4b37-a2f6-87a452d3f25c","local_time":"20180918215554","is_ascension_mode":true,"campfire_choices":[{"data":"Venomology","floor":6.0,"key":"SMITH"},{"floor":8.0,"key":"REST"},{"data":"Backflip","floor":15,"key":"SMITH"},{"floor":23,"key":"REST"},{"floor":25,"key":"REST"}],"neow_cost":"NONE","seed_source_timestamp":0,"circlet_count":0,"master_deck":["Defend_G","Defend_G","Defend_G","Defend_G","Strike_G","Strike_G","Strike_G","Survivor","Neutralize","Sucker Punch+1","Dagger Spray","Reflex","Backstab","Venomology+1","PiercingWail","Neutralize","Dagger Spray+1","Predator","Escape Plan","Backflip+1","Envenom","Outmaneuver+1","Distraction+1","Quick Slash+1","Dash","Footwork","Dodge and Roll+1"],"special_seed":0,"relics":["Ring of the Snake","Snake Skull","Whetstone","Orichalcum","Empty Cage","Anchor","Kunai"],"potions_floor_usage":[14,16,16,18,19,20,20,21,21,22,22,24,27],"damage_taken":[{"damage":1.0,"enemies":"Jaw Worm","floor":1.0,"turns":5.0},{"damage":6.0,"enemies":"Small Slimes","floor":4.0,"turns":3.0},{"damage":31.0,"enemies":"3 Sentries","floor":7.0,"turns":10.0},{"damage":32.0,"enemies":"Lagavulin","floor":10.0,"turns":7.0},{"damage":0.0,"enemies":"2 Louse","floor":12.0,"turns":1.0},{"damage":0,"enemies":"Large Slime","floor":14,"turns":5},{"damage":19,"enemies":"Hexaghost","floor":16,"turns":9},{"damage":0,"enemies":"3 Byrds","floor":18,"turns":3},{"damage":7,"enemies":"2 Thieves","floor":19,"turns":4},{"damage":11,"enemies":"Snecko","floor":20,"turns":6},{"damage":22,"enemies":"Shelled Parasite and Fungi","floor":21,"turns":8},{"damage":10,"enemies":"Cultist and Chosen","floor":22,"turns":7},{"damage":14,"enemies":"Slavers","floor":24,"turns":5},{"damage":56,"enemies":"Gremlin Leader","floor":27,"turns":4}],"seed_played":"-4658103956395486916","potions_obtained":[{"floor":7.0,"key":"Strength Potion"},{"floor":10.0,"key":"Fire Potion"},{"floor":16,"key":"Energy Potion"},{"floor":20,"key":"Weak Potion"},{"floor":21,"key":"Ancient Potion"}],"is_trial":false,"path_per_floor":["M","?","?","M","?","R","E","R","T","E","?","M","?","M","R","B",null,"M","M","M","M","M","R","E","R","T"],"character_chosen":"THE_SILENT","items_purchased":[],"campfire_rested":3,"item_purchase_floors":[],"current_hp_per_floor":[62,55,60,54,54,54,23,45,45,13,13,13,31,31,31,12,59,59,52,41,19,9,31,31,53,53,0],"gold":490,"neow_bonus":"THREE_CARDS","is_prod":false,"is_daily":false,"chose_seed":false,"campfire_upgraded":2,"win_rate":0,"timestamp":1537322154,"path_taken":["M","?","?","M","?","R","E","R","T","E","?","M","?","M","R","BOSS","M","M","M","M","M","R","E","R","T","E"],"build_version":"2018-09-06","purchased_purges":0,"victory":false,"max_hp_per_floor":[70,70,75,75,75,75,75,75,75,75,75,75,75,75,75,75,75,75,75,75,75,75,75,75,75,75,75],"card_choices":[{"not_picked":["Outmaneuver","Poisoned Stab"],"picked":"Sucker Punch","floor":0.0},{"not_picked":["Blade Dance","Expertise"],"picked":"Dagger Spray","floor":1.0},{"not_picked":["Noxious Fumes","Dodge and Roll"],"picked":"Reflex","floor":4.0},{"not_picked":["Predator","Slice"],"picked":"Dagger Spray","floor":7.0},{"not_picked":["Acrobatics","Dagger Throw"],"picked":"Predator","floor":10.0},{"not_picked":["Bouncing Flask","Footwork"],"picked":"Escape Plan","floor":12.0},{"not_picked":["Deadly Poison","All Out Attack"],"picked":"Backflip","floor":14},{"not_picked":["Adrenaline","Night Terror"],"picked":"Envenom","floor":16},{"not_picked":["Dodge and Roll","Heel Hook"],"picked":"Outmaneuver+1","floor":18},{"not_picked":["Noxious Fumes","Reflex"],"picked":"Distraction+1","floor":19},{"not_picked":["Eviscerate+1","Deadly Poison"],"picked":"Quick Slash+1","floor":20},{"not_picked":["Outmaneuver","Endless Agony"],"picked":"Dash","floor":21},{"not_picked":["Poisoned Stab","Dagger Spray"],"picked":"Footwork","floor":22},{"not_picked":["Sucker Punch","Acrobatics"],"picked":"Dodge and Roll+1","floor":24}],"player_experience":262782,"relics_obtained":[{"floor":7.0,"key":"Snake Skull"},{"floor":9.0,"key":"Whetstone"},{"floor":10.0,"key":"Orichalcum"},{"floor":24,"key":"Anchor"},{"floor":26,"key":"Kunai"}],"event_choices":[{"event_name":"Golden Wing","player_choice":"Card Removal","floor":2.0,"damage_taken":0.0},{"event_name":"Big Fish","player_choice":"Donut","floor":3.0,"damage_taken":0.0},{"event_name":"Match and Keep!","player_choice":"4 cards matched","floor":5.0,"damage_taken":0.0},{"event_name":"Liars Game","player_choice":"disagreed","floor":11.0,"damage_taken":0.0},{"event_name":"The Cleric","player_choice":"Healed","floor":13.0,"damage_taken":0.0}],"is_beta":false,"boss_relics":[{"not_picked":["Tiny House","Astrolabe"],"picked":"Empty Cage"}],"items_purged_floors":[],"is_endless":false,"potions_floor_spawned":[7,10,16,20,21],"killed_by":"Gremlin Leader","ascension_level":7}