{"gold_per_floor":[113,133,133,150,150,150,250,42,42,42,59,59,9,9,9,134,134,147,147,171,21,21,21,21],"floor_reached":24,"playtime":623,"items_purged":["Defend_B"],"score":191,"play_id":"b22a3300-a99f-4895-a2c9-70bd9d4e54fd","local_time":"20180819193931","is_ascension_mode":true,"campfire_choices":[{"floor":6,"key":"REST"},{"data":"Zap","floor":10,"key":"SMITH"},{"data":"Dualcast","floor":12,"key":"SMITH"},{"data":"Strike_B","floor":15,"key":"SMITH"},{"floor":23,"key":"REST"}],"neow_cost":"NONE","seed_source_timestamp":45758450223605,"circlet_count":0,"master_deck":["Strike_B+1","Defend_B","Zap+1","Dualcast+1"],"relics":["Empty Cage","Runic Capacitor","Happy Flower","Golden Idol","Runic Pyramid","Strawberry"],"potions_floor_usage":[16,18,24,24],"damage_taken":[{"damage":4,"enemies":"Cultist","floor":1,"turns":4},{"damage":6,"enemies":"Jaw Worm","floor":2,"turns":4},{"damage":1,"enemies":"2 Louse","floor":4,"turns":2},{"damage":2,"enemies":"2 Fungi Beasts","floor":11,"turns":4},{"damage":38,"enemies":"Slime Boss","floor":16,"turns":15},{"damage":33,"enemies":"2 Thieves","floor":18,"turns":4},{"damage":28,"enemies":"Chosen","floor":20,"turns":7},{"damage":37,"enemies":"Centurion and Healer","floor":24,"turns":7}],"seed_played":"-2983702298115080150","potions_obtained":[{"floor":11,"key":"Block Potion"},{"floor":16,"key":"FearPotion"}],"is_trial":false,"path_per_floor":["M","M","?","M","?","R","?","$","T","R","M","R","$","?","R","B",null,"M","?","M","$","?","R"],"character_chosen":"DEFECT","items_purchased":["Runic Capacitor","PowerPotion","EssenceOfSteel"],"campfire_rested":2,"item_purchase_floors":[8,13,21],"current_hp_per_floor":[71,65,58,57,57,75,75,75,75,75,73,73,73,69,69,31,69,36,43,15,15,15,37,0],"gold":21,"neow_bonus":"BOSS_RELIC","is_prod":false,"is_daily":false,"chose_seed":false,"campfire_upgraded":3,"win_rate":0,"timestamp":1534700371,"path_taken":["M","?","?","M","?","R","?","$","T","R","?","R","$","?","R","BOSS","M","?","M","$","?","R","M"],"build_version":"2018-08-16","purchased_purges":1,"victory":false,"max_hp_per_floor":[75,75,75,75,75,75,75,75,75,75,75,75,75,69,69,69,69,69,76,76,76,76,76,76],"card_choices":[{"not_picked":["Hologram","Conserve Battery","Cold Snap"],"picked":"SKIP","floor":1},{"not_picked":["Genetic Algorithm","Rebound","Recycle"],"picked":"SKIP","floor":2},{"not_picked":["Chill","Ball Lightning","Auto Shields"],"picked":"SKIP","floor":4},{"not_picked":["Darkness","Leap","All For One"],"picked":"SKIP","floor":11},{"not_picked":["Sweeping Beam","Beam Cell","Coolheaded"],"picked":"SKIP","floor":18},{"not_picked":["Sunder","Compile Driver","Streamline"],"picked":"SKIP","floor":20}],"player_experience":196509,"relics_obtained":[{"floor":9,"key":"Happy Flower"}],"event_choices":[{"event_name":"Golden Wing","player_choice":"Card Removal","floor":3,"damage_taken":0},{"event_name":"Living Wall","player_choice":"Forget","floor":5,"damage_taken":0},{"event_name":"Golden Shrine","player_choice":"Pray","floor":7,"damage_taken":0},{"event_name":"Golden Idol","player_choice":"Lose Max HP","floor":14,"damage_taken":0},{"event_name":"Wheel of Change","player_choice":"Relic","floor":19,"damage_taken":0},{"event_name":"Back to Basics","player_choice":"Elegance","floor":22,"damage_taken":0}],"is_beta":false,"boss_relics":[{"not_picked":["Eternal Feather","Lizard Tail"],"picked":"Runic Pyramid"}],"items_purged_floors":[21],"is_endless":false,"potions_floor_spawned":[11,16],"killed_by":"Centurion and Healer","ascension_level":1}