{"gold_per_floor":[112,124,141,141,141,169,169,181,181,191,191,191,211,224,224,320,320,336,161,211,241,114,114,127,177,255,316,327,377,445,463,463,463],"floor_reached":33,"playtime":4295,"items_purged":["Defend_R"],"score":278,"play_id":"383f315e-c38a-4721-a048-5073079faed6","local_time":"20190503223204","is_ascension_mode":false,"campfire_choices":[{"data":"Uppercut","floor":7.0,"key":"SMITH"},{"data":"Iron Wave","floor":12.0,"key":"SMITH"},{"data":"Entrench","floor":15.0,"key":"SMITH"},{"data":"Rampage","floor":23.0,"key":"SMITH"},{"floor":32.0,"key":"REST"}],"neow_cost":"NONE","seed_source_timestamp":341563517040623,"circlet_count":0,"master_deck":["Strike_R","Defend_R","Defend_R","Defend_R","Bash","Shrug It Off+1","Anger","Uppercut+1","Rupture","Ghostly Armor","Shrug It Off","Iron Wave+1","Flex","Entrench+1","Dark Embrace","Shockwave+1","Rage+1","Impervious+1","Clothesline+1","Disarm","Rampage+1","Body Slam+1","Armaments+1","Inflame+1"],"special_seed":0,"relics":["Burning Blood","Peace Pipe","SsserpentHead","Astrolabe","Bag of Preparation","Nloth\u0027s Gift","Toxic Egg 2"],"potions_floor_usage":[33],"damage_taken":[{"damage":7.0,"enemies":"Small Slimes","floor":1.0,"turns":4.0},{"damage":3.0,"enemies":"Jaw Worm","floor":2.0,"turns":3.0},{"damage":0.0,"enemies":"Cultist","floor":3.0,"turns":3.0},{"damage":14.0,"enemies":"Lagavulin","floor":6.0,"turns":6.0},{"damage":0.0,"enemies":"3 Louse","floor":8.0,"turns":3.0},{"damage":3.0,"enemies":"Lots of Slimes","floor":10.0,"turns":6.0},{"damage":5.0,"enemies":"Blue Slaver","floor":13.0,"turns":3.0},{"damage":8.0,"enemies":"Gremlin Gang","floor":14.0,"turns":4.0},{"damage":36.0,"enemies":"Hexaghost","floor":16.0,"turns":15.0},{"damage":28.0,"enemies":"3 Byrds","floor":18.0,"turns":12.0},{"damage":6.0,"enemies":"2 Thieves","floor":21.0,"turns":4.0},{"damage":23.0,"enemies":"Sentry and Sphere","floor":24.0,"turns":10.0},{"damage":6.0,"enemies":"Shelled Parasite and Fungi","floor":27.0,"turns":6.0},{"damage":44.0,"enemies":"Centurion and Healer","floor":28.0,"turns":8.0},{"damage":7.0,"enemies":"Snecko","floor":30.0,"turns":6.0},{"damage":3.0,"enemies":"Snake Plant","floor":31.0,"turns":6.0},{"damage":67,"enemies":"Collector","floor":33,"turns":15}],"seed_played":"4885473448759051806","potions_obtained":[{"floor":3.0,"key":"SkillPotion"},{"floor":10.0,"key":"Fire Potion"},{"floor":14.0,"key":"EssenceOfSteel"},{"floor":16.0,"key":"Dexterity Potion"},{"floor":24.0,"key":"EssenceOfSteel"},{"floor":28.0,"key":"Explosive Potion"},{"floor":31.0,"key":"Fruit Juice"}],"is_trial":false,"path_per_floor":["M","M","M","?","?","E","R","M","T","M","?","R","M","M","R","B",null,"M","$","?","M","$","R","M","?","T","M","M","?","M","M","R","B"],"character_chosen":"IRONCLAD","items_purchased":["Disarm","Bag of Preparation","Block Potion"],"campfire_rested":1,"item_purchase_floors":[19,19,22],"current_hp_per_floor":[87,88,88,93,93,85,85,91,91,93,93,93,93,91,91,61,93,71,71,71,71,71,71,54,54,54,54,16,16,15,23,52,0],"gold":463,"neow_bonus":"TEN_PERCENT_HP_BONUS","is_prod":false,"is_daily":false,"chose_seed":false,"campfire_upgraded":4,"win_rate":0.0,"timestamp":1556944324,"path_taken":["M","M","M","?","?","E","R","M","T","?","?","R","M","M","R","BOSS","M","?","?","?","$","R","M","?","T","?","M","?","?","M","R","BOSS"],"build_version":"2019-01-23","purchased_purges":1,"victory":false,"max_hp_per_floor":[88,88,88,93,93,93,93,93,93,93,93,93,93,93,93,93,93,93,93,93,93,93,93,93,93,93,93,93,93,93,98,98,98],"card_choices":[{"not_picked":["Power Through","Thunderclap"],"picked":"Shrug It Off","floor":1.0},{"not_picked":["Twin Strike","Sword Boomerang"],"picked":"Anger","floor":2.0},{"not_picked":["Rupture","Dual Wield"],"picked":"Uppercut","floor":3.0},{"not_picked":["Heavy Blade","Bludgeon"],"picked":"Ghostly Armor","floor":6.0},{"not_picked":["Feel No Pain","Second Wind"],"picked":"Shrug It Off","floor":8.0},{"not_picked":["Second Wind","Thunderclap"],"picked":"Iron Wave","floor":10.0},{"not_picked":["Pommel Strike","Warcry"],"picked":"Flex","floor":13.0},{"not_picked":["Sword Boomerang","Reckless Charge"],"picked":"Entrench","floor":14.0},{"not_picked":["Offering","Barricade"],"picked":"Dark Embrace","floor":16.0},{"not_picked":["Twin Strike","Carnage"],"picked":"Clothesline+1","floor":18.0},{"not_picked":["Spot Weakness","Twin Strike"],"picked":"Rampage","floor":21.0},{"not_picked":["Heavy Blade","Impervious"],"picked":"Body Slam+1","floor":24.0},{"not_picked":["True Grit+1","Power Through+1"],"picked":"Armaments+1","floor":27.0},{"not_picked":["Sword Boomerang+1","Double Tap+1"],"picked":"Inflame+1","floor":28.0},{"not_picked":["Thunderclap","Rage+1","Pommel Strike"],"picked":"SKIP","floor":30.0},{"not_picked":["Clash","Perfected Strike","Cleave"],"picked":"SKIP","floor":31.0}],"player_experience":73779,"relics_obtained":[{"floor":6.0,"key":"Peace Pipe"},{"floor":9.0,"key":"Bottled Flame"},{"floor":26.0,"key":"Toxic Egg 2"}],"event_choices":[{"damage_healed":0.0,"max_hp_gain":5.0,"max_hp_loss":0.0,"gold_gain":0.0,"event_name":"Big Fish","player_choice":"Donut","floor":4.0,"gold_loss":0.0,"damage_taken":0.0},{"damage_healed":0.0,"max_hp_gain":0.0,"max_hp_loss":0.0,"gold_gain":0.0,"cards_transformed":["Strike_R"],"event_name":"Transmorgrifier","player_choice":"Transformed","floor":5.0,"gold_loss":0.0,"damage_taken":0.0,"cards_obtained":["Rupture"]},{"damage_healed":0.0,"max_hp_gain":0.0,"max_hp_loss":0.0,"gold_gain":0.0,"event_name":"FaceTrader","player_choice":"Trade","floor":11.0,"gold_loss":0.0,"damage_taken":0.0,"relics_obtained":["SsserpentHead"]},{"damage_healed":0.0,"max_hp_gain":0.0,"max_hp_loss":0.0,"gold_gain":0.0,"event_name":"N\u0027loth","player_choice":"Traded Relic","floor":20.0,"relics_lost":["Bottled Flame"],"gold_loss":0.0,"damage_taken":0.0,"relics_obtained":["Nloth\u0027s Gift"]},{"damage_healed":0.0,"max_hp_gain":0.0,"max_hp_loss":0.0,"gold_gain":0.0,"event_name":"Upgrade Shrine","player_choice":"Upgraded","floor":25.0,"gold_loss":0.0,"damage_taken":0.0,"cards_upgraded":["Shrug It Off"]},{"damage_healed":0.0,"max_hp_gain":0.0,"max_hp_loss":0.0,"gold_gain":0.0,"event_name":"NoteForYourself","player_choice":"Ignored","floor":29.0,"gold_loss":0.0,"damage_taken":0.0}],"is_beta":false,"boss_relics":[{"not_picked":["Sozu","Busted Crown"],"picked":"Astrolabe"}],"items_purged_floors":[22],"is_endless":false,"potions_floor_spawned":[3,10,14,16,24,28,31],"killed_by":"Collector","ascension_level":0}