{"gold_per_floor":[13,13,29,41,116,145,145,159,159,175,193,193,212,227,227,329,329,313,330,6,6,18,18,34,34,103,119,135,135,8,23,23,23],"floor_reached":33,"playtime":1880,"items_purged":["Clumsy"],"score":280,"play_id":"c96e324d-c50b-405d-ba4a-c435d542a058","local_time":"20180720202022","is_ascension_mode":false,"campfire_choices":[{"floor":12,"key":"REST"},{"data":"Armaments","floor":15,"key":"SMITH"},{"floor":23,"key":"REST"},{"floor":25,"key":"REST"},{"floor":32,"key":"REST"}],"neow_cost":"NO_GOLD","seed_source_timestamp":562580401452887,"circlet_count":0,"master_deck":["Strike_R","Strike_R","Strike_R","Strike_R","Strike_R","Defend_R","Defend_R","Defend_R","Defend_R","Bash","Armaments+1","Pommel Strike","Twin Strike","Armaments","Rage","Dark Embrace","Inflame","Feel No Pain","Shrug It Off","Barricade","Decay","Clumsy","Thunderclap","Headbutt","Whirlwind","Armaments","Bludgeon","Body Slam","Iron Wave","Whirlwind","Writhe","Inflame+1","Searing Blow"],"relics":["Burning Blood","Kunai","Mummified Hand","Calling Bell","Centennial Puzzle","Gremlin Horn","Sundial","Happy Flower","Letter Opener","Frozen Egg 2"],"potions_floor_usage":[6,16,16,16,24,27,28,31,33],"damage_taken":[{"damage":10,"enemies":"Jaw Worm","floor":1,"turns":4},{"damage":7,"enemies":"Small Slimes","floor":3,"turns":4},{"damage":2,"enemies":"2 Louse","floor":4,"turns":3},{"damage":14,"enemies":"Gremlin Nob","floor":6,"turns":4},{"damage":11,"enemies":"Large Slime","floor":8,"turns":5},{"damage":2,"enemies":"3 Louse","floor":10,"turns":3},{"damage":2,"enemies":"Blue Slaver","floor":11,"turns":5},{"damage":12,"enemies":"Looter","floor":13,"turns":4},{"damage":14,"enemies":"Red Slaver","floor":14,"turns":4},{"damage":32,"enemies":"The Guardian","floor":16,"turns":10},{"damage":29,"enemies":"2 Thieves","floor":18,"turns":4},{"damage":27,"enemies":"3 Byrds","floor":19,"turns":7},{"damage":50,"enemies":"3 Cultists","floor":22,"turns":6},{"damage":31,"enemies":"Snake Plant","floor":24,"turns":6},{"damage":7,"enemies":"Snecko","floor":27,"turns":5},{"damage":7,"enemies":"3 Cultists","floor":28,"turns":3},{"damage":32,"enemies":"Centurion and Healer","floor":31,"turns":5},{"damage":40,"enemies":"Champ","floor":33,"turns":6}],"seed_played":"8632533989200742542","potions_obtained":[{"floor":4,"key":"Dexterity Potion"},{"floor":7,"key":"PowerPotion"},{"floor":7,"key":"EntropicBrew"},{"floor":7,"key":"SteroidPotion"},{"floor":10,"key":"Strength Potion"},{"floor":14,"key":"Strength Potion"},{"floor":22,"key":"EssenceOfSteel"},{"floor":24,"key":"EssenceOfSteel"},{"floor":27,"key":"PowerPotion"},{"floor":31,"key":"AttackPotion"}],"is_trial":false,"path_per_floor":["M","?","M","M","?","E","?","M","T","M","M","R","M","M","R","B",null,"M","M","$","?","M","R","M","R","T","M","M","?","$","M","R"],"character_chosen":"IRONCLAD","items_purchased":["Happy Flower","Whirlwind","Armaments","PowerPotion","Inflame+1"],"campfire_rested":4,"item_purchase_floors":[20,20,20,30,30],"current_hp_per_floor":[92,92,91,95,84,76,76,71,71,75,79,96,90,82,82,56,96,73,52,52,52,8,36,11,39,39,38,37,37,37,11,39,0],"gold":23,"neow_bonus":"TWENTY_PERCENT_HP_BONUS","is_prod":false,"is_daily":false,"chose_seed":false,"campfire_upgraded":1,"win_rate":0,"timestamp":1532110822,"path_taken":["M","?","M","M","?","E","?","M","T","?","M","R","M","M","R","BOSS","M","M","$","?","M","R","?","R","T","M","M","?","$","?","R","BOSS"],"build_version":"2018-07-19v2","purchased_purges":1,"victory":false,"max_hp_per_floor":[96,96,96,96,96,96,96,96,96,96,96,96,96,96,96,96,96,96,96,96,96,96,96,96,96,96,96,96,96,96,96,96,96],"card_choices":[{"not_picked":["Carnage","Pommel Strike"],"picked":"Armaments","floor":1},{"not_picked":["Twin Strike","Clash"],"picked":"Pommel Strike","floor":3},{"not_picked":["Warcry","Fire Breathing"],"picked":"Twin Strike","floor":4},{"not_picked":["Fire Breathing","Power Through"],"picked":"Armaments","floor":6},{"not_picked":["Bloodletting","Twin Strike"],"picked":"Rage","floor":8},{"not_picked":["Twin Strike","Flex"],"picked":"Dark Embrace","floor":10},{"not_picked":["Sever Soul","Clothesline"],"picked":"Inflame","floor":11},{"not_picked":["Twin Strike","Fire Breathing"],"picked":"Feel No Pain","floor":13},{"not_picked":["Rage","Warcry"],"picked":"Shrug It Off","floor":14},{"not_picked":["Bludgeon","Juggernaut"],"picked":"Barricade","floor":16},{"not_picked":["Second Wind","Clash+1"],"picked":"Thunderclap","floor":18},{"not_picked":["Dropkick","Flex"],"picked":"Headbutt","floor":19},{"not_picked":["Intimidate","Flex"],"picked":"Bludgeon","floor":22},{"not_picked":["Clash","Sword Boomerang"],"picked":"Body Slam","floor":24},{"not_picked":["Hemokinesis+1","Pommel Strike"],"picked":"Iron Wave","floor":27},{"not_picked":["Pommel Strike","Wild Strike"],"picked":"Whirlwind","floor":28},{"not_picked":["Clash","Headbutt"],"picked":"Searing Blow","floor":31}],"player_experience":93342,"relics_obtained":[{"floor":6,"key":"Kunai"},{"floor":9,"key":"Mummified Hand"},{"floor":17,"key":"Centennial Puzzle"},{"floor":17,"key":"Gremlin Horn"},{"floor":17,"key":"Sundial"},{"floor":26,"key":"Letter Opener"}],"event_choices":[{"event_name":"Golden Wing","player_choice":"Ignored","floor":2,"damage_taken":0},{"event_name":"World of Goop","player_choice":"Gather Gold","floor":5,"damage_taken":0},{"event_name":"The Lab","player_choice":"Got Potions","floor":7,"damage_taken":0},{"event_name":"Accursed Blacksmith","player_choice":"Ignore","floor":21,"damage_taken":0},{"event_name":"The Mausoleum","player_choice":"Yes","floor":29,"damage_taken":0}],"is_beta":false,"boss_relics":[{"not_picked":["Runic Dome","Snecko Eye"],"picked":"Calling Bell"}],"items_purged_floors":[20],"is_endless":false,"potions_floor_spawned":[4,10,14,22,24,27,31],"killed_by":"Champ","ascension_level":0}