{"path_per_floor":["M","M","M","M","M","R","E","R","T","M","R","E","?","E","R","B",null,"M","M","M","M","$","R","M","E","T","E","R","M","?","$","R","B",null,"M","M","M","?","M","?","R","M","T","M","?","R","M","$","R"],"character_chosen":"IRONCLAD","items_purchased":["Regal Pillow","Omamori"],"gold_per_floor":[117,127,146,159,177,177,211,211,211,227,227,262,222,253,253,356,356,296,296,296,296,5,5,5,5,5,5,5,5,5,5,5,5,5,5,5,5,5,5,5,5,5,5,5,0,0,0,0,0,0],"floor_reached":50,"campfire_rested":5,"playtime":4001,"current_hp_per_floor":[80,80,80,58,61,61,33,33,33,33,57,68,68,52,76,31,80,71,59,50,33,33,72,75,61,61,30,69,37,21,21,60,35,80,80,73,57,80,59,49,49,49,49,62,62,62,80,80,80,0],"items_purged":[],"gold":0,"score":665,"play_id":"51fa17d2-22db-494a-9a90-4f6dbcf02d78","local_time":"20180407183507","is_prod":false,"is_daily":false,"is_ascension_mode":true,"campfire_upgraded":5,"timestamp":1523151307,"path_taken":["M","M","M","M","M","R","E","R","T","M","R","E","?","E","R","BOSS","M","M","M","M","$","R","M","E","T","E","R","M","?","?","R","BOSS","M","M","M","?","M","?","R","M","T","M","?","R","M","$","R","BOSS"],"build_version":"2018-04-05v2","purchased_purges":0,"victory":false,"master_deck":["Strike_R","Strike_R","Strike_R","Strike_R+1","Strike_R+1","Defend_R","Defend_R","Defend_R","Defend_R","Bash+1","Seeing Red+1","Armaments+1","Second Wind","Pommel Strike","Offering","Warcry","Perfected Strike+1","Brutality","Blood for Blood+1","Sentinel+1","Perfected Strike+1","Reckless Charge+1","Inflame","Havoc","Demon Form+1","Warcry+1","Reaper+1","Rupture","Body Slam+1","Clothesline+1","Flame Barrier+1","Madness","Madness","Uppercut+1","Wild Strike+1"],"max_hp_per_floor":[80,80,80,80,80,80,80,80,80,80,80,80,80,80,80,80,80,80,80,80,80,80,80,80,80,80,80,80,80,80,80,80,80,80,80,80,80,80,80,80,80,80,80,80,80,80,80,80,80,80],"relics":["Burning Blood","Blood Vial","Whetstone","Shuriken","Juzu Bracelet","Ectoplasm","Regal Pillow","Omamori","Molten Egg 2","Pen Nib","Toolbox","Enchiridion","Velvet Choker","Bag of Marbles","Red Mask"],"card_choices":[{"not_picked":["Flex","Wild Strike"],"picked":"Seeing Red","floor":1.0},{"not_picked":["Twin Strike","Seeing Red"],"picked":"Armaments","floor":2.0},{"not_picked":["Infernal Blade","Carnage"],"picked":"Combust","floor":3.0},{"not_picked":["Clash","Blood for Blood"],"picked":"Second Wind","floor":5.0},{"not_picked":["True Grit","Iron Wave"],"picked":"Pommel Strike","floor":7.0},{"not_picked":["Sword Boomerang","Body Slam"],"picked":"Offering","floor":10.0},{"not_picked":["Clothesline","Clash"],"picked":"Warcry","floor":12.0},{"not_picked":["Headbutt","Searing Blow"],"picked":"Perfected Strike","floor":14.0},{"not_picked":["Reaper","Impervious"],"picked":"Brutality","floor":16.0},{"not_picked":["Searing Blow","Power Through"],"picked":"Blood for Blood","floor":18.0},{"not_picked":["Twin Strike","Pommel Strike"],"picked":"Sentinel","floor":19.0},{"not_picked":["Intimidate","Sword Boomerang"],"picked":"Perfected Strike","floor":20.0},{"not_picked":["Bloodletting","Perfected Strike"],"picked":"Reckless Charge","floor":21.0},{"not_picked":["Hemokinesis","Limit Break"],"picked":"Inflame","floor":24.0},{"not_picked":["Body Slam","Clothesline"],"picked":"Havoc","floor":25.0},{"not_picked":["Cleave","Offering"],"picked":"Demon Form","floor":27.0},{"not_picked":["Carnage","Fire Breathing"],"picked":"Warcry","floor":29.0},{"not_picked":["Berserk","Feed"],"picked":"Reaper","floor":33.0},{"not_picked":["Fire Breathing","Armaments"],"picked":"Rupture","floor":35},{"not_picked":["Bloodletting","Sword Boomerang"],"picked":"Body Slam","floor":36},{"not_picked":["Hemokinesis","Metallicize"],"picked":"Clothesline","floor":37},{"not_picked":["Sword Boomerang","Clash"],"picked":"Flame Barrier","floor":39},{"not_picked":["Headbutt","Second Wind"],"picked":"Uppercut","floor":44},{"not_picked":["Cleave","Bludgeon"],"picked":"Wild Strike","floor":47}],"player_experience":145528,"potions_floor_usage":[37,37,47,50,50],"damage_taken":[{"damage":6.0,"enemies":"Small Slimes","floor":1.0,"turns":5.0},{"damage":1.0,"enemies":"Cultist","floor":2.0,"turns":3.0},{"damage":1.0,"enemies":"2 Louse","floor":3.0,"turns":3.0},{"damage":28.0,"enemies":"Exordium Thugs","floor":4.0,"turns":6.0},{"damage":3.0,"enemies":"Looter","floor":5.0,"turns":4.0},{"damage":34.0,"enemies":"Gremlin Nob","floor":7.0,"turns":4.0},{"damage":8.0,"enemies":"Red Slaver","floor":10.0,"turns":5.0},{"damage":12.0,"enemies":"3 Sentries","floor":12.0,"turns":6.0},{"damage":24.0,"enemies":"Gremlin Nob","floor":14.0,"turns":3.0},{"damage":53.0,"enemies":"Hexaghost","floor":16.0,"turns":8.0},{"damage":15.0,"enemies":"2 Thieves","floor":18.0,"turns":4.0},{"damage":20.0,"enemies":"3 Byrds","floor":19.0,"turns":4.0},{"damage":17.0,"enemies":"Centurion and Healer","floor":20.0,"turns":4.0},{"damage":25.0,"enemies":"3 Cultists","floor":21.0,"turns":5.0},{"damage":5.0,"enemies":"Cultist and Chosen","floor":24.0,"turns":4.0},{"damage":22.0,"enemies":"Gremlin Leader","floor":25.0,"turns":5.0},{"damage":39.0,"enemies":"Slavers","floor":27.0,"turns":5.0},{"damage":40.0,"enemies":"Centurion and Healer","floor":29.0,"turns":4.0},{"damage":33.0,"enemies":"Champ","floor":33.0,"turns":6.0},{"damage":5,"enemies":"Orb Walker","floor":35,"turns":2},{"damage":23,"enemies":"3 Shapes","floor":36,"turns":2},{"damage":24,"enemies":"Sphere and 2 Shapes","floor":37,"turns":4},{"damage":27,"enemies":"Maw","floor":39,"turns":5},{"damage":24,"enemies":"3 Darklings","floor":42,"turns":6},{"damage":9,"enemies":"Sphere and 2 Shapes","floor":44,"turns":4},{"damage":14,"enemies":"Maw","floor":47,"turns":6},{"damage":142,"enemies":"Time Eater","floor":50,"turns":9}],"event_choices":[{"event_name":"The Woman in Blue","player_choice":"Bought 3 Potions","floor":13.0,"damage_taken":0.0},{"event_name":"Cursed Tome","player_choice":"Obtained Book","floor":30.0,"damage_taken":0.0},{"event_name":"Bonfire Elementals","player_choice":"UNCOMMON","floor":38,"damage_taken":0},{"event_name":"Winding Halls","player_choice":"Embrace Madness","floor":40,"damage_taken":0},{"event_name":"Tomb of Lord Red Mask","player_choice":"Paid","floor":45,"damage_taken":0}],"boss_relics":[{"not_picked":["Calling Bell","Mark of Pain"],"picked":"Velvet Choker"}],"potions_floor_spawned":[1,5,7,19,21,29,36,37,39,47],"seed_played":"5545556643529913921","killed_by":"Time Eater","ascension_level":4,"is_trial":false}