{"gold_per_floor":[113,123,138,213,213,244,256,283,322,362,63,63,63],"floor_reached":13,"playtime":574,"items_purged":[],"score":98,"play_id":"ba674e3a-675d-40ee-bc38-1095946e4433","local_time":"20180722151913","is_ascension_mode":true,"campfire_choices":[{"floor":7,"key":"REST"},{"floor":12,"key":"REST"}],"neow_cost":"","seed_source_timestamp":47270262435207,"circlet_count":0,"master_deck":["Strike_B","Strike_B","Strike_B","Strike_B","Defend_B","Defend_B","Defend_B","Defend_B","Zap","Dualcast","Tempest","Coolheaded","Conserve Battery","Genetic Algorithm","Chill","Biased Cognition"],"relics":["Cracked Core","Juzu Bracelet","MawBank","Strawberry","Centennial Puzzle","Peace Pipe"],"potions_floor_usage":[],"damage_taken":[{"damage":1,"enemies":"Jaw Worm","floor":1,"turns":3},{"damage":6,"enemies":"Small Slimes","floor":2,"turns":3},{"damage":0,"enemies":"2 Louse","floor":3,"turns":3},{"damage":19,"enemies":"Lagavulin","floor":6,"turns":13},{"damage":4,"enemies":"Looter","floor":8,"turns":3},{"damage":24,"enemies":"3 Sentries","floor":10,"turns":10},{"damage":62,"enemies":"Gremlin Nob","floor":13,"turns":4}],"seed_played":"2226593822734151755","potions_obtained":[{"floor":3,"key":"SteroidPotion"},{"floor":6,"key":"Strength Potion"}],"is_trial":false,"path_per_floor":["M","M","M","?","?","E","R","M","T","E","$","R"],"character_chosen":"DEFECT","items_purchased":["Peace Pipe"],"campfire_rested":2,"item_purchase_floors":[11],"current_hp_per_floor":[74,68,68,57,45,26,48,44,51,27,27,51,0],"gold":63,"neow_bonus":"","is_prod":false,"is_daily":false,"chose_seed":false,"campfire_upgraded":0,"win_rate":0,"timestamp":1532287153,"path_taken":["M","M","M","?","?","E","R","M","T","E","$","R","E"],"build_version":"2018-07-19v2","purchased_purges":0,"victory":false,"max_hp_per_floor":[75,75,75,75,75,75,75,75,82,82,82,82,82],"card_choices":[{"not_picked":["Beam Cell","Rebound"],"picked":"Tempest","floor":1},{"not_picked":["Stack","Redo"],"picked":"Coolheaded","floor":2},{"not_picked":["Sweeping Beam","Heatsinks"],"picked":"Conserve Battery","floor":3},{"not_picked":["Thunder Strike","Creative AI"],"picked":"Genetic Algorithm","floor":6},{"not_picked":["Stack","Hologram"],"picked":"Chill","floor":8},{"not_picked":["Go for the Eyes","Rebound"],"picked":"Biased Cognition","floor":10}],"player_experience":115115,"relics_obtained":[{"floor":6,"key":"MawBank"},{"floor":9,"key":"Strawberry"},{"floor":10,"key":"Centennial Puzzle"}],"event_choices":[{"event_name":"World of Goop","player_choice":"Gather Gold","floor":4,"damage_taken":0},{"event_name":"Scrap Ooze","player_choice":"success","floor":5,"damage_taken":12}],"is_beta":false,"boss_relics":[],"items_purged_floors":[],"is_endless":false,"potions_floor_spawned":[3,6],"killed_by":"Gremlin Nob","ascension_level":1}