{"gold_per_floor":[119,394,412,412,712,745,763,763,763,763,775,788,788,738,738,840,840,853,865,865,865,156,156],"floor_reached":23,"playtime":611,"items_purged":["Regret"],"score":214,"play_id":"42697050-cd9a-4f58-8839-1acc3f8bbac4","local_time":"20190217140425","is_ascension_mode":false,"campfire_choices":[{"data":"Perfected Strike","floor":8,"key":"SMITH"},{"data":"Cleave","floor":10,"key":"SMITH"},{"data":"Bash","floor":13,"key":"SMITH"},{"floor":15,"key":"REST"}],"neow_cost":"NONE","seed_source_timestamp":162150132925200,"circlet_count":0,"master_deck":["Strike_R","Strike_R","Strike_R","Strike_R","Strike_R","Defend_R","Defend_R","Defend_R","Defend_R","Bash+1","Cleave+1","Perfected Strike+1","Carnage","Limit Break","Rampage","Disarm","Feed","Twin Strike","Pommel Strike","Decay","Flex","Metallicize"],"relics":["Black Blood","NeowsBlessing","Pear","Old Coin","Centennial Puzzle","Ice Cream","Charon\u0027s Ashes","Question Card","Bottled Flame"],"potions_floor_usage":[11,12,16,23,23,23],"damage_taken":[{"damage":0,"enemies":"Jaw Worm","floor":1,"turns":1},{"damage":0,"enemies":"Cultist","floor":3,"turns":1},{"damage":0,"enemies":"Lagavulin","floor":6,"turns":1},{"damage":20,"enemies":"Small Slimes","floor":7,"turns":3},{"damage":19,"enemies":"Exordium Thugs","floor":11,"turns":4},{"damage":0,"enemies":"Large Slime","floor":12,"turns":2},{"damage":78,"enemies":"The Guardian","floor":16,"turns":10},{"damage":47,"enemies":"2 Thieves","floor":18,"turns":4},{"damage":33,"enemies":"Shell Parasite","floor":19,"turns":8},{"damage":43,"enemies":"Gremlin Leader","floor":23,"turns":4}],"seed_played":"-1196730786249048657","potions_obtained":[{"floor":1,"key":"GamblersBrew"},{"floor":3,"key":"Block Potion"},{"floor":12,"key":"Poison Potion"},{"floor":16,"key":"Swift Potion"},{"floor":19,"key":"BloodPotion"}],"is_trial":false,"path_per_floor":["M","?","M","?","?","E","M","R","T","R","M","M","R","?","R","B",null,"M","M","?","T","$","E"],"character_chosen":"IRONCLAD","items_purchased":["Question Card","Bottled Flame","Flex","Block Potion","Metallicize"],"campfire_rested":1,"item_purchase_floors":[22,22,22,22,22],"current_hp_per_floor":[80,80,80,87,87,90,76,76,76,76,63,69,69,69,90,18,90,56,33,33,33,33,0],"gold":156,"neow_bonus":"THREE_ENEMY_KILL","is_prod":false,"is_daily":false,"chose_seed":false,"campfire_upgraded":3,"win_rate":0,"timestamp":1550408665,"path_taken":["M","?","?","?","?","E","M","R","T","R","M","M","R","?","R","BOSS","M","M","?","?","$","E"],"build_version":"2019-01-23","purchased_purges":1,"victory":false,"max_hp_per_floor":[80,80,80,90,90,90,90,90,90,90,90,90,90,90,90,90,90,93,93,93,93,93,93],"card_choices":[{"not_picked":["Spot Weakness","Anger"],"picked":"Cleave","floor":1},{"not_picked":["Headbutt","Clash"],"picked":"Perfected Strike","floor":3},{"not_picked":["Cleave","Pommel Strike"],"picked":"Carnage","floor":6},{"not_picked":["Twin Strike","Anger"],"picked":"Limit Break","floor":7},{"not_picked":["Anger","Cleave"],"picked":"Rampage","floor":11},{"not_picked":["Warcry","Carnage"],"picked":"Disarm","floor":12},{"not_picked":["Offering","Impervious"],"picked":"Feed","floor":16},{"not_picked":["Body Slam+1","Cleave+1"],"picked":"Twin Strike","floor":18},{"not_picked":["Disarm","Heavy Blade+1"],"picked":"Pommel Strike","floor":19}],"player_experience":326458,"relics_obtained":[{"floor":6,"key":"Centennial Puzzle"},{"floor":9,"key":"Ice Cream"},{"floor":21,"key":"Charon\u0027s Ashes"}],"event_choices":[{"damage_healed":0,"gold_gain":275,"player_choice":"Desecrate","damage_taken":0,"max_hp_gain":0,"max_hp_loss":0,"event_name":"Golden Shrine","floor":2,"gold_loss":0,"cards_obtained":["Regret"]},{"damage_healed":0,"gold_gain":0,"player_choice":"Success","damage_taken":3,"relics_obtained":["Pear"],"max_hp_gain":0,"max_hp_loss":0,"event_name":"Scrap Ooze","floor":4,"gold_loss":0},{"damage_healed":0,"gold_gain":0,"player_choice":"Box","damage_taken":0,"relics_obtained":["Old Coin"],"max_hp_gain":0,"max_hp_loss":0,"event_name":"Big Fish","floor":5,"gold_loss":0,"cards_obtained":["Regret"]},{"cards_removed":["Regret"],"damage_healed":0,"gold_gain":0,"player_choice":"Card Removal","damage_taken":0,"max_hp_gain":0,"max_hp_loss":0,"event_name":"The Cleric","floor":14,"gold_loss":50},{"damage_healed":0,"gold_gain":0,"player_choice":"Smashed Altar","damage_taken":0,"max_hp_gain":0,"max_hp_loss":0,"event_name":"Forgotten Altar","floor":20,"gold_loss":0,"cards_obtained":["Decay"]}],"is_beta":false,"boss_relics":[{"not_picked":["Ectoplasm","Pandora\u0027s Box"],"picked":"Black Blood"}],"items_purged_floors":[22],"is_endless":false,"potions_floor_spawned":[1,3,12,16,19],"killed_by":"Gremlin Leader","ascension_level":0}