{"gold_per_floor":[10,10,29,29,29,55,68,103,103,103,116,116,130,144,144,247,247,202,10,10,10,10,10,10,10,10,10,10,10,10,10,10,10,10,10,10,10,10,10,10,10,10,10,10,10,10,10,10,10,10],"floor_reached":51,"playtime":2972,"items_purged":[],"score":1220,"play_id":"ecadf8ad-ccc0-41cf-96cc-2c805e498f05","local_time":"20181010230032","is_ascension_mode":true,"campfire_choices":[{"floor":12,"key":"REST"},{"data":"Heavy Blade","floor":15,"key":"SMITH"},{"floor":24,"key":"REST"},{"data":"Heavy Blade","floor":32,"key":"SMITH"},{"floor":45,"key":"REST"},{"data":"Offering","floor":49,"key":"SMITH"}],"neow_cost":"NO_GOLD","seed_source_timestamp":16418619159740,"circlet_count":0,"master_deck":["Strike_R","Strike_R","Strike_R","Strike_R","Strike_R+1","Defend_R","Defend_R","Defend_R+1","Bash","Armaments+1","Pummel","Sword Boomerang","Heavy Blade+1","Flex","Shrug It Off","Ghostly Armor","Sword Boomerang","Reaper","Cleave+1","Apotheosis","Twin Strike","Demon Form","Impervious","Sword Boomerang","Clothesline+1","Heavy Blade+1","Offering+1","Heavy Blade","Madness","Madness","Clothesline+1","Flex+1"],"relics":["Burning Blood","Red Skull","Kunai","Happy Flower","Ectoplasm","Anchor","Ice Cream","Pear","Juzu Bracelet","Vajra","Busted Crown","Lantern","Dead Branch","MawBank","Art of War","Bag of Preparation"],"potions_floor_usage":[8,18,25,33,46,50],"damage_taken":[{"damage":12,"enemies":"2 Louse","floor":1,"turns":4},{"damage":4,"enemies":"Jaw Worm","floor":3,"turns":3},{"damage":44,"enemies":"Gremlin Nob","floor":6,"turns":5},{"damage":3,"enemies":"Small Slimes","floor":7,"turns":2},{"damage":19,"enemies":"Lagavulin","floor":8,"turns":4},{"damage":3,"enemies":"Blue Slaver","floor":11,"turns":2},{"damage":10,"enemies":"Exordium Wildlife","floor":13,"turns":3},{"damage":0,"enemies":"Large Slime","floor":14,"turns":3},{"damage":17,"enemies":"The Guardian","floor":16,"turns":9},{"damage":3,"enemies":"2 Thieves","floor":18,"turns":3},{"damage":19,"enemies":"Shell Parasite","floor":20,"turns":6},{"damage":34,"enemies":"Cultist and Chosen","floor":22,"turns":6},{"damage":46,"enemies":"Slavers","floor":23,"turns":9},{"damage":0,"enemies":"Gremlin Leader","floor":25,"turns":7},{"damage":20,"enemies":"Snake Plant","floor":27,"turns":5},{"damage":47,"enemies":"Slavers","floor":28,"turns":8},{"damage":2,"enemies":"3 Cultists","floor":30,"turns":3},{"damage":36,"enemies":"Automaton","floor":33,"turns":6},{"damage":19,"enemies":"Orb Walker","floor":35,"turns":3},{"damage":53,"enemies":"3 Darklings","floor":36,"turns":6},{"damage":32,"enemies":"4 Shapes","floor":39,"turns":5},{"damage":28,"enemies":"2 Orb Walkers","floor":40,"turns":5},{"damage":24,"enemies":"Mind Bloom Boss Battle","floor":41,"turns":5},{"damage":30,"enemies":"Nemesis","floor":42,"turns":5},{"damage":0,"enemies":"Transient","floor":46,"turns":5},{"damage":6,"enemies":"Giant Head","floor":47,"turns":6},{"damage":0,"enemies":"Reptomancer","floor":48,"turns":3},{"damage":66,"enemies":"Time Eater","floor":50,"turns":7}],"seed_played":"5676671001604916628","potions_obtained":[{"floor":6,"key":"Poison Potion"},{"floor":7,"key":"FearPotion"},{"floor":16,"key":"Poison Potion"},{"floor":18,"key":"Poison Potion"},{"floor":22,"key":"PowerPotion"},{"floor":27,"key":"Fire Potion"},{"floor":35,"key":"Energy Potion"},{"floor":39,"key":"Ancient Potion"},{"floor":42,"key":"Strength Potion"}],"is_trial":false,"path_per_floor":["M","?","M","?","?","E","M","E","T","$","M","R","M","M","R","B",null,"M","$","M","?","M","E","R","E","T","M","E","$","M","?","R","B",null,"M","M","?","$","M","E","?","E","T","?","R","M","E","M","R","B"],"character_chosen":"IRONCLAD","items_purchased":["Apotheosis"],"campfire_rested":3,"item_purchase_floors":[19],"current_hp_per_floor":[82,63,65,65,65,27,30,17,17,17,20,48,44,50,50,39,82,85,85,72,72,57,17,45,61,71,57,20,20,45,45,45,39,89,79,58,45,45,64,60,42,18,18,18,49,64,96,102,102,42],"gold":10,"neow_bonus":"TWENTY_PERCENT_HP_BONUS","is_prod":false,"is_daily":false,"chose_seed":false,"campfire_upgraded":3,"win_rate":0,"timestamp":1539226832,"path_taken":["M","?","M","?","?","E","M","E","T","?","M","R","M","M","R","BOSS","M","$","M","?","M","E","R","E","T","M","E","$","M","?","R","BOSS","M","M","?","?","M","E","?","E","T","?","R","M","E","M","R","BOSS"],"build_version":"2018-10-04v2","purchased_purges":0,"victory":true,"max_hp_per_floor":[96,96,96,96,96,96,96,96,96,96,96,96,96,96,96,96,96,96,96,96,96,96,96,96,96,106,106,106,106,106,106,106,106,106,106,106,106,106,106,106,106,106,106,106,106,106,106,106,106,106],"card_choices":[{"not_picked":["Sword Boomerang","Ghostly Armor"],"picked":"Armaments","floor":1},{"not_picked":["Body Slam","Pommel Strike"],"picked":"Pummel","floor":3},{"not_picked":["Pommel Strike","Barricade"],"picked":"Sword Boomerang","floor":6},{"not_picked":["Headbutt","Whirlwind"],"picked":"Heavy Blade","floor":7},{"not_picked":["Bludgeon","Warcry"],"picked":"Flex","floor":8},{"not_picked":["Flex","Twin Strike"],"picked":"Shrug It Off","floor":11},{"not_picked":["Dropkick","True Grit"],"picked":"Ghostly Armor","floor":13},{"not_picked":["Sever Soul","Flex"],"picked":"Sword Boomerang","floor":14},{"not_picked":["Exhume","Immolate"],"picked":"Reaper","floor":16},{"not_picked":["Dropkick","Armaments"],"picked":"Cleave+1","floor":18},{"not_picked":["Havoc","Second Wind"],"picked":"Twin Strike","floor":20},{"not_picked":["Clothesline","Anger","Dual Wield"],"picked":"SKIP","floor":22},{"not_picked":["Sword Boomerang","Body Slam"],"picked":"Impervious","floor":23},{"not_picked":["Combust","Wild Strike"],"picked":"Sword Boomerang","floor":25},{"not_picked":["Flex","Twin Strike"],"picked":"Clothesline+1","floor":27},{"not_picked":["Warcry","Brutality","Clothesline"],"picked":"SKIP","floor":28},{"not_picked":["Entrench+1","Armaments"],"picked":"Heavy Blade","floor":30},{"not_picked":["Juggernaut","Bludgeon"],"picked":"Offering","floor":33},{"not_picked":[],"picked":"Heavy Blade","floor":35},{"not_picked":["Havoc"],"picked":"SKIP","floor":36},{"not_picked":["True Grit"],"picked":"SKIP","floor":39},{"not_picked":["Evolve"],"picked":"SKIP","floor":40},{"not_picked":["Armaments"],"picked":"SKIP","floor":42},{"not_picked":[],"picked":"Clothesline+1","floor":46},{"not_picked":["Dark Embrace"],"picked":"SKIP","floor":47},{"not_picked":[],"picked":"Flex+1","floor":48}],"player_experience":319011,"relics_obtained":[{"floor":6,"key":"Red Skull"},{"floor":8,"key":"Kunai"},{"floor":9,"key":"Happy Flower"},{"floor":23,"key":"Anchor"},{"floor":25,"key":"Ice Cream"},{"floor":26,"key":"Pear"},{"floor":28,"key":"Juzu Bracelet"},{"floor":40,"key":"Lantern"},{"floor":41,"key":"Dead Branch"},{"floor":42,"key":"MawBank"},{"floor":43,"key":"Art of War"},{"floor":47,"key":"Bag of Preparation"}],"event_choices":[{"event_name":"Shining Light","player_choice":"Entered Light","floor":2,"damage_taken":0},{"event_name":"The Cleric","player_choice":"Leave","floor":4,"damage_taken":0},{"event_name":"Upgrade Shrine","player_choice":"Upgraded","floor":5,"damage_taken":0},{"event_name":"The Library","player_choice":"Read","floor":21,"damage_taken":0},{"event_name":"The Mausoleum","player_choice":"Yes","floor":31,"damage_taken":0},{"event_name":"Winding Halls","player_choice":"Embrace Madness","floor":37,"damage_taken":0},{"event_name":"MindBloom","player_choice":"Fight","floor":41,"damage_taken":0},{"event_name":"Falling","player_choice":"Removed Skill","floor":44,"damage_taken":0}],"is_beta":false,"boss_relics":[{"not_picked":["Eternal Feather","Empty Cage"],"picked":"Ectoplasm"},{"not_picked":["Lizard Tail","Black Star"],"picked":"Busted Crown"}],"items_purged_floors":[],"is_endless":false,"potions_floor_spawned":[6,7,16,18,22,27,30,35,39,42],"ascension_level":9}