{"gold_per_floor":[114,114,127,83,83,112,128,128,196,196,206,222,250,266,266,367,367,380,3,19,19,31,31,44,61,61,117,130,148,148,161,161,161],"floor_reached":33,"playtime":1847,"items_purged":[],"score":439,"play_id":"61e51288-08d9-4662-9dda-d34a1e572ab1","local_time":"20181123210633","is_ascension_mode":true,"campfire_choices":[{"data":"Shockwave","floor":8.0,"key":"SMITH"},{"data":"Clothesline","floor":10.0,"key":"SMITH"},{"data":"Armaments","floor":15.0,"key":"SMITH"},{"floor":23.0,"key":"REST"},{"floor":30,"key":"REST"},{"floor":32,"key":"REST"}],"neow_cost":"NONE","seed_source_timestamp":1022192923149384,"circlet_count":0,"master_deck":["AscendersBane","Strike_R","Strike_R","Strike_R","Defend_R","Defend_R","Defend_R","Defend_R","Bash","Whirlwind+1","Clothesline+1","Rupture","Shockwave+1","Reckless Charge","Armaments+1","Warcry","Reaper","Headbutt","Evolve","Sentinel+1","Whirlwind","Hemokinesis","Seeing Red","Infernal Blade+1","Metallicize+1","Second Wind"],"special_seed":0,"relics":["Burning Blood","Smiling Mask","The Courier","Art of War","Cursed Key","Membership Card","Bronze Scales","Omamori","Oddly Smooth Stone","Pantograph","Tiny Chest"],"potions_floor_usage":[27,33,33],"damage_taken":[{"damage":9.0,"enemies":"Jaw Worm","floor":1.0,"turns":5.0},{"damage":0.0,"enemies":"Small Slimes","floor":3.0,"turns":2.0},{"damage":31.0,"enemies":"Gremlin Nob","floor":6.0,"turns":5.0},{"damage":0.0,"enemies":"2 Louse","floor":7.0,"turns":1.0},{"damage":12.0,"enemies":"Exordium Thugs","floor":11.0,"turns":4.0},{"damage":0.0,"enemies":"Large Slime","floor":12.0,"turns":4.0},{"damage":20.0,"enemies":"Lagavulin","floor":13.0,"turns":6.0},{"damage":0.0,"enemies":"Gremlin Gang","floor":14.0,"turns":1.0},{"damage":60.0,"enemies":"Hexaghost","floor":16.0,"turns":13.0},{"damage":25.0,"enemies":"3 Byrds","floor":18.0,"turns":5.0},{"damage":24.0,"enemies":"Shell Parasite","floor":20.0,"turns":6.0},{"damage":21.0,"enemies":"Shelled Parasite and Fungi","floor":22.0,"turns":6.0},{"damage":20.0,"enemies":"Centurion and Healer","floor":24.0,"turns":5.0},{"damage":3.0,"enemies":"3 Cultists","floor":25.0,"turns":3.0},{"damage":44,"enemies":"Slavers","floor":27,"turns":6},{"damage":14,"enemies":"Chosen and Byrds","floor":28,"turns":6},{"damage":28,"enemies":"Centurion and Healer","floor":29,"turns":7},{"damage":8,"enemies":"3 Cultists","floor":31,"turns":3},{"damage":113,"enemies":"Champ","floor":33,"turns":11}],"seed_played":"6581615176300086252","potions_obtained":[{"floor":6.0,"key":"Swift Potion"},{"floor":7.0,"key":"Swift Potion"},{"floor":12.0,"key":"BloodPotion"},{"floor":20.0,"key":"SkillPotion"},{"floor":22.0,"key":"Swift Potion"},{"floor":29,"key":"Block Potion"},{"floor":31,"key":"EssenceOfSteel"}],"is_trial":false,"path_per_floor":["M","?","M","?","?","E","M","R","T","R","M","M","E","M","M","R","B",null,"M","$","M","?","M","R","M","M","T","E","M","M","R","M","R","B"],"character_chosen":"IRONCLAD","items_purchased":["Membership Card","Bronze Scales","Omamori","Evolve","Oddly Smooth Stone"],"campfire_rested":3,"item_purchase_floors":[19,19,19,19,19],"current_hp_per_floor":[77,77,83,83,83,58,64,64,64,64,58,64,50,56,56,10,69,57,57,45,45,36,62,48,51,51,13,17,7,33,46,72,0],"gold":161,"neow_bonus":"TEN_PERCENT_HP_BONUS","is_prod":false,"is_daily":false,"chose_seed":false,"campfire_upgraded":3,"win_rate":0,"timestamp":1543025193,"path_taken":["M","?","M","?","?","E","?","R","T","R","M","M","E","M","R","BOSS","M","$","M","?","M","R","M","?","T","E","?","M","R","?","R","BOSS"],"build_version":"2018-11-15","purchased_purges":0,"victory":false,"max_hp_per_floor":[88,88,88,88,88,88,88,88,88,88,88,88,88,88,88,88,88,88,88,88,88,88,88,88,88,88,88,88,88,88,88,88,88],"card_choices":[{"not_picked":["Clothesline","Flex"],"picked":"Whirlwind","floor":1.0},{"not_picked":["Evolve","Fire Breathing"],"picked":"Clothesline","floor":3.0},{"not_picked":["Feel No Pain","Fire Breathing"],"picked":"Rupture","floor":6.0},{"not_picked":["Evolve","Burning Pact"],"picked":"Shockwave","floor":7.0},{"not_picked":["Wild Strike","Whirlwind"],"picked":"Reckless Charge","floor":11.0},{"not_picked":["Flex","Burning Pact","Blood for Blood"],"picked":"SKIP","floor":12.0},{"not_picked":["Body Slam","Perfected Strike"],"picked":"Armaments","floor":13.0},{"not_picked":["Searing Blow","Wild Strike"],"picked":"Warcry","floor":14.0},{"not_picked":["Barricade","Berserk"],"picked":"Reaper","floor":16.0},{"not_picked":["Twin Strike+1","Burning Pact"],"picked":"Headbutt","floor":18.0},{"not_picked":["Intimidate","Warcry+1"],"picked":"Sentinel+1","floor":20.0},{"not_picked":["Body Slam","Burning Pact"],"picked":"Hemokinesis","floor":22.0},{"not_picked":["Havoc","Headbutt","Twin Strike"],"picked":"SKIP","floor":24.0},{"not_picked":["Feel No Pain","Body Slam","Entrench"],"picked":"SKIP","floor":25.0},{"not_picked":["Corruption","Sword Boomerang"],"picked":"Seeing Red","floor":27},{"not_picked":["Anger","Iron Wave"],"picked":"Infernal Blade+1","floor":28},{"not_picked":["Sever Soul","Rage+1"],"picked":"Metallicize+1","floor":29},{"not_picked":["Heavy Blade","Bludgeon"],"picked":"Second Wind","floor":31}],"player_experience":416676,"relics_obtained":[{"floor":6.0,"key":"Smiling Mask"},{"floor":9.0,"key":"The Courier"},{"floor":13.0,"key":"Art of War"},{"floor":26.0,"key":"Pantograph"},{"floor":27,"key":"Tiny Chest"}],"event_choices":[{"damage_healed":0.0,"max_hp_gain":0.0,"max_hp_loss":0.0,"gold_gain":0.0,"event_name":"Living Wall","player_choice":"Grow","floor":2.0,"gold_loss":0.0,"damage_taken":0.0,"cards_upgraded":["Whirlwind"]},{"damage_healed":0.0,"max_hp_gain":0.0,"max_hp_loss":0.0,"gold_gain":0.0,"event_name":"World of Goop","player_choice":"Left Gold","floor":4.0,"gold_loss":44.0,"damage_taken":0.0},{"cards_removed":["Strike_R"],"damage_healed":0.0,"max_hp_gain":0.0,"max_hp_loss":0.0,"gold_gain":0.0,"event_name":"Purifier","player_choice":"Purged","floor":5.0,"gold_loss":0.0,"damage_taken":0.0},{"damage_healed":0.0,"max_hp_gain":0.0,"max_hp_loss":0.0,"gold_gain":0.0,"cards_transformed":["Strike_R"],"event_name":"Transmorgrifier","player_choice":"Transformed","floor":21.0,"gold_loss":0.0,"damage_taken":0.0,"cards_obtained":["Whirlwind"]}],"is_beta":false,"boss_relics":[{"not_picked":["Runic Cube","Velvet Choker"],"picked":"Cursed Key"}],"items_purged_floors":[],"is_endless":false,"potions_floor_spawned":[6,7,11,12,20,22,29,31],"killed_by":"Champ","ascension_level":11}