{"gold_per_floor":[118,22,97,116,1,33,52,52,76,92,123,123,136,151,151,256,256,267,46,46,46,57,57,57],"floor_reached":24,"playtime":673,"items_purged":[],"score":268,"play_id":"83eeb01e-9d49-4bb2-b2d9-5053e2a26cb2","local_time":"20180813154802","is_ascension_mode":true,"campfire_choices":[{"data":"Uppercut","floor":8,"key":"SMITH"},{"data":"Carnage","floor":12,"key":"SMITH"},{"floor":15,"key":"REST"},{"floor":23,"key":"REST"}],"neow_cost":"NONE","seed_source_timestamp":175114736085,"circlet_count":0,"master_deck":["Strike_R","Strike_R","Strike_R","Strike_R","Strike_R","Defend_R","Defend_R","Defend_R","Defend_R","Bash","Perfected Strike","Perfected Strike","Shrug It Off","Sword Boomerang","Carnage+1","Rage","Clash","Uppercut+1","Metallicize","Dark Embrace+1","Heavy Blade","Flex","Immolate","Body Slam","Warcry","Ghostly","Ghostly","Ghostly","Ghostly","Ghostly","Flex"],"relics":["Burning Blood","NeowsBlessing","Bag of Preparation","Regal Pillow","Frozen Egg 2","Fusion Hammer","Medical Kit"],"potions_floor_usage":[10,16,22,24],"damage_taken":[{"damage":0,"enemies":"2 Louse","floor":1,"turns":1},{"damage":0,"enemies":"Jaw Worm","floor":4,"turns":1},{"damage":0,"enemies":"3 Sentries","floor":6,"turns":2},{"damage":0,"enemies":"Cultist","floor":7,"turns":3},{"damage":5,"enemies":"Gremlin Gang","floor":10,"turns":3},{"damage":22,"enemies":"Lagavulin","floor":11,"turns":6},{"damage":7,"enemies":"Blue Slaver","floor":13,"turns":3},{"damage":5,"enemies":"Exordium Thugs","floor":14,"turns":3},{"damage":44,"enemies":"Hexaghost","floor":16,"turns":9},{"damage":0,"enemies":"Chosen","floor":18,"turns":3},{"damage":6,"enemies":"Spheric Guardian","floor":22,"turns":3},{"damage":44,"enemies":"Gremlin Leader","floor":24,"turns":7}],"seed_played":"3412517331659174680","potions_obtained":[{"floor":4,"key":"Strength Potion"},{"floor":7,"key":"Poison Potion"},{"floor":16,"key":"SkillPotion"},{"floor":18,"key":"Block Potion"}],"is_trial":false,"path_per_floor":["M","$","?","M","$","E","M","R","T","M","E","R","M","M","R","B",null,"M","$","?","?","M","R"],"character_chosen":"IRONCLAD","items_purchased":["Perfected Strike","Shrug It Off","Carnage","Rage","Medical Kit","Warcry"],"campfire_rested":2,"item_purchase_floors":[2,2,5,5,19,19],"current_hp_per_floor":[80,80,69,75,75,80,80,80,80,80,64,64,63,64,80,42,80,80,80,80,40,40,40,0],"gold":57,"neow_bonus":"THREE_ENEMY_KILL","is_prod":false,"is_daily":false,"chose_seed":false,"campfire_upgraded":2,"win_rate":0,"timestamp":1534168082,"path_taken":["M","$","?","?","$","E","M","R","T","M","E","R","?","M","R","BOSS","M","$","?","?","M","R","E"],"build_version":"2018-08-09","purchased_purges":0,"victory":false,"max_hp_per_floor":[80,80,80,80,80,80,80,80,80,80,80,80,80,80,80,80,80,80,80,80,40,40,40,40],"card_choices":[{"not_picked":["Iron Wave","Carnage"],"picked":"Perfected Strike","floor":1},{"not_picked":["Iron Wave","Wild Strike"],"picked":"Sword Boomerang","floor":4},{"not_picked":["Thunderclap","Rampage"],"picked":"Clash","floor":6},{"not_picked":["Blood for Blood","Seeing Red"],"picked":"Uppercut","floor":7},{"not_picked":["Havoc","Limit Break"],"picked":"Metallicize","floor":10},{"not_picked":["Rage","Metallicize"],"picked":"Dark Embrace","floor":11},{"not_picked":["Pommel Strike","Cleave"],"picked":"Heavy Blade","floor":13},{"not_picked":["Uppercut","Power Through"],"picked":"Flex","floor":14},{"not_picked":["Brutality+1","Berserk+1"],"picked":"Immolate","floor":16},{"not_picked":["Hemokinesis","Havoc"],"picked":"Body Slam","floor":18},{"not_picked":["Sever Soul","Headbutt"],"picked":"Flex","floor":22}],"player_experience":174391,"relics_obtained":[{"floor":6,"key":"Bag of Preparation"},{"floor":9,"key":"Regal Pillow"},{"floor":11,"key":"Frozen Egg 2"}],"event_choices":[{"event_name":"World of Goop","player_choice":"Gather Gold","floor":3,"damage_taken":0},{"event_name":"Beggar","player_choice":"Ignored","floor":20,"damage_taken":0},{"event_name":"Ghosts","player_choice":"Became a Ghost","floor":21,"damage_taken":0}],"is_beta":false,"boss_relics":[{"not_picked":["Eternal Feather","Pandora\u0027s Box"],"picked":"Fusion Hammer"}],"items_purged_floors":[],"is_endless":false,"potions_floor_spawned":[4,7,16,18],"killed_by":"Gremlin Leader","ascension_level":1}