{"gold_per_floor":[116,116,132,132,142,175,175,190,271,290,310,310],"floor_reached":12,"playtime":578,"items_purged":[],"score":98,"play_id":"4b8d9fa0-0339-49b5-98ab-12ccbd5bddbd","local_time":"20180815204256","is_ascension_mode":true,"campfire_choices":[{"floor":7,"key":"REST"}],"neow_cost":"","seed_source_timestamp":6498605622125,"circlet_count":0,"master_deck":["Strike_B","Strike_B","Strike_B","Defend_B","Defend_B","Defend_B","Zap","Dualcast","Reprogram","Aggregate","Sunder","Sweeping Beam","Leap","Chill","Recycle","Static Discharge"],"relics":["Cracked Core","Incense Burner","Smiling Mask"],"potions_floor_usage":[5,12],"damage_taken":[{"damage":6,"enemies":"2 Louse","floor":1,"turns":2},{"damage":12,"enemies":"Jaw Worm","floor":3,"turns":2},{"damage":4,"enemies":"Small Slimes","floor":5,"turns":4},{"damage":35,"enemies":"Lagavulin","floor":6,"turns":7},{"damage":0,"enemies":"Red Slaver","floor":8,"turns":4},{"damage":8,"enemies":"Blue Slaver","floor":10,"turns":3},{"damage":12,"enemies":"2 Fungi Beasts","floor":11,"turns":3},{"damage":31,"enemies":"Gremlin Nob","floor":12,"turns":3}],"seed_played":"-5903614296084603517","potions_obtained":[{"floor":1,"key":"Regen Potion"},{"floor":5,"key":"Dexterity Potion"},{"floor":11,"key":"Poison Potion"}],"is_trial":false,"path_per_floor":["M","?","M","?","M","E","R","M","T","M","M"],"character_chosen":"DEFECT","items_purchased":[],"campfire_rested":1,"item_purchase_floors":[],"current_hp_per_floor":[69,69,57,50,58,23,45,45,45,37,25,0],"gold":310,"neow_bonus":"","is_prod":false,"is_daily":false,"chose_seed":false,"campfire_upgraded":0,"win_rate":0,"timestamp":1534380176,"path_taken":["M","?","M","?","M","E","R","M","T","M","M","E"],"build_version":"2018-08-09","purchased_purges":0,"victory":false,"max_hp_per_floor":[75,75,75,75,75,75,75,75,75,75,75,75],"card_choices":[{"not_picked":["Blizzard","Compile Driver"],"picked":"Reprogram","floor":1},{"not_picked":["Undo","Compile Driver"],"picked":"Sunder","floor":3},{"not_picked":["Stack","Turbo"],"picked":"Sweeping Beam","floor":5},{"not_picked":["Multi-Cast","Turbo"],"picked":"Leap","floor":6},{"not_picked":["Rip and Tear","Barrage"],"picked":"Chill","floor":8},{"not_picked":["Consume","Beam Cell"],"picked":"Recycle","floor":10},{"not_picked":["Sunder","FTL"],"picked":"Static Discharge","floor":11}],"player_experience":196319,"relics_obtained":[{"floor":6,"key":"Incense Burner"},{"floor":9,"key":"Smiling Mask"}],"event_choices":[{"event_name":"Living Wall","player_choice":"Change","floor":2,"damage_taken":0},{"event_name":"Golden Wing","player_choice":"Card Removal","floor":4,"damage_taken":0}],"is_beta":false,"boss_relics":[],"items_purged_floors":[],"is_endless":false,"potions_floor_spawned":[1,5,11],"killed_by":"Gremlin Nob","ascension_level":4}