{"gold_per_floor":[116,134,84,29,41,72,89,121,121,121,137,163,179,189,189,293,293,309,329,342,355,21,32,48,48,48,48,48,66,92,112,112,112],"floor_reached":33,"playtime":2158,"items_purged":["Sunder"],"score":457,"play_id":"f91a0888-62d3-481c-a6f6-af3d32d50856","local_time":"20181029135444","is_ascension_mode":true,"campfire_choices":[{"floor":10,"key":"REST"},{"data":"Hyperbeam","floor":15,"key":"SMITH"},{"data":"Conserve Battery","floor":28,"key":"SMITH"},{"floor":32,"key":"REST"}],"neow_cost":"TEN_PERCENT_HP_LOSS","seed_source_timestamp":116467525963951,"circlet_count":0,"master_deck":["Strike_B","Strike_B","Defend_B","Defend_B","Defend_B","Zap","Dualcast","AscendersBane","Genetic Algorithm","Compile Driver","Hyperbeam+1","White Noise","Conserve Battery+1","Auto Shields","Echo Form","Rebound","Redo+1","Recycle+1","Self Repair+1","Leap","Stack","Reinforced Body+1"],"relics":["Cracked Core","Art of War","Letter Opener","Dead Branch","Mango","Thread and Needle","Nuclear Battery","Matryoshka","Blood Vial","Regal Pillow","Ornamental Fan"],"potions_floor_usage":[6,7,8,18],"damage_taken":[{"damage":4,"enemies":"Small Slimes","floor":1,"turns":3},{"damage":0,"enemies":"2 Louse","floor":2,"turns":2},{"damage":2,"enemies":"Jaw Worm","floor":5,"turns":3},{"damage":3,"enemies":"3 Sentries","floor":6,"turns":7},{"damage":4,"enemies":"Looter","floor":7,"turns":3},{"damage":51,"enemies":"Lagavulin","floor":8,"turns":6},{"damage":0,"enemies":"Gremlin Gang","floor":11,"turns":1},{"damage":12,"enemies":"Gremlin Nob","floor":12,"turns":4},{"damage":0,"enemies":"2 Fungi Beasts","floor":13,"turns":2},{"damage":0,"enemies":"Red Slaver","floor":14,"turns":2},{"damage":29,"enemies":"The Guardian","floor":16,"turns":11},{"damage":0,"enemies":"Chosen","floor":18,"turns":6},{"damage":7,"enemies":"2 Thieves","floor":19,"turns":3},{"damage":6,"enemies":"Shelled Parasite and Fungi","floor":20,"turns":4},{"damage":25,"enemies":"Snake Plant","floor":21,"turns":4},{"damage":0,"enemies":"3 Cultists","floor":23,"turns":2},{"damage":0,"enemies":"Sentry and Sphere","floor":24,"turns":2},{"damage":13,"enemies":"Snake Plant","floor":29,"turns":3},{"damage":11,"enemies":"Slavers","floor":30,"turns":5},{"damage":0,"enemies":"3 Cultists","floor":31,"turns":3},{"damage":103,"enemies":"Collector","floor":33,"turns":13}],"seed_played":"-6498746352338059553","potions_obtained":[{"floor":1,"key":"SteroidPotion"},{"floor":2,"key":"Block Potion"},{"floor":7,"key":"Poison Potion"},{"floor":11,"key":"Ancient Potion"},{"floor":12,"key":"Explosive Potion"},{"floor":21,"key":"Explosive Potion"}],"is_trial":false,"path_per_floor":["M","M","?","?","M","E","M","E","T","R","M","E","M","M","R","B",null,"M","M","M","M","$","M","M","$","T","?","R","M","E","M","R"],"character_chosen":"DEFECT","items_purchased":["Matryoshka"],"campfire_rested":2,"item_purchase_floors":[22],"current_hp_per_floor":[64,64,64,64,62,59,55,4,18,42,42,30,30,30,30,1,62,62,55,49,24,24,24,24,24,24,51,51,40,41,53,82,0],"gold":112,"neow_bonus":"REMOVE_TWO","is_prod":false,"is_daily":false,"chose_seed":false,"campfire_upgraded":2,"win_rate":0,"timestamp":1540835684,"path_taken":["M","M","?","?","?","E","M","E","T","R","M","E","M","M","R","BOSS","M","?","?","M","$","M","M","?","T","?","R","M","E","M","R","BOSS"],"build_version":"2018-10-25v2","purchased_purges":1,"victory":false,"max_hp_per_floor":[68,68,68,68,68,68,68,68,82,82,82,82,82,82,82,82,82,82,82,82,82,82,82,82,82,82,82,82,82,82,82,82,82],"card_choices":[{"not_picked":["Go for the Eyes","Chaos"],"picked":"Genetic Algorithm","floor":1},{"not_picked":["Compile Driver","Darkness"],"picked":"Sunder","floor":2},{"not_picked":["Genetic Algorithm","Coolheaded"],"picked":"Compile Driver","floor":5},{"not_picked":["Rebound","BootSequence"],"picked":"Hyperbeam","floor":6},{"not_picked":["Go for the Eyes","Ball Lightning","Consume"],"picked":"SKIP","floor":7},{"not_picked":["Consume","FTL"],"picked":"White Noise","floor":8},{"not_picked":["Rebound","Hologram"],"picked":"Conserve Battery","floor":11},{"not_picked":["Storm","Darkness","Compile Driver"],"picked":"SKIP","floor":12},{"not_picked":["Heatsinks","Stack"],"picked":"Auto Shields","floor":13},{"not_picked":["Cold Snap","Barrage","Glacier"],"picked":"SKIP","floor":14},{"not_picked":["Machine Learning","Thunder Strike"],"picked":"Echo Form","floor":16},{"not_picked":["Aggregate","Cold Snap"],"picked":"Rebound","floor":18},{"not_picked":["Lockon","Compile Driver"],"picked":"Redo+1","floor":19},{"not_picked":["Sunder","Gash+1","BootSequence+1"],"picked":"SKIP","floor":20},{"not_picked":["Compile Driver","Coolheaded"],"picked":"Recycle+1","floor":21},{"not_picked":["Loop","Barrage","Sunder"],"picked":"SKIP","floor":23},{"not_picked":["Barrage","Redo"],"picked":"Self Repair+1","floor":24},{"not_picked":["Rebound","Defragment+1"],"picked":"Leap","floor":29},{"not_picked":["Conserve Battery+1","Beam Cell"],"picked":"Stack","floor":30},{"not_picked":["Rebound","Streamline+1"],"picked":"Reinforced Body+1","floor":31}],"player_experience":389245,"relics_obtained":[{"floor":6,"key":"Letter Opener"},{"floor":8,"key":"Dead Branch"},{"floor":9,"key":"Mango"},{"floor":12,"key":"Thread and Needle"},{"floor":26,"key":"Blood Vial"},{"floor":26,"key":"Regal Pillow"},{"floor":30,"key":"Ornamental Fan"}],"event_choices":[{"cards_removed":["Strike_B"],"damage_healed":0,"gold_gain":0,"player_choice":"Card Removal","damage_taken":0,"max_hp_gain":0,"max_hp_loss":0,"event_name":"The Cleric","floor":3,"gold_loss":50},{"damage_healed":0,"gold_gain":0,"player_choice":"Paid Gold","damage_taken":0,"relics_obtained":["Art of War"],"max_hp_gain":0,"max_hp_loss":0,"event_name":"WeMeetAgain","floor":4,"gold_loss":55},{"damage_healed":27,"gold_gain":0,"player_choice":"Heal","damage_taken":0,"max_hp_gain":0,"max_hp_loss":0,"event_name":"The Library","floor":27,"gold_loss":0}],"is_beta":false,"boss_relics":[{"not_picked":["Philosopher\u0027s Stone","Sozu"],"picked":"Nuclear Battery"}],"items_purged_floors":[22],"is_endless":false,"potions_floor_spawned":[1,2,7,11,12,13,21,23,24],"killed_by":"Collector","ascension_level":11}