{"gold_per_floor":[109,20,20,33,53,53,0,0,0,0,40,64,64,89,89,89],"floor_reached":16,"playtime":666,"items_purged":[],"score":185,"play_id":"8e5e35ab-0e69-4b7a-992b-a59e612a4c2c","local_time":"20190126154920","is_ascension_mode":true,"campfire_choices":[{"data":"Cleave","floor":6.0,"key":"SMITH"},{"data":"Power Through","floor":8.0,"key":"SMITH"},{"data":"Wild Strike","floor":10.0,"key":"SMITH"},{"data":"Hemokinesis","floor":15.0,"key":"SMITH"}],"neow_cost":"TEN_PERCENT_HP_LOSS","seed_source_timestamp":310780497478796,"circlet_count":0,"master_deck":["AscendersBane","Strike_R","Strike_R","Strike_R","Strike_R","Strike_R","Defend_R","Defend_R","Defend_R","Defend_R","Bash","True Grit","Power Through+1","Injury","Cleave+1","Reckless Charge","Wild Strike+1","Iron Wave","Hemokinesis+1","True Grit"],"special_seed":0,"relics":["Burning Blood","Torii","Golden Idol","Ornamental Fan","Strawberry"],"potions_floor_usage":[16,16],"damage_taken":[{"damage":8.0,"enemies":"2 Louse","floor":1.0,"turns":3.0},{"damage":0.0,"enemies":"Small Slimes","floor":4.0,"turns":4.0},{"damage":1.0,"enemies":"Cultist","floor":5.0,"turns":4.0},{"damage":14.0,"enemies":"3 Sentries","floor":11.0,"turns":6.0},{"damage":7.0,"enemies":"Large Slime","floor":12.0,"turns":5.0},{"damage":26.0,"enemies":"Exordium Thugs","floor":14.0,"turns":4.0},{"damage":53,"enemies":"The Guardian","floor":16,"turns":11}],"seed_played":"7969887896324426635","potions_obtained":[{"floor":4.0,"key":"Poison Potion"},{"floor":5.0,"key":"BloodPotion"},{"floor":14.0,"key":"FearPotion"}],"is_trial":false,"path_per_floor":["M","$","?","M","M","R","$","R","T","R","E","M","?","M","R","B"],"character_chosen":"IRONCLAD","items_purchased":["Power Through","Wild Strike"],"campfire_rested":0,"item_purchase_floors":[2,7],"current_hp_per_floor":[66,66,66,68,68,68,68,68,68,68,67,66,66,46,46,0],"gold":89,"neow_bonus":"ONE_RARE_RELIC","is_prod":false,"is_daily":false,"chose_seed":false,"campfire_upgraded":4,"win_rate":0,"timestamp":1548535760,"path_taken":["M","$","?","M","M","R","$","R","T","R","E","M","?","M","R","BOSS"],"build_version":"2019-01-23","purchased_purges":0,"victory":false,"max_hp_per_floor":[68,68,68,68,68,68,68,68,68,68,75,75,75,75,75,75],"card_choices":[{"not_picked":["Perfected Strike","Body Slam"],"picked":"True Grit","floor":1.0},{"not_picked":["Clothesline","Flex"],"picked":"Cleave","floor":4.0},{"not_picked":["Warcry","Entrench"],"picked":"Reckless Charge","floor":5.0},{"not_picked":["Perfected Strike","Wild Strike"],"picked":"Iron Wave","floor":11.0},{"not_picked":["Sword Boomerang","Clash"],"picked":"Hemokinesis","floor":12.0},{"not_picked":["Flex","Intimidate"],"picked":"True Grit","floor":14.0}],"player_experience":575626,"relics_obtained":[{"floor":9.0,"key":"Ornamental Fan"},{"floor":11.0,"key":"Strawberry"}],"event_choices":[{"damage_healed":0.0,"max_hp_gain":0.0,"max_hp_loss":0.0,"gold_gain":0.0,"event_name":"Golden Idol","player_choice":"Take Wound","floor":3.0,"gold_loss":0.0,"damage_taken":0.0,"relics_obtained":["Golden Idol"],"cards_obtained":["Injury"]},{"damage_healed":0.0,"max_hp_gain":0.0,"max_hp_loss":0.0,"gold_gain":0.0,"event_name":"Liars Game","player_choice":"Ignored","floor":13.0,"gold_loss":0.0,"damage_taken":0.0}],"is_beta":false,"boss_relics":[],"items_purged_floors":[],"is_endless":false,"potions_floor_spawned":[4,5,14],"killed_by":"The Guardian","ascension_level":17}