{"gold_per_floor":[139,154,154,154,3,3,15,15,15,35,35,35,64,82,82,187,187,197,197,226,76,95,95,124,124,124,134,134,148,112,145,145,247,247,264,282,299,299,316,350,364,50,77,87,103,103,103,113,113,113],"floor_reached":51,"playtime":2581,"items_purged":["Decay"],"score":819,"play_id":"9fb4398f-6c10-4426-b9c2-0605f63a3525","local_time":"20190428170616","is_ascension_mode":false,"campfire_choices":[{"data":"Consume","floor":6.0,"key":"SMITH"},{"data":"Dualcast","floor":11.0,"key":"SMITH"},{"data":"Buffer","floor":15.0,"key":"SMITH"},{"data":"Defragment","floor":23.0,"key":"SMITH"},{"floor":25.0,"key":"REST"},{"data":"Defragment","floor":32.0,"key":"SMITH"},{"floor":46.0,"key":"REST"},{"data":"Rainbow","floor":49,"key":"SMITH"}],"neow_cost":"NONE","seed_source_timestamp":258285407020600,"circlet_count":0,"master_deck":["Zap","Dualcast+1","Ball Lightning","Consume+1","Glacier","Doom and Gloom","Cold Snap+1","Clumsy","Go for the Eyes+1","Buffer+1","Creative AI","Heatsinks","White Noise","Defragment+1","Ball Lightning+1","Capacitor+1","Compile Driver+1","Defragment+1","Biased Cognition","Thunder Strike+1","Reboot","Machine Learning","Double Energy","Multi-Cast","Rainbow+1","Redo","Thunder Strike+1","Conserve Battery+1","Defragment","Storm","Redo+1","Coolheaded","Heatsinks+1","Ball Lightning+1"],"special_seed":0,"relics":["Cracked Core","Tiny Chest","Molten Egg 2","Bottled Lightning","Pantograph","Philosopher\u0027s Stone","Red Mask","Centennial Puzzle","Bag of Marbles","Singing Bowl","Nunchaku","Pandora\u0027s Box","Bag of Preparation","Runic Capacitor","DataDisk","Dead Branch"],"potions_floor_usage":[48],"damage_taken":[{"damage":0.0,"enemies":"Small Slimes","floor":1.0,"turns":2.0},{"damage":1.0,"enemies":"Jaw Worm","floor":2.0,"turns":3.0},{"damage":0.0,"enemies":"2 Louse","floor":7.0,"turns":3.0},{"damage":3.0,"enemies":"Blue Slaver","floor":10.0,"turns":4.0},{"damage":8.0,"enemies":"Lagavulin","floor":13.0,"turns":6.0},{"damage":9.0,"enemies":"Exordium Thugs","floor":14.0,"turns":3.0},{"damage":13.0,"enemies":"The Guardian","floor":16.0,"turns":14.0},{"damage":11.0,"enemies":"Shell Parasite","floor":18.0,"turns":6.0},{"damage":15.0,"enemies":"Masked Bandits","floor":20.0,"turns":6.0},{"damage":3.0,"enemies":"Chosen","floor":22.0,"turns":4.0},{"damage":43.0,"enemies":"Gremlin Leader","floor":24.0,"turns":7.0},{"damage":3.0,"enemies":"Centurion and Healer","floor":27.0,"turns":6.0},{"damage":4.0,"enemies":"Sentry and Sphere","floor":29.0,"turns":7.0},{"damage":15.0,"enemies":"Book of Stabbing","floor":31.0,"turns":6.0},{"damage":0.0,"enemies":"Champ","floor":33.0,"turns":10.0},{"damage":1.0,"enemies":"3 Shapes","floor":35.0,"turns":5.0},{"damage":10.0,"enemies":"3 Darklings","floor":36.0,"turns":5.0},{"damage":6.0,"enemies":"Maw","floor":37.0,"turns":7.0},{"damage":24.0,"enemies":"Writhing Mass","floor":39.0,"turns":3.0},{"damage":2.0,"enemies":"Giant Head","floor":40.0,"turns":10.0},{"damage":17.0,"enemies":"Sphere and 2 Shapes","floor":41.0,"turns":3.0},{"damage":3.0,"enemies":"Jaw Worm Horde","floor":44.0,"turns":2.0},{"damage":3.0,"enemies":"Transient","floor":45.0,"turns":5.0},{"damage":9,"enemies":"Spire Growth","floor":48,"turns":5},{"damage":0,"enemies":"Time Eater","floor":50,"turns":5}],"seed_played":"-6430458902163991518","potions_obtained":[{"floor":1.0,"key":"Regen Potion"},{"floor":7.0,"key":"Swift Potion"},{"floor":10.0,"key":"GamblersBrew"},{"floor":22.0,"key":"Poison Potion"},{"floor":31.0,"key":"Ancient Potion"},{"floor":36.0,"key":"PowerPotion"},{"floor":37.0,"key":"EntropicBrew"},{"floor":39.0,"key":"Regen Potion"},{"floor":40.0,"key":"Weak Potion"},{"floor":44.0,"key":"Block Potion"}],"is_trial":false,"path_per_floor":["M","M","?","T","$","R","M","?","T","M","R","?","E","M","R","B",null,"M","?","?","$","M","R","E","R","T","M","T","M","$","E","R","B",null,"M","M","M","?","M","E","M","$","T","M","M","R","T","M","R","B",null],"character_chosen":"DEFECT","items_purchased":["Glacier","Doom and Gloom","White Noise","Defragment","Defragment","Runic Capacitor","Coolheaded"],"campfire_rested":2,"item_purchase_floors":[5,5,21,21,30,42,42],"current_hp_per_floor":[75,74,67,67,67,67,67,67,67,64,64,64,56,47,47,59,75,64,64,49,49,46,46,18,40,40,37,37,35,35,20,20,45,77,78,68,64,64,40,53,36,36,36,33,30,54,54,47,47,72],"gold":113,"neow_bonus":"RANDOM_COMMON_RELIC","is_prod":false,"is_daily":false,"chose_seed":false,"campfire_upgraded":6,"win_rate":0,"timestamp":1556485576,"path_taken":["M","M","?","?","?","R","M","?","T","M","R","?","E","M","R","BOSS","M","?","?","$","M","R","E","R","T","M","?","?","$","E","R","BOSS","M","M","M","?","M","E","M","$","T","?","M","R","?","M","R","BOSS"],"build_version":"2019-01-23","purchased_purges":1,"victory":true,"max_hp_per_floor":[75,75,75,75,75,75,75,75,75,75,75,75,75,75,75,75,75,75,75,75,75,75,75,75,75,75,75,75,77,77,77,77,77,77,79,79,81,81,81,81,81,81,81,81,81,81,81,83,83,83],"card_choices":[{"not_picked":["Self Repair","Go for the Eyes"],"picked":"Ball Lightning","floor":1.0},{"not_picked":["Sunder","Scrape"],"picked":"Consume","floor":2.0},{"not_picked":["Sweeping Beam","Gash","Barrage"],"picked":"SKIP","floor":7.0},{"not_picked":["Steam","Beam Cell+1"],"picked":"Cold Snap+1","floor":10.0},{"not_picked":["Machine Learning","Rebound+1"],"picked":"Go for the Eyes+1","floor":13.0},{"not_picked":["Coolheaded","Hologram"],"picked":"Buffer","floor":14.0},{"not_picked":["Hyperbeam+1","Machine Learning"],"picked":"Creative AI","floor":16.0},{"not_picked":["Beam Cell+1","Heatsinks","Turbo"],"picked":"SKIP","floor":18.0},{"not_picked":["Hologram","Force Field"],"picked":"Heatsinks","floor":20.0},{"not_picked":["Self Repair","Steam"],"picked":"Ball Lightning+1","floor":22.0},{"not_picked":["Chill","Scrape+1"],"picked":"Capacitor+1","floor":24.0},{"not_picked":["Thunder Strike+1","Ball Lightning+1"],"picked":"Compile Driver+1","floor":27.0},{"not_picked":["Aggregate","Reprogram","Go for the Eyes+1"],"picked":"Singing Bowl","floor":29.0},{"not_picked":["Conserve Battery+1","Redo"],"picked":"Biased Cognition","floor":31.0},{"not_picked":["Buffer","Meteor Strike+1"],"picked":"Thunder Strike+1","floor":33.0},{"not_picked":["Undo+1","Go for the Eyes+1","Barrage+1"],"picked":"Singing Bowl","floor":35.0},{"not_picked":["Compile Driver+1","Leap"],"picked":"Conserve Battery+1","floor":36.0},{"not_picked":["Coolheaded+1","BootSequence+1","Steam+1"],"picked":"Singing Bowl","floor":37.0},{"not_picked":["Streamline+1","Coolheaded+1"],"picked":"Defragment","floor":39.0},{"not_picked":["Hologram","Turbo+1"],"picked":"Storm","floor":40.0},{"not_picked":["Sweeping Beam+1","Streamline+1"],"picked":"Redo+1","floor":41.0},{"not_picked":["Leap+1","Gash+1"],"picked":"Heatsinks+1","floor":44.0},{"not_picked":["Darkness+1","Capacitor"],"picked":"Ball Lightning+1","floor":45.0},{"not_picked":["Defragment","Sweeping Beam+1","Meteor Strike+1"],"picked":"Singing Bowl","floor":48}],"player_experience":712057,"relics_obtained":[{"floor":9.0,"key":"Bottled Lightning"},{"floor":13.0,"key":"Pantograph"},{"floor":20.0,"key":"Red Mask"},{"floor":24.0,"key":"Centennial Puzzle"},{"floor":26.0,"key":"Bag of Marbles"},{"floor":28.0,"key":"Singing Bowl"},{"floor":31.0,"key":"Nunchaku"},{"floor":40.0,"key":"Bag of Preparation"},{"floor":43.0,"key":"DataDisk"},{"floor":47.0,"key":"Dead Branch"}],"event_choices":[{"cards_removed":["Strike_B"],"damage_healed":0.0,"max_hp_gain":0.0,"max_hp_loss":0.0,"gold_gain":0.0,"event_name":"Golden Wing","player_choice":"Card Removal","floor":3.0,"gold_loss":0.0,"damage_taken":7.0},{"damage_healed":0.0,"max_hp_gain":0.0,"max_hp_loss":0.0,"gold_gain":0.0,"event_name":"Big Fish","player_choice":"Box","floor":8.0,"gold_loss":0.0,"damage_taken":0.0,"relics_obtained":["Molten Egg 2"],"cards_obtained":["Regret"]},{"damage_healed":0.0,"max_hp_gain":0.0,"max_hp_loss":0.0,"gold_gain":0.0,"cards_transformed":["Regret"],"event_name":"Living Wall","player_choice":"Change","floor":12.0,"gold_loss":0.0,"damage_taken":0.0,"cards_obtained":["Clumsy"]},{"damage_healed":0.0,"max_hp_gain":0.0,"max_hp_loss":0.0,"gold_gain":0.0,"event_name":"Ghosts","player_choice":"Ignored","floor":19.0,"gold_loss":0.0,"damage_taken":0.0},{"damage_healed":0.0,"max_hp_gain":0.0,"max_hp_loss":0.0,"gold_gain":0.0,"event_name":"Masked Bandits","player_choice":"Fought Bandits","floor":20.0,"gold_loss":0.0,"damage_taken":0.0},{"damage_healed":0.0,"max_hp_gain":0.0,"max_hp_loss":0.0,"gold_gain":0.0,"event_name":"Wheel of Change","player_choice":"Cursed","floor":38.0,"gold_loss":0.0,"damage_taken":0.0,"cards_obtained":["Decay"]}],"is_beta":false,"boss_relics":[{"not_picked":["Astrolabe","Orrery"],"picked":"Philosopher\u0027s Stone"},{"not_picked":["Sozu","Empty Cage"],"picked":"Pandora\u0027s Box"}],"items_purged_floors":[42],"is_endless":false,"potions_floor_spawned":[1,7,10,22,31,36,37,39,40,44],"ascension_level":0}