{"gold_per_floor":[13,13,29,108,108,108,139,155,202,212,212,226,241,261,261,261],"floor_reached":16,"playtime":945,"items_purged":[],"score":161,"play_id":"0c9b299b-f6db-4023-bc41-a2ff6b7d86c8","local_time":"20181121200527","is_ascension_mode":true,"campfire_choices":[{"data":"Chill","floor":6.0,"key":"SMITH"},{"data":"Auto Shields","floor":11.0,"key":"SMITH"},{"floor":15.0,"key":"REST"}],"neow_cost":"NO_GOLD","seed_source_timestamp":1003390109173,"circlet_count":0,"master_deck":["AscendersBane","Strike_B","Strike_B","Strike_B","Strike_B","Defend_B","Defend_B","Defend_B","Defend_B","Zap","Dualcast","Biased Cognition","Chill+1","Hologram","Auto Shields+1","Reprogram","Blizzard","Conserve Battery","Loop"],"special_seed":0,"relics":["Cracked Core","Matryoshka","Ancient Tea Set","Potion Belt","Happy Flower"],"potions_floor_usage":[16],"damage_taken":[{"damage":8.0,"enemies":"2 Louse","floor":1.0,"turns":3.0},{"damage":7.0,"enemies":"Jaw Worm","floor":3.0,"turns":3.0},{"damage":26.0,"enemies":"3 Sentries","floor":7.0,"turns":14.0},{"damage":0.0,"enemies":"Small Slimes","floor":8.0,"turns":4.0},{"damage":1.0,"enemies":"3 Louse","floor":10.0,"turns":7.0},{"damage":0.0,"enemies":"Lots of Slimes","floor":12.0,"turns":3.0},{"damage":0.0,"enemies":"Blue Slaver","floor":13.0,"turns":3.0},{"damage":11.0,"enemies":"Exordium Thugs","floor":14.0,"turns":6.0},{"damage":65,"enemies":"Slime Boss","floor":16,"turns":11}],"seed_played":"1739952949568709910","potions_obtained":[{"floor":1.0,"key":"Dexterity Potion"},{"floor":5.0,"key":"EssenceOfSteel"},{"floor":5.0,"key":"SmokeBomb"},{"floor":7.0,"key":"Regen Potion"},{"floor":10.0,"key":"SteroidPotion"},{"floor":12.0,"key":"Explosive Potion"}],"is_trial":false,"path_per_floor":["M","?","M","T","?","R","E","M","T","M","R","M","M","M","R","B"],"character_chosen":"DEFECT","items_purchased":[],"campfire_rested":1,"item_purchase_floors":[],"current_hp_per_floor":[60,65,58,58,58,58,32,32,32,46,46,46,46,35,59,0],"gold":261,"neow_bonus":"THREE_RARE_CARDS","is_prod":false,"is_daily":false,"chose_seed":false,"campfire_upgraded":2,"win_rate":0,"timestamp":1542848727,"path_taken":["M","?","M","?","?","R","E","M","T","M","R","?","M","M","R","BOSS"],"build_version":"2018-11-15","purchased_purges":0,"victory":false,"max_hp_per_floor":[75,80,80,80,80,80,80,80,80,80,80,80,80,80,80,80],"card_choices":[{"not_picked":["Rainbow","Reboot"],"picked":"Biased Cognition","floor":0.0},{"not_picked":["Gash","Conserve Battery"],"picked":"Chill","floor":1.0},{"not_picked":["Rebound","Beam Cell"],"picked":"Hologram","floor":3.0},{"not_picked":["Rainbow","Leap"],"picked":"Auto Shields","floor":7.0},{"not_picked":["Beam Cell","Barrage"],"picked":"Reprogram","floor":8.0},{"not_picked":["Barrage","Hello World"],"picked":"Blizzard","floor":10.0},{"not_picked":["Force Field","Genetic Algorithm"],"picked":"Conserve Battery","floor":12.0},{"not_picked":["Aggregate","Static Discharge","Steam"],"picked":"SKIP","floor":13.0},{"not_picked":["Machine Learning","Ball Lightning"],"picked":"Loop","floor":14.0}],"player_experience":414716,"relics_obtained":[{"floor":4.0,"key":"Matryoshka"},{"floor":7.0,"key":"Ancient Tea Set"},{"floor":9.0,"key":"Potion Belt"},{"floor":9.0,"key":"Happy Flower"}],"event_choices":[{"damage_healed":0.0,"max_hp_gain":5.0,"max_hp_loss":0.0,"gold_gain":0.0,"event_name":"Big Fish","player_choice":"Donut","floor":2.0,"gold_loss":0.0,"damage_taken":0.0},{"damage_healed":0.0,"max_hp_gain":0.0,"max_hp_loss":0.0,"gold_gain":0.0,"event_name":"Lab","player_choice":"Got Potions","floor":5.0,"gold_loss":0.0,"damage_taken":0.0}],"is_beta":false,"boss_relics":[],"items_purged_floors":[],"is_endless":false,"potions_floor_spawned":[1,7,10,12],"killed_by":"Slime Boss","ascension_level":11}