{"gold_per_floor":[113,113,123,143,13,46,66,84,84,102,102,102,277,291,291,393,393,407,421,336,27,27,27,27,27,76,76,104,104,104,123,123,221,221,234,234,29,40,89,89,106,123,179,179,179,5,21,70,70,70],"floor_reached":51,"playtime":1916,"items_purged":[],"score":737,"play_id":"c7b402c6-e3f4-4d21-b52f-494e14a4d20f","local_time":"20181123170353","is_ascension_mode":false,"campfire_choices":[{"floor":11,"key":"REST"},{"floor":15,"key":"REST"},{"data":"Genetic Algorithm","floor":23,"key":"SMITH"},{"floor":27,"key":"REST"},{"floor":30,"key":"REST"},{"floor":32,"key":"REST"},{"data":"Fusion","floor":40,"key":"SMITH"},{"floor":44,"key":"REST"},{"floor":49,"key":"REST"}],"neow_cost":"NONE","seed_source_timestamp":2841186038518,"circlet_count":0,"master_deck":["Strike_B","Strike_B","Strike_B","Defend_B","Defend_B","Defend_B","Defend_B","Zap","Dualcast","Biased Cognition+1","Sweeping Beam","Streamline","Fusion+1","FTL","Coolheaded","Defragment+1","All For One","Steam","Leap","Ball Lightning","Creative AI+1","Genetic Algorithm+1","Compile Driver","Static Discharge+1","White Noise","Cold Snap","Reboot","PanicButton","Stack+1","Steam+1","Electrodynamics+1","Redo+1","Rebound+1","Steam Power+1","Go for the Eyes","Echo Form+1","Sweeping Beam","Static Discharge+1","Consume","BootSequence","Parasite","Capacitor+1"],"relics":["Cracked Core","Frozen Egg 2","Odd Mushroom","Pear","Nuclear Battery","Darkstone Periapt","Juzu Bracelet","Spirit Poop","Oddly Smooth Stone","Orichalcum","Sozu","OrangePellets","Mango","Tiny Chest","Bronze Scales"],"potions_floor_usage":[7,8,14,16,33,39,41],"damage_taken":[{"damage":6,"enemies":"Jaw Worm","floor":1,"turns":3},{"damage":1,"enemies":"2 Louse","floor":3,"turns":3},{"damage":0,"enemies":"Small Slimes","floor":4,"turns":3},{"damage":27,"enemies":"Lagavulin","floor":6,"turns":5},{"damage":19,"enemies":"The Mushroom Lair","floor":7,"turns":3},{"damage":2,"enemies":"Blue Slaver","floor":8,"turns":4},{"damage":6,"enemies":"Gremlin Gang","floor":10,"turns":4},{"damage":10,"enemies":"Lots of Slimes","floor":14,"turns":2},{"damage":27,"enemies":"Hexaghost","floor":16,"turns":9},{"damage":11,"enemies":"Spheric Guardian","floor":18,"turns":5},{"damage":11,"enemies":"Shell Parasite","floor":19,"turns":5},{"damage":23,"enemies":"Book of Stabbing","floor":28,"turns":6},{"damage":31,"enemies":"Cultist and Chosen","floor":31,"turns":7},{"damage":28,"enemies":"Collector","floor":33,"turns":9},{"damage":0,"enemies":"3 Darklings","floor":35,"turns":3},{"damage":0,"enemies":"3 Shapes","floor":38,"turns":3},{"damage":24,"enemies":"2 Orb Walkers","floor":39,"turns":4},{"damage":16,"enemies":"Spire Growth","floor":41,"turns":4},{"damage":4,"enemies":"3 Darklings","floor":42,"turns":2},{"damage":40,"enemies":"Writhing Mass","floor":47,"turns":9},{"damage":54,"enemies":"Donu and Deca","floor":50,"turns":6}],"seed_played":"7472661467068242658","potions_obtained":[{"floor":3,"key":"SpeedPotion"},{"floor":6,"key":"Fire Potion"},{"floor":7,"key":"SkillPotion"},{"floor":8,"key":"SteroidPotion"},{"floor":10,"key":"Strength Potion"},{"floor":31,"key":"Swift Potion"},{"floor":33,"key":"PowerPotion"}],"is_trial":false,"path_per_floor":["M","?","M","M","$","E","?","M","T","M","R","?","?","M","R","B",null,"M","M","?","$","?","R","?","?","T","R","E","?","R","M","R","B",null,"M","?","$","M","?","R","M","M","T","R","?","$","M","T","R","B",null],"character_chosen":"DEFECT","items_purchased":["FTL","Coolheaded","Juzu Bracelet","Static Discharge+1","White Noise","Cold Snap","OrangePellets","Static Discharge+1","Consume","BootSequence"],"campfire_rested":7,"item_purchase_floors":[5,5,21,21,21,21,37,46,46,46],"current_hp_per_floor":[69,69,68,68,68,41,22,20,30,24,49,49,49,39,64,37,85,74,63,63,63,63,63,63,63,63,85,62,46,73,42,69,41,90,90,90,90,90,80,80,64,60,60,91,91,91,57,57,90,36],"gold":70,"neow_bonus":"ONE_RANDOM_RARE_CARD","is_prod":false,"is_daily":false,"chose_seed":false,"campfire_upgraded":2,"win_rate":0,"timestamp":1542989033,"path_taken":["M","?","M","M","$","E","?","M","T","M","R","?","?","M","R","BOSS","M","M","?","$","?","R","?","?","T","R","E","?","R","M","R","BOSS","M","?","$","M","?","R","M","M","T","R","?","?","M","?","R","BOSS"],"build_version":"2018-11-15","purchased_purges":0,"victory":true,"max_hp_per_floor":[75,75,75,75,75,75,75,75,85,85,85,85,85,85,85,85,85,85,85,85,85,85,85,85,85,85,85,85,90,90,90,90,90,90,90,90,90,90,104,104,104,104,104,104,104,104,110,110,110,110],"card_choices":[{"not_picked":["Leap","Coolheaded"],"picked":"Sweeping Beam","floor":1},{"not_picked":["Sweeping Beam","Beam Cell"],"picked":"Streamline","floor":3},{"not_picked":["Steam Power","Cold Snap"],"picked":"Fusion","floor":4},{"not_picked":["Beam Cell","Sweeping Beam"],"picked":"Defragment","floor":6},{"not_picked":["Redo","Barrage"],"picked":"All For One","floor":7},{"not_picked":["Sweeping Beam","Rebound"],"picked":"Steam","floor":8},{"not_picked":["Chaos","Doom and Gloom"],"picked":"Leap","floor":10},{"not_picked":["Recycle","Steam"],"picked":"Ball Lightning","floor":14},{"not_picked":["Buffer+1","Machine Learning+1"],"picked":"Creative AI+1","floor":16},{"not_picked":["Conserve Battery","Compile Driver"],"picked":"Genetic Algorithm","floor":18},{"not_picked":["Barrage","Streamline"],"picked":"Compile Driver","floor":19},{"not_picked":["Doom and Gloom","Skim"],"picked":"Stack+1","floor":28},{"not_picked":["Rebound","Skim"],"picked":"Steam+1","floor":31},{"not_picked":["Reboot","Meteor Strike"],"picked":"Electrodynamics+1","floor":33},{"not_picked":["Chill","Go for the Eyes+1"],"picked":"Redo+1","floor":35},{"not_picked":["Redo","Leap"],"picked":"Rebound+1","floor":38},{"not_picked":["Ball Lightning","Blizzard+1"],"picked":"Steam Power+1","floor":39},{"not_picked":["Reprogram","Beam Cell"],"picked":"Go for the Eyes","floor":41},{"not_picked":["Stack","Ball Lightning"],"picked":"Echo Form+1","floor":42},{"not_picked":["Stack+1","Fusion+1"],"picked":"Capacitor+1","floor":47}],"player_experience":296227,"relics_obtained":[{"floor":6,"key":"Frozen Egg 2"},{"floor":7,"key":"Odd Mushroom"},{"floor":9,"key":"Pear"},{"floor":26,"key":"Oddly Smooth Stone"},{"floor":28,"key":"Orichalcum"},{"floor":39,"key":"Mango"},{"floor":43,"key":"Tiny Chest"},{"floor":48,"key":"Bronze Scales"}],"event_choices":[{"damage_healed":0,"gold_gain":0,"player_choice":"Ignored","damage_taken":0,"max_hp_gain":0,"max_hp_loss":0,"event_name":"Golden Wing","floor":2,"gold_loss":0},{"damage_healed":0,"gold_gain":0,"player_choice":"Fought Mushrooms","damage_taken":0,"max_hp_gain":0,"max_hp_loss":0,"event_name":"Mushrooms","floor":7,"gold_loss":0},{"damage_healed":0,"gold_gain":0,"player_choice":"Grow","damage_taken":0,"max_hp_gain":0,"max_hp_loss":0,"event_name":"Living Wall","floor":12,"gold_loss":0,"cards_upgraded":["Biased Cognition"]},{"damage_healed":0,"gold_gain":175,"player_choice":"AGREE","damage_taken":0,"max_hp_gain":0,"max_hp_loss":0,"event_name":"Liars Game","floor":13,"gold_loss":0,"cards_obtained":["Doubt"]},{"damage_healed":0,"gold_gain":0,"player_choice":"Obtained Relic","damage_taken":0,"relics_obtained":["Darkstone Periapt"],"max_hp_gain":0,"max_hp_loss":0,"event_name":"Addict","floor":20,"gold_loss":85},{"cards_removed":["Doubt"],"damage_healed":0,"gold_gain":0,"player_choice":"Offered Curse","damage_taken":0,"relics_obtained":["Spirit Poop"],"max_hp_gain":0,"max_hp_loss":0,"event_name":"Bonfire Elementals","floor":22,"gold_loss":0},{"damage_healed":0,"gold_gain":0,"player_choice":"2 cards matched","damage_taken":0,"max_hp_gain":0,"max_hp_loss":0,"event_name":"Match and Keep!","floor":24,"gold_loss":0,"cards_obtained":["Reboot","PanicButton"]},{"damage_healed":0,"gold_gain":0,"player_choice":"Ignored","damage_taken":0,"max_hp_gain":0,"max_hp_loss":0,"event_name":"Beggar","floor":25,"gold_loss":0},{"damage_healed":0,"gold_gain":0,"player_choice":"Shed Blood","damage_taken":21,"max_hp_gain":5,"max_hp_loss":0,"event_name":"Forgotten Altar","floor":29,"gold_loss":0},{"cards_removed":["Strike_B"],"damage_healed":0,"gold_gain":0,"player_choice":"Purged","damage_taken":0,"max_hp_gain":0,"max_hp_loss":0,"event_name":"Purifier","floor":36,"gold_loss":0},{"damage_healed":0,"gold_gain":0,"player_choice":"Fight","damage_taken":0,"max_hp_gain":0,"max_hp_loss":0,"event_name":"Mysterious Sphere","floor":39,"gold_loss":0},{"damage_healed":0,"gold_gain":0,"player_choice":"1 cards matched","damage_taken":0,"max_hp_gain":0,"max_hp_loss":0,"event_name":"Match and Keep!","floor":45,"gold_loss":0,"cards_obtained":["Sweeping Beam"]}],"is_beta":false,"boss_relics":[{"not_picked":["Runic Dome","Pandora\u0027s Box"],"picked":"Nuclear Battery"},{"not_picked":["Coffee Dripper","Snecko Eye"],"picked":"Sozu"}],"items_purged_floors":[],"is_endless":false,"potions_floor_spawned":[3,6,7,8,10,31,33,38,39],"ascension_level":0}