{"path_per_floor":["M","?","M","M","M","R","M","?","T","?","M","R","M","M","R","B",null,"M","$","?","?","M","R","M"],"character_chosen":"IRONCLAD","items_purchased":["Thinking Ahead","Flash of Steel"],"gold_per_floor":[119,119,142,165,183,183,207,207,207,164,187,187,200,224,224,355,355,375,70,20,20,38,38,61],"floor_reached":25,"campfire_rested":0,"playtime":2218,"current_hp_per_floor":[79,59,60,64,60,60,60,60,60,60,57,57,62,59,59,18,80,56,56,56,56,39,39,18],"items_purged":[],"gold":61,"score":197,"play_id":"dcff7916-da0c-43d5-ab77-d8c6d6b6b272","is_prod":false,"is_daily":false,"is_ascension_mode":false,"campfire_upgraded":4,"path_taken":["M","?","M","M","M","R","M","?","T","?","M","R","M","?","R","BOSS","M","$","?","?","?","R","M","M"],"build_version":"2018-02-15-PROD1","purchased_purges":1,"victory":false,"master_deck":["Strike_R","Strike_R","Strike_R","Strike_R","Strike_R","Defend_R","Defend_R","Defend_R","Bash","Perfected Strike","Shrug It Off+1","Shockwave+1","Feel No Pain","Body Slam","Disarm","Pommel Strike+1","Juggernaut","Dropkick","Thinking Ahead","Flash of Steel","Bloodletting+1","Second Wind"],"max_hp_per_floor":[80,80,80,80,80,80,80,80,80,80,80,80,80,80,80,80,80,80,80,80,80,80,80,80],"relics":["Burning Blood","Golden Idol","Magic Flower","Philosopher\u0027s Stone"],"card_choices":[{"not_picked":["Sword Boomerang","Heavy Blade"],"picked":"Perfected Strike"},{"not_picked":["Clash","Infernal Blade"],"picked":"Shrug It Off"},{"not_picked":["Fire Breathing","Cleave"],"picked":"Shockwave"},{"not_picked":["Thunderclap","Clash"],"picked":"Feel No Pain"},{"not_picked":["Twin Strike","Spot Weakness"],"picked":"Body Slam"},{"not_picked":["Second Wind","Whirlwind"],"picked":"Disarm"},{"not_picked":["Perfected Strike","Anger"],"picked":"Pommel Strike"},{"not_picked":["Double Tap","Limit Break"],"picked":"Juggernaut"},{"not_picked":["Anger","Flex"],"picked":"Dropkick"},{"not_picked":["Iron Wave","Twin Strike"],"picked":"Bloodletting"},{"not_picked":["Infernal Blade","Clothesline"],"picked":"Second Wind"}],"player_experience":31682,"potions_floor_usage":[16,16],"damage_taken":[{"damage":7,"enemies":"2 Louse","floor":1,"turns":2},{"damage":5,"enemies":"Jaw Worm","floor":3,"turns":4},{"damage":2,"enemies":"Small Slimes","floor":4,"turns":4},{"damage":10,"enemies":"3 Louse","floor":5,"turns":4},{"damage":6,"enemies":"Large Slime","floor":7,"turns":8},{"damage":12,"enemies":"Blue Slaver","floor":11,"turns":3},{"damage":4,"enemies":"2 Fungi Beasts","floor":13,"turns":4},{"damage":12,"enemies":"Exordium Thugs","floor":14,"turns":5},{"damage":50,"enemies":"The Guardian","floor":16,"turns":14},{"damage":33,"enemies":"3 Byrds","floor":18,"turns":7},{"damage":26,"enemies":"2 Thieves","floor":22,"turns":5},{"damage":30,"enemies":"Centurion and Healer","floor":24,"turns":7},{"damage":33,"enemies":"Snecko","floor":25,"turns":4}],"event_choices":[{"event_name":"Golden Idol","player_choice":"Take Damage","floor":2,"damage_taken":0},{"event_name":"Liars Game","player_choice":"disagreed","floor":8,"damage_taken":0},{"event_name":"World of Goop","player_choice":"Left","floor":10,"damage_taken":0},{"event_name":"The Joust","player_choice":"Bet on Murderer","floor":20,"damage_taken":0},{"event_name":"Addict","player_choice":"Ignored","floor":21,"damage_taken":0}],"boss_relics":[{"not_picked":["Lizard Tail","Cursed Key"],"picked":"Philosopher\u0027s Stone"}],"potions_floor_spawned":[5,11,22],"seed_played":"-8832737928178170933","killed_by":"Snecko","ascension_level":0,"is_trial":false}