{"gold_per_floor":[109,109,109,129,129,165,165,165,165,165,165,10,28,68,68,194,194,207,122,122,122,142,142,156,197,220,220,256,269,302,316,316,446,446,469,469,492,714,739,739,775,775,826,845,845,879,895,909,909,909],"floor_reached":50,"playtime":2683,"items_purged":[],"score":623,"play_id":"ea430a0f-28df-44b3-98c5-9c1f155fcd7b","local_time":"20180711012624","is_ascension_mode":false,"campfire_choices":[{"floor":7.0,"key":"REST"},{"data":"Immolate","floor":11.0,"key":"SMITH"},{"data":"Bash","floor":15.0,"key":"SMITH"},{"data":"1","floor":23.0,"key":"LIFT"},{"data":"2","floor":32.0,"key":"LIFT"},{"data":"Limit Break","floor":40.0,"key":"SMITH"},{"data":"Double Tap","floor":42.0,"key":"SMITH"},{"data":"Limit Break","floor":49.0,"key":"SMITH"}],"neow_cost":"NONE","seed_source_timestamp":177930333802374,"circlet_count":0,"master_deck":["Defend_R","Defend_R","Defend_R","Defend_R","Bash+1","Flame Barrier+1","Thunderclap","Immolate+1","Pommel Strike","Fire Breathing","Feed+1","Bite","Bite","Bite","Bite","Bite","Intimidate","Impervious","Demon Form","Power Through+1","Double Tap+1","Seeing Red","Flex+1","Berserk","Intimidate+1","Headbutt+1","Injury","Limit Break+1","Rampage+1","Limit Break+1","Writhe","Flex","Inflame+1","Flame Barrier"],"special_seed":0,"relics":["Burning Blood","Golden Idol","Juzu Bracelet","Red Skull","Bag of Preparation","Question Card","Coffee Dripper","Girya","Happy Flower","Vajra","Self Forming Clay","Pen Nib","Red Mask","Orrery","Molten Egg 2","Oddly Smooth Stone","Lantern"],"potions_floor_usage":[50,50,50],"damage_taken":[{"damage":5.0,"enemies":"Jaw Worm","floor":1.0,"turns":4.0},{"damage":13.0,"enemies":"Cultist","floor":4.0,"turns":5.0},{"damage":33.0,"enemies":"Lagavulin","floor":6.0,"turns":10.0},{"damage":0.0,"enemies":"2 Louse","floor":13.0,"turns":1.0},{"damage":6.0,"enemies":"Gremlin Nob","floor":14.0,"turns":3.0},{"damage":57.0,"enemies":"The Guardian","floor":16.0,"turns":11.0},{"damage":5.0,"enemies":"3 Byrds","floor":18.0,"turns":5.0},{"damage":20.0,"enemies":"2 Thieves","floor":22.0,"turns":3.0},{"damage":21.0,"enemies":"Centurion and Healer","floor":24.0,"turns":5.0},{"damage":36.0,"enemies":"Slavers","floor":25.0,"turns":5.0},{"damage":16.0,"enemies":"Gremlin Leader","floor":28.0,"turns":6.0},{"damage":5.0,"enemies":"Snecko","floor":29.0,"turns":3.0},{"damage":0.0,"floor":30.0,"turns":3.0},{"damage":15.0,"enemies":"Snake Plant","floor":31.0,"turns":4.0},{"damage":69.0,"enemies":"Champ","floor":33.0,"turns":11.0},{"damage":19.0,"enemies":"3 Shapes","floor":35.0,"turns":4.0},{"damage":7.0,"enemies":"Orb Walker","floor":37.0,"turns":3.0},{"damage":26.0,"enemies":"Maw","floor":39.0,"turns":7.0},{"damage":54.0,"enemies":"Giant Head","floor":41.0,"turns":8.0},{"damage":0.0,"enemies":"Sphere and 2 Shapes","floor":44.0,"turns":3.0},{"damage":45.0,"enemies":"Nemesis","floor":46.0,"turns":5.0},{"damage":13.0,"enemies":"3 Darklings","floor":47.0,"turns":5.0},{"damage":18.0,"enemies":"Maw","floor":48.0,"turns":5.0},{"damage":66,"enemies":"Awakened One","floor":50,"turns":7}],"seed_played":"4026627459185902737","potions_obtained":[{"floor":1.0,"key":"Ancient Potion"},{"floor":6.0,"key":"Regen Potion"},{"floor":14.0,"key":"BloodPotion"},{"floor":29.0,"key":"Weak Potion"},{"floor":31.0,"key":"PowerPotion"},{"floor":33.0,"key":"BloodPotion"},{"floor":48.0,"key":"Explosive Potion"}],"is_trial":false,"path_per_floor":["M","?","?","M","?","E","R","?","T","?","R","$","M","E","R","B",null,"M","?","?","?","M","R","M","E","T","T","E","M","?","M","R","B",null,"M","?","M","?","M","R","E","R","T","M","?","E","M","M","R"],"character_chosen":"IRONCLAD","items_purchased":["Bag of Preparation"],"campfire_rested":1,"item_purchase_floors":[12],"current_hp_per_floor":[80,80,60,53,53,26,50,70,70,70,70,70,76,76,76,40,80,80,80,56,53,46,46,46,24,24,24,30,37,54,55,55,11,62,60,60,69,69,54,54,26,26,26,38,55,26,31,31,31,0],"gold":909,"neow_bonus":"REMOVE_CARD","is_prod":false,"is_daily":false,"chose_seed":false,"campfire_upgraded":5,"win_rate":0,"timestamp":1531286784,"path_taken":["M","?","?","?","?","E","R","?","T","?","R","$","M","E","R","BOSS","M","?","?","?","M","R","M","E","T","?","E","M","?","M","R","BOSS","M","?","M","?","M","R","E","R","T","M","?","E","M","M","R","BOSS"],"build_version":"2018-07-05","purchased_purges":0,"victory":false,"max_hp_per_floor":[80,80,80,80,80,80,80,80,80,80,80,80,80,80,80,80,80,80,80,56,53,56,56,59,59,59,59,59,59,62,62,62,62,62,65,65,69,69,69,69,69,69,69,69,69,69,69,69,69,69],"card_choices":[{"not_picked":["Dropkick","True Grit"],"picked":"Flame Barrier","floor":1.0},{"not_picked":["Uppercut","Power Through"],"picked":"Thunderclap","floor":4.0},{"not_picked":["Shrug It Off","True Grit"],"picked":"Pommel Strike","floor":6.0},{"not_picked":["Anger","Headbutt"],"picked":"Fire Breathing","floor":13.0},{"not_picked":["Sword Boomerang","Blood for Blood","Bloodletting"],"picked":"SKIP","floor":14.0},{"not_picked":["Demon Form","Dark Embrace","Juggernaut"],"picked":"Feed","floor":16.0},{"not_picked":["Clothesline","Pummel","Evolve","Thunderclap"],"picked":"SKIP","floor":18.0},{"not_picked":["Perfected Strike","Iron Wave","Flex"],"picked":"Intimidate","floor":22.0},{"not_picked":["Entrench","Sword Boomerang","Twin Strike+1"],"picked":"Impervious","floor":24.0},{"not_picked":["Perfected Strike","Inflame","True Grit+1"],"picked":"Demon Form","floor":25.0},{"not_picked":["Blood for Blood","Demon Form","Flame Barrier","Thunderclap"],"picked":"SKIP","floor":28.0},{"not_picked":["Rupture","Body Slam","Thunderclap+1"],"picked":"Power Through+1","floor":29.0},{"not_picked":["Heavy Blade","Anger","Battle Trance","Sever Soul+1"],"picked":"SKIP","floor":31.0},{"not_picked":["Juggernaut","Dark Embrace","Demon Form"],"picked":"Double Tap","floor":33.0},{"not_picked":["Twin Strike","Reckless Charge","Thunderclap"],"picked":"Seeing Red","floor":34.0},{"not_picked":["Combust","Reckless Charge","Clash"],"picked":"Flex+1","floor":34.0},{"not_picked":["Pommel Strike+1","Headbutt","Infernal Blade"],"picked":"Berserk","floor":34.0},{"not_picked":["Iron Wave","Wild Strike+1","Thunderclap+1"],"picked":"Intimidate+1","floor":34.0},{"not_picked":["Shockwave+1","Ghostly Armor","Body Slam"],"picked":"Headbutt+1","floor":35.0},{"not_picked":["Cleave","Infernal Blade","Anger+1"],"picked":"Limit Break","floor":37.0},{"not_picked":["Shrug It Off+1","Combust","Infernal Blade","Body Slam"],"picked":"SKIP","floor":39.0},{"not_picked":["Clothesline+1","Infernal Blade+1","Armaments"],"picked":"Rampage","floor":41.0},{"not_picked":["Reckless Charge+1","Rampage+1","Power Through"],"picked":"Limit Break","floor":44.0},{"not_picked":["Dual Wield+1","Iron Wave+1","Heavy Blade+1"],"picked":"Flex","floor":46.0},{"not_picked":["Warcry","Corruption","Rampage+1"],"picked":"Inflame+1","floor":47.0},{"not_picked":["Iron Wave+1","Uppercut+1","Cleave+1"],"picked":"Flame Barrier","floor":48.0}],"player_experience":41782,"relics_obtained":[{"floor":6.0,"key":"Juzu Bracelet"},{"floor":9.0,"key":"Red Skull"},{"floor":14.0,"key":"Question Card"},{"floor":25.0,"key":"Happy Flower"},{"floor":26.0,"key":"Vajra"},{"floor":27.0,"key":"Self Forming Clay"},{"floor":28.0,"key":"Pen Nib"},{"floor":30.0,"key":"Red Mask"},{"floor":41.0,"key":"Molten Egg 2"},{"floor":43.0,"key":"Oddly Smooth Stone"},{"floor":46.0,"key":"Lantern"}],"event_choices":[{"event_name":"Upgrade Shrine","player_choice":"Upgraded","floor":2.0,"damage_taken":0.0},{"event_name":"Golden Idol","player_choice":"Take Damage","floor":3.0,"damage_taken":0.0},{"event_name":"Transmorgrifier","player_choice":"Transform","floor":5.0,"damage_taken":0.0},{"event_name":"Mushrooms","player_choice":"Healed and dodged fight","floor":8.0,"damage_taken":0.0},{"event_name":"Liars Game","player_choice":"disagreed","floor":10.0,"damage_taken":0.0},{"event_name":"Addict","player_choice":"Obtained Relic","floor":19.0,"damage_taken":0.0},{"event_name":"Vampires","player_choice":"Became a vampire","floor":20.0,"damage_taken":0.0},{"event_name":"Fountain of Cleansing","player_choice":"Removed Curse","floor":21.0,"damage_taken":0.0},{"event_name":"Masked Bandits","player_choice":"Fought over 269 gold","floor":30.0,"damage_taken":0.0},{"event_name":"Accursed Blacksmith","player_choice":"Forge","floor":36.0,"damage_taken":0.0},{"event_name":"Tomb of Lord Red Mask","player_choice":"Wore Mask","floor":38.0,"damage_taken":0.0},{"event_name":"Winding Halls","player_choice":"Writhe","floor":45.0,"damage_taken":0.0}],"boss_relics":[{"not_picked":["Tiny House","Empty Cage"],"picked":"Coffee Dripper"},{"not_picked":["Fusion Hammer","Eternal Feather"],"picked":"Orrery"}],"items_purged_floors":[],"is_endless":false,"potions_floor_spawned":[1,6,14,29,30,31,33,37,44,48],"killed_by":"Awakened One","ascension_level":0}