{"gold_per_floor":[115,130,130,130,130,130,163,88,88,119,139,174,174,190,190,290,290,301,46,46],"floor_reached":20,"playtime":1215,"items_purged":["Strike_R"],"score":295,"play_id":"9c219885-35c7-48f4-8abb-0cdbe1b9f7ea","local_time":"20181029141821","is_ascension_mode":true,"campfire_choices":[{"data":"Armaments","floor":6.0,"key":"SMITH"},{"floor":13.0,"key":"REST"},{"data":"Rampage","floor":15,"key":"SMITH"}],"neow_cost":"NONE","seed_source_timestamp":118810068119007,"circlet_count":0,"master_deck":["Strike_R","Strike_R","Strike_R","Strike_R","Defend_R","Defend_R","Defend_R","Defend_R","Bash","AscendersBane","Rampage+1","Armaments+1","Battle Trance","Battle Trance","Barricade+1","Double Tap","Shrug It Off"],"special_seed":0,"relics":["Burning Blood","Bronze Scales","Kunai","Nunchaku","Frozen Egg 2","Singing Bowl","Bottled Lightning","Busted Crown","OrangePellets"],"potions_floor_usage":[16,16],"damage_taken":[{"damage":11.0,"enemies":"Jaw Worm","floor":1.0,"turns":6.0},{"damage":6.0,"enemies":"Cultist","floor":2.0,"turns":3.0},{"damage":34.0,"enemies":"Lagavulin","floor":7.0,"turns":7.0},{"damage":17.0,"enemies":"3 Sentries","floor":10.0,"turns":9.0},{"damage":3.0,"enemies":"Small Slimes","floor":11.0,"turns":4.0},{"damage":27.0,"enemies":"Gremlin Nob","floor":12.0,"turns":4.0},{"damage":6.0,"enemies":"Looter","floor":14.0,"turns":3.0},{"damage":43,"enemies":"Hexaghost","floor":16,"turns":9},{"damage":0,"enemies":"Chosen","floor":18,"turns":3},{"damage":30,"enemies":"Colosseum Slavers","floor":20,"turns":6},{"damage":67,"enemies":"Colosseum Nobs","floor":20,"turns":5}],"seed_played":"1350397121033440919","potions_obtained":[{"floor":1.0,"key":"Strength Potion"},{"floor":7.0,"key":"Regen Potion"},{"floor":11.0,"key":"BloodPotion"},{"floor":14.0,"key":"AttackPotion"}],"is_trial":false,"path_per_floor":["M","M","?","?","T","R","E","$","T","E","M","E","R","M","R","B",null,"M","$"],"character_chosen":"IRONCLAD","items_purchased":["OrangePellets","Shrug It Off"],"campfire_rested":1,"item_purchase_floors":[19,19],"current_hp_per_floor":[75,75,75,75,75,75,47,47,47,53,56,35,62,64,64,36,78,86,86,0],"gold":46,"neow_bonus":"TEN_PERCENT_HP_BONUS","is_prod":false,"is_daily":false,"chose_seed":false,"campfire_upgraded":2,"win_rate":0,"timestamp":1540837101,"path_taken":["M","M","?","?","?","R","E","?","T","E","M","E","R","M","R","BOSS","M","$","?"],"build_version":"2018-10-25v2","purchased_purges":1,"victory":false,"max_hp_per_floor":[88,88,88,88,88,88,88,88,88,90,90,90,90,92,92,92,92,94,94,94],"card_choices":[{"not_picked":["Power Through","True Grit"],"picked":"Rampage","floor":1.0},{"not_picked":["Pummel","Shockwave"],"picked":"Armaments","floor":2.0},{"not_picked":["Havoc","Heavy Blade"],"picked":"Battle Trance","floor":7.0},{"not_picked":["Power Through","Cleave","Perfected Strike"],"picked":"Singing Bowl","floor":10.0},{"not_picked":["Metallicize+1","Flex"],"picked":"Battle Trance","floor":11.0},{"not_picked":["Armaments","Perfected Strike"],"picked":"Barricade+1","floor":12.0},{"not_picked":["Havoc","Headbutt","Combust+1"],"picked":"Singing Bowl","floor":14.0},{"not_picked":["Feed","Reaper"],"picked":"Double Tap","floor":16},{"not_picked":["Clothesline"],"picked":"Singing Bowl","floor":18}],"player_experience":391403,"relics_obtained":[{"floor":5.0,"key":"Kunai"},{"floor":7.0,"key":"Nunchaku"},{"floor":9.0,"key":"Frozen Egg 2"},{"floor":10.0,"key":"Singing Bowl"},{"floor":12.0,"key":"Bottled Lightning"}],"event_choices":[{"damage_healed":0.0,"max_hp_gain":0.0,"max_hp_loss":0.0,"gold_gain":0.0,"event_name":"WeMeetAgain","player_choice":"Gave Potion","floor":3.0,"gold_loss":0.0,"damage_taken":0.0,"relics_obtained":["Bronze Scales"]},{"damage_healed":0.0,"max_hp_gain":0.0,"max_hp_loss":0.0,"gold_gain":0.0,"event_name":"Liars Game","player_choice":"Ignored","floor":4.0,"gold_loss":0.0,"damage_taken":0.0},{"damage_healed":0,"gold_gain":0,"player_choice":"Fight","damage_taken":0,"max_hp_gain":0,"max_hp_loss":0,"event_name":"Colosseum","floor":20,"gold_loss":0},{"damage_healed":0,"gold_gain":0,"player_choice":"Fought Nobs","damage_taken":0,"max_hp_gain":0,"max_hp_loss":0,"event_name":"Colosseum","floor":20,"gold_loss":0}],"is_beta":false,"boss_relics":[{"not_picked":["Black Star","Astrolabe"],"picked":"Busted Crown"}],"items_purged_floors":[8],"is_endless":false,"potions_floor_spawned":[1,7,11,14,20],"killed_by":"Colosseum Nobs","ascension_level":11}