{"gold_per_floor":[110,110,110,126,126,126,152,162,162,162,173,199,199,210,210,306,306,324,336,336,261,272,272,288,288,288,298,298,327,327,347,347,448,448,461,478,478,478,478,478,496,509,534,534,546,558,279,295,295,295],"floor_reached":50,"playtime":2421,"items_purged":["Strike_R","Strike_R"],"score":486,"play_id":"4f07481c-f7eb-4b45-aee4-fb11d3b45a4c","local_time":"20190315215114","is_ascension_mode":false,"campfire_choices":[{"data":"Bash","floor":6.0,"key":"SMITH"},{"data":"Uppercut","floor":13.0,"key":"SMITH"},{"data":"Armaments","floor":15.0,"key":"SMITH"},{"data":"Bludgeon","floor":23.0,"key":"SMITH"},{"floor":25.0,"key":"REST"},{"data":"Dual Wield","floor":28.0,"key":"SMITH"},{"floor":32.0,"key":"REST"},{"floor":40.0,"key":"REST"},{"floor":44.0,"key":"REST"},{"floor":49.0,"key":"REST"}],"neow_cost":"NONE","seed_source_timestamp":15693587013089,"circlet_count":0,"master_deck":["Strike_R+1","Defend_R","Defend_R","Defend_R","Defend_R","Bash+1","Battle Trance+1","Sever Soul","Pommel Strike","Dropkick","Uppercut+1","Armaments+1","Bludgeon+1","Dual Wield+1","Uppercut","Rage","Shrug It Off","True Grit+1","Headbutt+1","Feed","Anger+1","Trip","Clash+1","Infernal Blade+1","Parasite","Demon Form","Clash+1"],"special_seed":0,"relics":["Runic Dome"],"potions_floor_usage":[50,50],"damage_taken":[{"damage":0.0,"enemies":"2 Louse","floor":1.0,"turns":3.0},{"damage":0.0,"enemies":"Cultist","floor":4.0,"turns":3.0},{"damage":13.0,"enemies":"The Mushroom Lair","floor":7.0,"turns":3.0},{"damage":0.0,"enemies":"Small Slimes","floor":8.0,"turns":2.0},{"damage":2.0,"enemies":"2 Fungi Beasts","floor":11.0,"turns":3.0},{"damage":0.0,"enemies":"Large Slime","floor":14.0,"turns":2.0},{"damage":27.0,"enemies":"Hexaghost","floor":16.0,"turns":7.0},{"damage":15.0,"enemies":"2 Thieves","floor":18.0,"turns":4.0},{"damage":0.0,"enemies":"Spheric Guardian","floor":19.0,"turns":3.0},{"damage":0.0,"enemies":"Centurion and Healer","floor":22.0,"turns":5.0},{"damage":29.0,"enemies":"Sentry and Sphere","floor":24.0,"turns":5.0},{"damage":10.0,"enemies":"3 Cultists","floor":27.0,"turns":5.0},{"damage":12.0,"enemies":"Masked Bandits","floor":29.0,"turns":4.0},{"damage":10.0,"enemies":"Chosen and Byrds","floor":31.0,"turns":5.0},{"damage":57.0,"enemies":"Automaton","floor":33.0,"turns":11.0},{"damage":55.0,"enemies":"3 Darklings","floor":35.0,"turns":7.0},{"damage":36.0,"enemies":"3 Shapes","floor":36.0,"turns":10.0},{"damage":10.0,"enemies":"Jaw Worm Horde","floor":41.0,"turns":4.0},{"damage":18.0,"enemies":"Maw","floor":42.0,"turns":7.0},{"damage":2.0,"enemies":"Writhing Mass","floor":45.0,"turns":4.0},{"damage":29.0,"enemies":"Sphere and 2 Shapes","floor":46.0,"turns":7.0},{"damage":0.0,"enemies":"Transient","floor":48.0,"turns":5.0},{"damage":44,"enemies":"Time Eater","floor":50,"turns":3}],"seed_played":"2524526740117245304","potions_obtained":[{"floor":1.0,"key":"FearPotion"},{"floor":7.0,"key":"GamblersBrew"},{"floor":19.0,"key":"Block Potion"},{"floor":31.0,"key":"AttackPotion"},{"floor":35.0,"key":"Strength Potion"},{"floor":41.0,"key":"SkillPotion"},{"floor":46.0,"key":"PowerPotion"}],"is_trial":false,"path_per_floor":["M","?","$","M","?","R","?","M","T","?","M","T","R","M","R","B",null,"M","M","?","$","M","R","M","R","T","M","R","?","?","M","R","B",null,"M","M","?","?","?","R","M","M","T","R","M","M","$","M","R","B"],"character_chosen":"IRONCLAD","items_purchased":["PowerPotion","SpeedPotion","Demon Form"],"campfire_rested":5,"item_purchase_floors":[47,47,47],"current_hp_per_floor":[80,80,80,80,85,85,72,72,72,55,53,53,53,53,53,26,85,70,70,70,70,70,70,41,66,66,56,56,44,44,34,59,2,85,34,4,4,4,4,32,25,7,7,36,37,12,12,12,43,0],"gold":295,"neow_bonus":"BOSS_RELIC","is_prod":false,"is_daily":false,"chose_seed":false,"campfire_upgraded":5,"win_rate":0,"timestamp":1552701074,"path_taken":["M","?","$","?","?","R","?","M","T","?","M","?","R","?","R","BOSS","M","M","?","$","M","R","M","R","T","M","R","?","?","?","R","BOSS","M","M","?","?","?","R","M","M","T","R","M","M","$","?","R","BOSS"],"build_version":"2019-01-23","purchased_purges":2,"victory":false,"max_hp_per_floor":[80,80,80,80,85,85,85,85,85,85,85,85,85,85,85,85,85,85,85,85,85,85,85,85,85,85,85,85,85,85,85,85,85,85,89,95,95,95,95,95,98,98,98,98,101,105,105,105,105,105],"card_choices":[{"not_picked":["Havoc","Heavy Blade"],"picked":"Battle Trance","floor":1.0},{"not_picked":["Intimidate","Cleave"],"picked":"Sever Soul","floor":4.0},{"not_picked":["Perfected Strike","Heavy Blade"],"picked":"Pommel Strike","floor":7.0},{"not_picked":["Burning Pact","Thunderclap"],"picked":"Dropkick","floor":8.0},{"not_picked":["Iron Wave","True Grit"],"picked":"Uppercut","floor":11.0},{"not_picked":["Seeing Red","Feel No Pain"],"picked":"Armaments","floor":14.0},{"not_picked":["Barricade","Double Tap"],"picked":"Bludgeon","floor":16.0},{"not_picked":["Perfected Strike","Anger"],"picked":"Dual Wield","floor":18.0},{"not_picked":["Uppercut","Heavy Blade","Clash"],"picked":"SKIP","floor":19.0},{"not_picked":["Thunderclap","Anger+1"],"picked":"Shrug It Off","floor":22.0},{"not_picked":["Thunderclap+1","Evolve"],"picked":"True Grit","floor":24.0},{"not_picked":["Reaper","Shockwave","Clothesline"],"picked":"SKIP","floor":27.0},{"not_picked":["Anger","Heavy Blade"],"picked":"Headbutt+1","floor":29.0},{"not_picked":["Searing Blow","Clothesline","Headbutt"],"picked":"SKIP","floor":31.0},{"not_picked":["Dark Embrace","Reaper"],"picked":"Feed","floor":33.0},{"not_picked":["Perfected Strike+1","Clothesline"],"picked":"Anger+1","floor":35.0},{"not_picked":["Thunderclap","Anger","Burning Pact"],"picked":"SKIP","floor":36.0},{"not_picked":["Panacea","Blind"],"picked":"Trip","floor":38.0},{"not_picked":["Armaments","Anger+1"],"picked":"Clash+1","floor":41.0},{"not_picked":["Whirlwind","Clash"],"picked":"Infernal Blade+1","floor":42.0},{"not_picked":["Inflame","Flex","Sword Boomerang"],"picked":"SKIP","floor":45.0},{"not_picked":["Havoc","Armaments","Carnage+1"],"picked":"SKIP","floor":46.0},{"not_picked":["Thunderclap+1","Sword Boomerang+1"],"picked":"Clash+1","floor":48.0}],"player_experience":667859,"relics_obtained":[],"event_choices":[{"damage_healed":0.0,"max_hp_gain":0.0,"max_hp_loss":0.0,"gold_gain":0.0,"event_name":"WeMeetAgain","player_choice":"Ignored","floor":2.0,"gold_loss":0.0,"damage_taken":0.0},{"damage_healed":0.0,"max_hp_gain":5.0,"max_hp_loss":0.0,"gold_gain":0.0,"event_name":"Big Fish","player_choice":"Donut","floor":5.0,"gold_loss":0.0,"damage_taken":0.0},{"damage_healed":0.0,"max_hp_gain":0.0,"max_hp_loss":0.0,"gold_gain":0.0,"event_name":"Mushrooms","player_choice":"Fought Mushrooms","floor":7.0,"gold_loss":0.0,"damage_taken":0.0},{"damage_healed":0.0,"max_hp_gain":0.0,"max_hp_loss":0.0,"gold_gain":0.0,"event_name":"Shining Light","player_choice":"Entered Light","floor":10.0,"gold_loss":0.0,"damage_taken":17.0,"cards_upgraded":["Battle Trance","Strike_R"]},{"damage_healed":0.0,"max_hp_gain":0.0,"max_hp_loss":0.0,"gold_gain":0.0,"cards_transformed":["Strike_R","Strike_R"],"event_name":"Drug Dealer","player_choice":"Became Test Subject","floor":20.0,"gold_loss":0.0,"damage_taken":0.0,"cards_obtained":["Uppercut","Rage"]},{"damage_healed":0.0,"max_hp_gain":0.0,"max_hp_loss":0.0,"gold_gain":0.0,"event_name":"Masked Bandits","player_choice":"Fought Bandits","floor":29.0,"gold_loss":0.0,"damage_taken":0.0},{"damage_healed":0.0,"max_hp_gain":0.0,"max_hp_loss":0.0,"gold_gain":0.0,"event_name":"Upgrade Shrine","player_choice":"Upgraded","floor":30.0,"gold_loss":0.0,"damage_taken":0.0,"cards_upgraded":["True Grit"]},{"damage_healed":0.0,"max_hp_gain":0.0,"max_hp_loss":0.0,"gold_gain":0.0,"event_name":"Mysterious Sphere","player_choice":"Ignored","floor":37.0,"gold_loss":0.0,"damage_taken":0.0},{"damage_healed":0.0,"max_hp_gain":0.0,"max_hp_loss":0.0,"gold_gain":0.0,"event_name":"SensoryStone","player_choice":"Memory 1","floor":38.0,"gold_loss":0.0,"damage_taken":0.0},{"damage_healed":0.0,"max_hp_gain":0.0,"max_hp_loss":0.0,"gold_gain":0.0,"event_name":"FaceTrader","player_choice":"Leave","floor":39.0,"gold_loss":0.0,"damage_taken":0.0}],"is_beta":false,"boss_relics":[{"not_picked":["Sozu","Runic Cube","Tiny House"]},{"not_picked":["Cursed Key","Astrolabe","Fusion Hammer"]}],"items_purged_floors":[21,47],"is_endless":false,"potions_floor_spawned":[1,7,19,24,31,35,41,46],"killed_by":"Time Eater","ascension_level":0}