{"gold_per_floor":[116,191,211,226,226,226,254,254,254,254,254,22,34,11,11,108,108,122,135,135,135,60,60,75,75,75,75,85,85,102,114,114,114],"floor_reached":33,"playtime":1275,"items_purged":[],"score":270,"play_id":"6f1a0a00-3342-4581-bf69-4584cc740ca9","local_time":"20181207072019","is_ascension_mode":false,"campfire_choices":[{"floor":6,"key":"RECALL"},{"floor":8,"key":"REST"},{"floor":15,"key":"REST"},{"data":"Ghostly","floor":23,"key":"SMITH"},{"data":"Ghostly","floor":25,"key":"SMITH"},{"data":"Ghostly","floor":29,"key":"SMITH"},{"floor":32,"key":"REST"}],"neow_cost":"NONE","seed_source_timestamp":488791269821066,"circlet_count":0,"master_deck":["Strike_B","Strike_B","Defend_B","Defend_B","Defend_B+1","Defend_B","Zap+1","Dualcast","Auto Shields","Turbo","Beam Cell","White Noise","Recycle","Lockon","Chill+1","Sweeping Beam","Steam","All For One","Streamline+1","Leap","Ghostly+1","Ghostly","Ghostly","Ghostly+1","Ghostly+1","Skim","Compile Driver","Double Energy","Ball Lightning+1"],"relics":["FrozenCore","Ornamental Fan","Singing Bowl","War Paint","Frozen Egg 2"],"potions_floor_usage":[7,16],"damage_taken":[{"damage":7,"enemies":"Small Slimes","floor":1,"turns":2},{"damage":0,"enemies":"2 Louse","floor":3,"turns":2},{"damage":1,"enemies":"Jaw Worm","floor":4,"turns":3},{"damage":21,"enemies":"3 Sentries","floor":7,"turns":9},{"damage":6,"enemies":"3 Louse","floor":13,"turns":5},{"damage":54,"enemies":"Hexaghost","floor":16,"turns":12},{"damage":7,"enemies":"Spheric Guardian","floor":18,"turns":6},{"damage":12,"enemies":"Shell Parasite","floor":19,"turns":6},{"damage":4,"enemies":"Centurion and Healer","floor":24,"turns":9},{"damage":0,"enemies":"3 Cultists","floor":28,"turns":7},{"damage":11,"enemies":"Sentry and Sphere","floor":30,"turns":9},{"damage":12,"enemies":"Chosen and Byrds","floor":31,"turns":9},{"damage":54,"enemies":"Collector","floor":33,"turns":6}],"seed_played":"-7418558584876094415","potions_obtained":[{"floor":1,"key":"Block Potion"},{"floor":7,"key":"EssenceOfSteel"},{"floor":16,"key":"Dexterity Potion"},{"floor":18,"key":"SteroidPotion"},{"floor":30,"key":"Dexterity Potion"}],"is_trial":false,"path_per_floor":["M","?","M","M","?","R","E","R","T","?","T","$","M","$","R","B",null,"M","M","?","?","?","R","M","R","T","?","M","R","M","M","R","B"],"character_chosen":"DEFECT","items_purchased":["Hello World","Lockon","Chill","Steam"],"campfire_rested":3,"item_purchase_floors":[12,12,12,14],"current_hp_per_floor":[68,57,57,56,56,56,35,57,57,57,57,57,51,51,73,19,75,68,56,56,37,37,37,35,35,35,35,35,35,26,14,26,0],"gold":114,"neow_bonus":"UPGRADE_CARD","is_prod":false,"is_daily":false,"chose_seed":false,"campfire_upgraded":3,"win_rate":0,"timestamp":1544163619,"path_taken":["M","?","M","M","?","R","E","R","T","?","?","$","M","$","R","BOSS","M","M","?","?","?","R","M","R","T","?","M","R","M","M","R","BOSS"],"build_version":"2018-12-06","purchased_purges":0,"victory":false,"max_hp_per_floor":[75,75,75,75,75,75,75,75,75,75,75,75,75,75,75,75,75,75,75,75,37,37,37,39,39,39,39,39,39,41,41,41,41],"card_choices":[{"not_picked":["Darkness","Beam Cell"],"picked":"Auto Shields","floor":1},{"not_picked":["Gash","Steam"],"picked":"Turbo","floor":3},{"not_picked":["Redo","Rebound"],"picked":"Beam Cell","floor":4},{"not_picked":["Multi-Cast","Go for the Eyes"],"picked":"White Noise","floor":7},{"not_picked":["Beam Cell","Cold Snap"],"picked":"Sweeping Beam","floor":13},{"not_picked":["Biased Cognition","Fission"],"picked":"All For One","floor":16},{"not_picked":["Leap","Turbo+1"],"picked":"Streamline+1","floor":18},{"not_picked":["Go for the Eyes","Skim"],"picked":"Leap","floor":19},{"not_picked":["Rip and Tear","Turbo","Reprogram"],"picked":"Singing Bowl","floor":24},{"not_picked":["Recycle+1","Reinforced Body"],"picked":"Double Energy","floor":28},{"not_picked":["Compile Driver+1","Sunder","Gash"],"picked":"Singing Bowl","floor":30},{"not_picked":["Hello World+1","Stack"],"picked":"Ball Lightning+1","floor":31}],"player_experience":309950,"relics_obtained":[{"floor":7,"key":"Ornamental Fan"},{"floor":11,"key":"Singing Bowl"},{"floor":26,"key":"Frozen Egg 2"}],"event_choices":[{"damage_healed":0,"gold_gain":75,"player_choice":"Gather Gold","damage_taken":11,"max_hp_gain":0,"max_hp_loss":0,"event_name":"World of Goop","floor":2,"gold_loss":0},{"damage_healed":0,"gold_gain":0,"player_choice":"Ignored","damage_taken":0,"max_hp_gain":0,"max_hp_loss":0,"event_name":"Golden Wing","floor":5,"gold_loss":0},{"damage_healed":0,"gold_gain":0,"cards_transformed":["Strike_B"],"player_choice":"Change","damage_taken":0,"max_hp_gain":0,"max_hp_loss":0,"event_name":"Living Wall","floor":10,"gold_loss":0,"cards_obtained":["Recycle"]},{"damage_healed":0,"gold_gain":0,"player_choice":"Opened","damage_taken":0,"relics_obtained":["War Paint"],"max_hp_gain":0,"max_hp_loss":0,"event_name":"The Mausoleum","floor":20,"gold_loss":0,"cards_obtained":["Writhe"]},{"damage_healed":0,"gold_gain":0,"player_choice":"Became a Ghost","damage_taken":0,"max_hp_gain":0,"max_hp_loss":38,"event_name":"Ghosts","floor":21,"gold_loss":0,"cards_obtained":["Ghostly","Ghostly","Ghostly","Ghostly","Ghostly"]},{"cards_removed":["Writhe"],"damage_healed":0,"gold_gain":0,"player_choice":"Gave Gold","damage_taken":0,"max_hp_gain":0,"max_hp_loss":0,"event_name":"Beggar","floor":22,"gold_loss":75},{"damage_healed":0,"gold_gain":0,"cards_transformed":["Hello World","Strike_B"],"player_choice":"Became Test Subject","damage_taken":0,"max_hp_gain":0,"max_hp_loss":0,"event_name":"Drug Dealer","floor":27,"gold_loss":0,"cards_obtained":["Skim","Compile Driver"]}],"is_beta":false,"boss_relics":[{"not_picked":["Orrery","Runic Dome"],"picked":"FrozenCore"}],"items_purged_floors":[],"is_endless":false,"potions_floor_spawned":[1,7,16,18,30],"killed_by":"Collector","ascension_level":0}