{"gold_per_floor":[116,130,80,80,99,99,120,120,147,174,184,210,223,243,243,344,344,360,373,373,166,91,126,126,41,92,92,103,123,157,167,167,268,268,283,298,313,145,162,162,162],"floor_reached":41,"playtime":3853,"items_purged":["Strike_R","Strike_R"],"score":668,"play_id":"6aeb1843-32f8-4ae5-9218-805b938868aa","local_time":"20190502082748","is_ascension_mode":true,"campfire_choices":[{"data":"Armaments","floor":6.0,"key":"SMITH"},{"data":"Bash","floor":8.0,"key":"SMITH"},{"data":"True Grit","floor":15.0,"key":"SMITH"},{"floor":24.0,"key":"REST"},{"data":"Flame Barrier","floor":27.0,"key":"SMITH"},{"floor":32.0,"key":"REST"},{"floor":40,"key":"REST"}],"neow_cost":"NONE","seed_source_timestamp":0,"circlet_count":0,"master_deck":["AscendersBane","Defend_R","Defend_R","Defend_R","Defend_R","Bash+1","Armaments+1","Evolve","Clothesline","True Grit+1","Bludgeon","Offering","Feel No Pain","Flame Barrier+1","Feel No Pain","Finesse","Ghostly Armor","Shrug It Off+1","Double Tap","Dual Wield+1","Havoc","Spot Weakness","Inflame+1","Power Through"],"special_seed":0,"relics":["Burning Blood","Odd Mushroom","Ancient Tea Set","Meat on the Bone","Mummified Hand","Sozu","Nilry\u0027s Codex","PreservedInsect","Frozen Egg 2","Vajra","Darkstone Periapt","Mark of Pain"],"potions_floor_usage":[],"damage_taken":[{"damage":3.0,"enemies":"2 Louse","floor":1.0,"turns":4.0},{"damage":3.0,"enemies":"Jaw Worm","floor":2.0,"turns":5.0},{"damage":0.0,"enemies":"Small Slimes","floor":5.0,"turns":6.0},{"damage":37.0,"enemies":"The Mushroom Lair","floor":7.0,"turns":8.0},{"damage":26.0,"enemies":"Gremlin Nob","floor":10.0,"turns":4.0},{"damage":1.0,"enemies":"2 Fungi Beasts","floor":11.0,"turns":4.0},{"damage":25.0,"enemies":"3 Sentries","floor":12.0,"turns":12.0},{"damage":10.0,"enemies":"3 Louse","floor":13.0,"turns":5.0},{"damage":6.0,"enemies":"Looter","floor":14.0,"turns":2.0},{"damage":21.0,"enemies":"Hexaghost","floor":16.0,"turns":13.0},{"damage":12.0,"enemies":"Shell Parasite","floor":18.0,"turns":5.0},{"damage":3.0,"enemies":"Chosen","floor":19.0,"turns":4.0},{"damage":50.0,"enemies":"Gremlin Leader","floor":23.0,"turns":6.0},{"damage":11.0,"enemies":"Centurion and Healer","floor":28.0,"turns":6.0},{"damage":0.0,"enemies":"Snecko","floor":29.0,"turns":6.0},{"damage":7.0,"enemies":"Book of Stabbing","floor":30.0,"turns":3.0},{"damage":14.0,"enemies":"3 Cultists","floor":31.0,"turns":7.0},{"damage":57.0,"enemies":"Automaton","floor":33.0,"turns":16.0},{"damage":14.0,"enemies":"Orb Walker","floor":35.0,"turns":4.0},{"damage":27,"enemies":"3 Darklings","floor":36,"turns":10},{"damage":21,"enemies":"Spire Growth","floor":37,"turns":6},{"damage":31,"enemies":"4 Shapes","floor":39,"turns":9},{"damage":80,"enemies":"Reptomancer","floor":41,"turns":4}],"seed_played":"3586919811502084993","potions_obtained":[{"floor":1.0,"key":"BloodPotion"},{"floor":7.0,"key":"Fire Potion"},{"floor":11.0,"key":"LiquidBronze"},{"floor":13.0,"key":"Dexterity Potion"},{"floor":16.0,"key":"Block Potion"}],"is_trial":false,"path_per_floor":["M","M","?","?","M","R","?","R","T","E","M","E","M","M","R","B",null,"M","M","?","$","?","E","R","?","T","R","M","M","E","M","R","B",null,"M","M","M","$","M","R","E"],"character_chosen":"IRONCLAD","items_purchased":["Feel No Pain","Finesse","Inflame+1"],"campfire_rested":3,"item_purchase_floors":[21,21,38],"current_hp_per_floor":[83,86,86,86,88,88,57,57,57,45,62,55,51,51,51,48,78,72,75,59,59,59,27,53,53,53,53,60,66,65,57,83,44,77,69,60,57,57,44,70,0],"gold":162,"neow_bonus":"TEN_PERCENT_HP_BONUS","is_prod":false,"is_daily":false,"chose_seed":false,"campfire_upgraded":4,"win_rate":0,"timestamp":1556810868,"path_taken":["M","M","?","?","M","R","?","R","T","E","M","E","M","M","R","BOSS","M","M","?","$","?","E","R","?","T","R","M","M","E","M","R","BOSS","M","M","M","$","M","R","E"],"build_version":"2019-01-23","purchased_purges":2,"victory":false,"max_hp_per_floor":[88,88,88,88,88,88,88,88,88,88,88,88,88,88,88,88,88,88,88,88,88,88,88,88,88,88,88,88,88,88,88,88,88,88,88,88,88,88,88,88,88],"card_choices":[{"not_picked":["Rage","Thunderclap","Entrench"],"picked":"SKIP","floor":1.0},{"not_picked":["Body Slam","Clash","Havoc"],"picked":"SKIP","floor":2.0},{"not_picked":["Perfected Strike","Anger"],"picked":"Evolve","floor":5.0},{"not_picked":["Shockwave","Wild Strike"],"picked":"Clothesline","floor":7.0},{"not_picked":["Thunderclap","Whirlwind"],"picked":"True Grit","floor":10.0},{"not_picked":["Headbutt","Second Wind"],"picked":"Bludgeon","floor":11.0},{"not_picked":["Bludgeon","Heavy Blade","Rage"],"picked":"SKIP","floor":12.0},{"not_picked":["Perfected Strike","Cleave","Armaments"],"picked":"SKIP","floor":13.0},{"not_picked":["True Grit","Perfected Strike","Body Slam"],"picked":"SKIP","floor":14.0},{"not_picked":["Fiend Fire","Limit Break"],"picked":"Offering","floor":16.0},{"not_picked":["Blood for Blood","Shrug It Off+1"],"picked":"Feel No Pain","floor":18.0},{"not_picked":["Perfected Strike+1","Sentinel+1"],"picked":"Flame Barrier","floor":19.0},{"not_picked":["Berserk","Havoc","Cleave"],"picked":"SKIP","floor":23.0},{"not_picked":["Cleave","Warcry"],"picked":"Ghostly Armor","floor":28.0},{"not_picked":["Warcry","Armaments","Sword Boomerang+1"],"picked":"SKIP","floor":29.0},{"not_picked":["Uppercut","Armaments"],"picked":"Shrug It Off+1","floor":30.0},{"not_picked":["Sword Boomerang","Body Slam","Anger"],"picked":"SKIP","floor":31.0},{"not_picked":["Reaper","Limit Break"],"picked":"Double Tap","floor":33.0},{"not_picked":["Anger+1","Body Slam"],"picked":"Dual Wield+1","floor":35},{"not_picked":["Body Slam","Rampage"],"picked":"Havoc","floor":36},{"not_picked":["Thunderclap+1","Heavy Blade+1"],"picked":"Spot Weakness","floor":37},{"not_picked":["Evolve+1","Sword Boomerang"],"picked":"Power Through","floor":39}],"player_experience":372360,"relics_obtained":[{"floor":7.0,"key":"Odd Mushroom"},{"floor":9.0,"key":"Ancient Tea Set"},{"floor":10.0,"key":"Meat on the Bone"},{"floor":12.0,"key":"Mummified Hand"},{"floor":20.0,"key":"Nilry\u0027s Codex"},{"floor":23.0,"key":"PreservedInsect"},{"floor":26.0,"key":"Vajra"},{"floor":30.0,"key":"Darkstone Periapt"}],"event_choices":[{"cards_removed":["Strike_R"],"damage_healed":0.0,"max_hp_gain":0.0,"max_hp_loss":0.0,"gold_gain":0.0,"event_name":"The Cleric","player_choice":"Card Removal","floor":3.0,"gold_loss":50.0,"damage_taken":0.0},{"damage_healed":0.0,"max_hp_gain":0.0,"max_hp_loss":0.0,"gold_gain":0.0,"cards_transformed":["Strike_R"],"event_name":"Living Wall","player_choice":"Change","floor":4.0,"gold_loss":0.0,"damage_taken":0.0,"cards_obtained":["Armaments"]},{"damage_healed":0.0,"max_hp_gain":0.0,"max_hp_loss":0.0,"gold_gain":0.0,"event_name":"Mushrooms","player_choice":"Fought Mushrooms","floor":7.0,"gold_loss":0.0,"damage_taken":0.0},{"damage_healed":0.0,"max_hp_gain":0.0,"max_hp_loss":0.0,"gold_gain":0.0,"event_name":"Cursed Tome","player_choice":"Obtained Book","floor":20.0,"gold_loss":0.0,"damage_taken":16.0},{"cards_removed":["Strike_R"],"damage_healed":0.0,"max_hp_gain":0.0,"max_hp_loss":0.0,"gold_gain":0.0,"event_name":"Beggar","player_choice":"Gave Gold","floor":22.0,"gold_loss":75.0,"damage_taken":0.0},{"damage_healed":0.0,"max_hp_gain":0.0,"max_hp_loss":0.0,"gold_gain":0.0,"event_name":"Addict","player_choice":"Obtained Relic","floor":25.0,"gold_loss":85.0,"damage_taken":0.0,"relics_obtained":["Frozen Egg 2"]}],"is_beta":false,"boss_relics":[{"not_picked":["Runic Cube","White Beast Statue"],"picked":"Sozu"},{"not_picked":["Black Blood","Busted Crown"],"picked":"Mark of Pain"}],"items_purged_floors":[21,38],"is_endless":false,"potions_floor_spawned":[1,7,11,13,16,18,29,35,36],"killed_by":"Reptomancer","ascension_level":10}