{"gold_per_floor":[110,122,138,156,171,171,201,215,241,276,295,314,314,333,333,432,432,447,50,50,74,48,48,82,96,96,96,123,151,170,190,190,292,292,310,310,410,410,72,102,102,129,129,162,175,195,215,24,24,24,24,24,24,54,54],"floor_reached":56,"playtime":4695,"items_purged":["Strike_R","Bash"],"score":1707,"play_id":"e859de43-3c8d-46bb-bd1a-e727b6d87bac","local_time":"20190420141647","is_ascension_mode":true,"campfire_choices":[{"data":"Sever Soul","floor":6.0,"key":"SMITH"},{"data":"Barricade","floor":13,"key":"SMITH"},{"floor":15,"key":"REST"},{"floor":23,"key":"RECALL"},{"floor":27,"key":"REST"},{"floor":32,"key":"REST"},{"floor":49,"key":"REST"},{"floor":52,"key":"REST"}],"neow_cost":"NONE","seed_source_timestamp":0,"circlet_count":0,"master_deck":["Strike_R+1","Strike_R+1","Defend_R+1","Defend_R+1","Defend_R+1","Defend_R+1","Feel No Pain","Pommel Strike","Impervious","Sever Soul+1","Barricade+1","Power Through","Feel No Pain","Demon Form","Ghostly Armor","Pommel Strike","Whirlwind","Reaper","Armaments+1","Pummel+1","Shrug It Off+1","Feel No Pain","Body Slam+1","Feed","Sentinel","Forethought","Master of Strategy","Impatience","Shrug It Off","Madness","Madness","Entrench+1","Impervious"],"special_seed":0,"relics":["Burning Blood","Du-Vu Doll","Smiling Mask","Red Skull","Fusion Hammer","Bronze Scales","Medical Kit","Pen Nib","Centennial Puzzle","Matryoshka","Happy Flower","Red Mask","Empty Cage","Pocketwatch","StoneCalendar","Potion Belt","The Courier","Boot","Bag of Preparation","Mummified Hand","Anchor"],"potions_floor_usage":[10,16,16,24,28,29,33,42,42,42,50,50,54],"damage_taken":[{"damage":10.0,"enemies":"Cultist","floor":1.0,"turns":5.0},{"damage":9.0,"enemies":"Jaw Worm","floor":2.0,"turns":7.0},{"damage":1.0,"enemies":"2 Louse","floor":3.0,"turns":3.0},{"damage":10.0,"enemies":"2 Fungi Beasts","floor":4.0,"turns":4.0},{"damage":11.0,"enemies":"Large Slime","floor":5.0,"turns":8.0},{"damage":35.0,"enemies":"Gremlin Nob","floor":7.0,"turns":4.0},{"damage":6.0,"enemies":"Blue Slaver","floor":8.0,"turns":6.0},{"damage":0,"enemies":"Lagavulin","floor":10,"turns":10},{"damage":16,"enemies":"3 Louse","floor":11,"turns":4},{"damage":10,"enemies":"Large Slime","floor":12,"turns":5},{"damage":1,"enemies":"Blue Slaver","floor":14,"turns":5},{"damage":21,"enemies":"Slime Boss","floor":16,"turns":7},{"damage":2,"enemies":"3 Byrds","floor":18,"turns":6},{"damage":13,"enemies":"2 Thieves","floor":22,"turns":5},{"damage":17,"enemies":"Gremlin Leader","floor":24,"turns":6},{"damage":31,"enemies":"Shelled Parasite and Fungi","floor":25,"turns":5},{"damage":41,"enemies":"Slavers","floor":28,"turns":7},{"damage":0,"enemies":"Masked Bandits","floor":29,"turns":2},{"damage":10,"enemies":"Centurion and Healer","floor":30,"turns":6},{"damage":0,"enemies":"Chosen and Byrds","floor":31,"turns":5},{"damage":12,"enemies":"Automaton","floor":33,"turns":10},{"damage":8,"enemies":"Orb Walker","floor":35,"turns":2},{"damage":5,"enemies":"Mind Bloom Boss Battle","floor":37,"turns":8},{"damage":7,"enemies":"Nemesis","floor":40,"turns":7},{"damage":0,"enemies":"Reptomancer","floor":42,"turns":6},{"damage":1,"enemies":"Giant Head","floor":44,"turns":7},{"damage":39,"enemies":"3 Darklings","floor":45,"turns":7},{"damage":39,"enemies":"Transient","floor":46,"turns":5},{"damage":22,"enemies":"Jaw Worm Horde","floor":47,"turns":7},{"damage":45,"enemies":"Awakened One","floor":50,"turns":13},{"damage":67,"enemies":"Shield and Spear","floor":54,"turns":9},{"damage":35,"enemies":"The Heart","floor":55,"turns":9}],"seed_played":"7771035402787448345","potions_obtained":[{"floor":1.0,"key":"SteroidPotion"},{"floor":5.0,"key":"PowerPotion"},{"floor":10,"key":"SpeedPotion"},{"floor":11,"key":"AttackPotion"},{"floor":12,"key":"SteroidPotion"},{"floor":18,"key":"Strength Potion"},{"floor":22,"key":"Block Potion"},{"floor":30,"key":"Explosive Potion"},{"floor":31,"key":"Dexterity Potion"},{"floor":33,"key":"Poison Potion"},{"floor":40,"key":"PowerPotion"},{"floor":42,"key":"Swift Potion"},{"floor":45,"key":"Regen Potion"},{"floor":46,"key":"Weak Potion"}],"is_trial":false,"path_per_floor":["M","M","M","M","M","R","E","M","T","E","M","M","R","M","R","B",null,"M","$","?","T","M","R","E","M","T","R","E","?","M","M","R","B",null,"M","?","?","?","$","E","?","E","T","E","M","M","M","$","R","B",null,"R","$","E","B",null],"character_chosen":"IRONCLAD","items_purchased":["Bronze Scales","Medical Kit","StoneCalendar","Mummified Hand"],"campfire_rested":5,"item_purchase_floors":[19,19,39,48],"current_hp_per_floor":[76,73,78,74,69,69,40,40,40,46,36,32,32,37,63,48,78,88,88,88,88,81,81,82,67,67,88,72,78,88,88,88,88,88,86,86,91,81,81,81,70,76,76,91,74,46,47,47,74,65,87,94,94,47,28],"gold":54,"neow_bonus":"TEN_PERCENT_HP_BONUS","is_prod":false,"is_daily":false,"chose_seed":false,"campfire_upgraded":2,"win_rate":0,"timestamp":1555795007,"path_taken":["M","M","M","M","M","R","E","M","T","E","M","M","R","M","R","BOSS","M","$","?","?","?","R","E","M","T","R","E","?","M","M","R","BOSS","M","?","?","?","$","E","?","E","T","E","M","M","?","$","R","BOSS","R","$","E","BOSS"],"build_version":"2019-01-23","purchased_purges":2,"victory":true,"max_hp_per_floor":[88,88,88,88,88,88,88,88,88,88,88,88,88,88,88,88,88,88,88,88,88,88,88,88,88,88,88,88,88,88,88,88,88,88,88,88,91,91,91,91,91,91,91,91,91,91,91,91,91,94,94,94,94,94,94],"card_choices":[{"not_picked":["Warcry","Twin Strike"],"picked":"Feel No Pain","floor":1.0},{"not_picked":["Clothesline","Dropkick"],"picked":"Pommel Strike","floor":2.0},{"not_picked":["Clash","Havoc"],"picked":"Impervious","floor":3.0},{"not_picked":["Anger","Iron Wave"],"picked":"Sever Soul","floor":4.0},{"not_picked":["Sword Boomerang","Iron Wave"],"picked":"Barricade","floor":5.0},{"not_picked":["Wild Strike","Fire Breathing"],"picked":"Power Through","floor":7.0},{"not_picked":["Clash","Spot Weakness"],"picked":"Feel No Pain","floor":8},{"not_picked":["Clash","Warcry"],"picked":"Demon Form","floor":10},{"not_picked":["Thunderclap","Heavy Blade"],"picked":"Ghostly Armor","floor":11},{"not_picked":["Iron Wave","Cleave"],"picked":"Pommel Strike","floor":12},{"not_picked":["Anger","Blood for Blood"],"picked":"Whirlwind","floor":14},{"not_picked":["Immolate","Offering"],"picked":"Reaper","floor":16},{"not_picked":["Iron Wave","Clothesline"],"picked":"Armaments+1","floor":18},{"not_picked":["Blood for Blood","Rage","Heavy Blade"],"picked":"SKIP","floor":22},{"not_picked":["Clothesline","Spot Weakness"],"picked":"Pummel+1","floor":24},{"not_picked":["Second Wind","Carnage+1","Body Slam"],"picked":"SKIP","floor":25},{"not_picked":["Anger","Intimidate"],"picked":"Shrug It Off+1","floor":28},{"not_picked":["Headbutt","Warcry"],"picked":"Feel No Pain","floor":29},{"not_picked":["Hemokinesis+1","Warcry","Clash"],"picked":"SKIP","floor":30},{"not_picked":["Clash+1","Carnage"],"picked":"Body Slam+1","floor":31},{"not_picked":["Berserk","Limit Break"],"picked":"Feed","floor":33},{"not_picked":["Inflame+1","Burning Pact+1"],"picked":"Sentinel","floor":35},{"not_picked":["HandOfGreed","Finesse"],"picked":"Forethought","floor":38},{"not_picked":["Chrysalis","Purity"],"picked":"Master of Strategy","floor":38},{"not_picked":["Madness","Dramatic Entrance"],"picked":"Impatience","floor":38},{"not_picked":["Wild Strike+1","Clothesline+1"],"picked":"Shrug It Off","floor":40},{"not_picked":["Armaments","Barricade"],"picked":"Entrench+1","floor":42},{"not_picked":["Perfected Strike+1","Body Slam+1","Twin Strike+1"],"picked":"SKIP","floor":44},{"not_picked":["Bloodletting+1","Infernal Blade+1","Armaments+1"],"picked":"SKIP","floor":45},{"not_picked":["Clothesline+1","Blood for Blood","Sword Boomerang"],"picked":"SKIP","floor":46},{"not_picked":["Hemokinesis+1","Flex+1"],"picked":"Impervious","floor":47},{"not_picked":["Dropkick","Second Wind","Cleave"],"picked":"SKIP","floor":54}],"player_experience":328117,"relics_obtained":[{"floor":7.0,"key":"Du-Vu Doll"},{"floor":9,"key":"Smiling Mask"},{"floor":10,"key":"Red Skull"},{"floor":21,"key":"Pen Nib"},{"floor":24,"key":"Centennial Puzzle"},{"floor":26,"key":"Matryoshka"},{"floor":28,"key":"Happy Flower"},{"floor":29,"key":"Red Mask"},{"floor":37,"key":"Pocketwatch"},{"floor":40,"key":"Potion Belt"},{"floor":42,"key":"The Courier"},{"floor":43,"key":"Boot"},{"floor":44,"key":"Bag of Preparation"},{"floor":54,"key":"Anchor"}],"event_choices":[{"damage_healed":0,"gold_gain":0,"player_choice":"Simplicity","damage_taken":0,"max_hp_gain":0,"max_hp_loss":0,"event_name":"Back to Basics","floor":20,"gold_loss":0,"cards_upgraded":["Strike_R","Strike_R","Strike_R","Strike_R","Defend_R","Defend_R","Defend_R","Defend_R"]},{"damage_healed":0,"gold_gain":0,"player_choice":"Fought Bandits","damage_taken":0,"max_hp_gain":0,"max_hp_loss":0,"event_name":"Masked Bandits","floor":29,"gold_loss":0},{"damage_healed":0,"gold_gain":0,"player_choice":"Ignored","damage_taken":0,"max_hp_gain":0,"max_hp_loss":0,"event_name":"Mysterious Sphere","floor":36,"gold_loss":0},{"damage_healed":0,"gold_gain":0,"player_choice":"Fight","damage_taken":0,"max_hp_gain":0,"max_hp_loss":0,"event_name":"MindBloom","floor":37,"gold_loss":0},{"damage_healed":0,"gold_gain":0,"player_choice":"Memory 3","damage_taken":10,"max_hp_gain":0,"max_hp_loss":0,"event_name":"SensoryStone","floor":38,"gold_loss":0},{"damage_healed":0,"gold_gain":0,"player_choice":"Embrace Madness","damage_taken":11,"max_hp_gain":0,"max_hp_loss":0,"event_name":"Winding Halls","floor":41,"gold_loss":0,"cards_obtained":["Madness","Madness"]}],"is_beta":false,"boss_relics":[{"not_picked":["Calling Bell","Runic Cube"],"picked":"Fusion Hammer"},{"not_picked":["Orrery","Pandora\u0027s Box"],"picked":"Empty Cage"}],"items_purged_floors":[19,39],"is_endless":false,"potions_floor_spawned":[1,5,10,11,12,18,22,30,31,33,40,42,45,46],"ascension_level":8}