{"gold_per_floor":[118,118,118,132,142,142,132,132,156,166,184,234,234,13,13,111,111,111,3,3,0,0,0,0,0,0,0,0,0,0,0,0,0,0,0,0,0,0,0,0,0,0,0,0,0,0,0,0,0,0],"floor_reached":51,"playtime":3551,"items_purged":["Defend_R"],"score":1036,"play_id":"0c4939f9-022d-4a24-9e46-4aaa4ffc9ec6","local_time":"20181228151839","is_ascension_mode":true,"campfire_choices":[{"data":"Entrench","floor":6.0,"key":"SMITH"},{"data":"Cleave","floor":8.0,"key":"SMITH"},{"data":"Inflame","floor":13.0,"key":"SMITH"},{"data":"True Grit","floor":15.0,"key":"SMITH"},{"floor":30,"key":"REST"},{"floor":32,"key":"REST"},{"data":"Body Slam","floor":40,"key":"SMITH"},{"floor":44,"key":"REST"},{"data":"Body Slam","floor":45,"key":"SMITH"},{"data":"Barricade","floor":46,"key":"SMITH"},{"floor":49,"key":"REST"}],"neow_cost":"NONE","seed_source_timestamp":283705238588752,"circlet_count":0,"master_deck":["AscendersBane","Bash+1","Power Through","Flame Barrier","Entrench+1","Cleave+1","Ghostly Armor","Disarm","True Grit+1","Barricade+1","Wild Strike","Evolve","Entrench+1","Corruption","True Grit+1","Double Tap","Sword Boomerang","Sword Boomerang","Headbutt","Exhume","Power Through","Battle Trance","Dual Wield","Reaper","Spot Weakness","Intimidate","Body Slam+1","Searing Blow","Wild Strike+1","Body Slam+1","Infernal Blade+1"],"special_seed":0,"relics":["Burning Blood","Bag of Preparation","Centennial Puzzle","Chemical X","Ectoplasm","Tiny Chest","Bottled Tornado","Paper Frog","Darkstone Periapt","Regal Pillow","Pandora\u0027s Box","WingedGreaves","Unceasing Top","Ornamental Fan","StoneCalendar"],"potions_floor_usage":[24,24,27,39,42,42],"damage_taken":[{"damage":4.0,"enemies":"Jaw Worm","floor":1.0,"turns":6.0},{"damage":4.0,"enemies":"Small Slimes","floor":4.0,"turns":6.0},{"damage":1.0,"enemies":"Cultist","floor":5.0,"turns":5.0},{"damage":0.0,"enemies":"Exordium Thugs","floor":7.0,"turns":4.0},{"damage":0.0,"enemies":"Exordium Wildlife","floor":10.0,"turns":3.0},{"damage":0.0,"enemies":"Large Slime","floor":11.0,"turns":5.0},{"damage":12.0,"enemies":"Slime Boss","floor":16.0,"turns":7.0},{"damage":12.0,"enemies":"3 Byrds","floor":18.0,"turns":5.0},{"damage":13.0,"enemies":"2 Thieves","floor":21.0,"turns":5.0},{"damage":19.0,"enemies":"Cultist and Chosen","floor":22.0,"turns":7.0},{"damage":18.0,"enemies":"Slavers","floor":23.0,"turns":5.0},{"damage":15,"enemies":"Chosen and Byrds","floor":24,"turns":6},{"damage":18,"enemies":"Centurion and Healer","floor":25,"turns":9},{"damage":24,"enemies":"3 Cultists","floor":27,"turns":5},{"damage":79,"enemies":"Champ","floor":33,"turns":11},{"damage":15,"enemies":"3 Shapes","floor":35,"turns":9},{"damage":6,"enemies":"Orb Walker","floor":36,"turns":7},{"damage":72,"enemies":"Spire Growth","floor":37,"turns":7},{"damage":6,"enemies":"Mind Bloom Boss Battle","floor":39,"turns":10},{"damage":74,"enemies":"2 Orb Walkers","floor":41,"turns":6},{"damage":11,"enemies":"Sphere and 2 Shapes","floor":42,"turns":4},{"damage":112,"enemies":"Awakened One","floor":50,"turns":12}],"seed_played":"1817861091048697749","potions_obtained":[{"floor":10.0,"key":"Dexterity Potion"},{"floor":11.0,"key":"AttackPotion"},{"floor":21.0,"key":"Energy Potion"},{"floor":23.0,"key":"Regen Potion"},{"floor":25,"key":"PowerPotion"},{"floor":36,"key":"Regen Potion"},{"floor":39,"key":"Fire Potion"},{"floor":42,"key":"Fruit Juice"}],"is_trial":false,"path_per_floor":["M","?","?","M","M","R","M","R","T","M","M","T","R","$","R","B",null,"M","$","?","M","M","E","M","M","T","M","T","T","R","?","R","B",null,"M","M","M","$","?","R","?","M","T","R","R","R","T","$","R","B",null],"character_chosen":"IRONCLAD","items_purchased":["Chemical X","True Grit","Evolve"],"campfire_rested":4,"item_purchase_floors":[14,14,19],"current_hp_per_floor":[74,74,58,60,65,65,71,71,71,77,80,80,80,80,80,74,79,73,73,73,66,53,41,47,35,35,17,17,17,41,41,80,7,62,67,74,29,29,66,66,12,16,16,56,56,56,56,56,85,18],"gold":0,"neow_bonus":"REMOVE_CARD","is_prod":false,"is_daily":false,"chose_seed":false,"campfire_upgraded":7,"win_rate":0,"timestamp":1546028319,"path_taken":["M","?","?","M","M","R","M","R","T","M","M","?","R","$","R","BOSS","M","$","?","?","M","E","M","M","T","M","?","?","R","?","R","BOSS","M","?","M","$","?","R","?","M","T","R","R","R","?","?","R","BOSS"],"build_version":"2018-12-20","purchased_purges":1,"victory":true,"max_hp_per_floor":[80,80,80,80,80,80,80,80,80,80,80,80,80,80,80,80,80,80,80,80,80,80,80,80,80,80,80,80,80,80,80,80,80,80,80,80,80,80,80,80,80,85,85,85,85,85,85,85,85,85],"card_choices":[{"not_picked":["Shrug It Off","Iron Wave"],"picked":"Power Through","floor":1.0},{"not_picked":["Perfected Strike","Ghostly Armor"],"picked":"Entrench","floor":4.0},{"not_picked":["Ghostly Armor","Clash"],"picked":"Inflame","floor":5.0},{"not_picked":["Havoc","Intimidate"],"picked":"Cleave","floor":7.0},{"not_picked":["Flex","Armaments"],"picked":"Ghostly Armor","floor":10.0},{"not_picked":["Sentinel","Warcry"],"picked":"Disarm","floor":11.0},{"not_picked":["Demon Form","Exhume"],"picked":"Barricade","floor":16.0},{"not_picked":["Anger","Armaments"],"picked":"Wild Strike","floor":18.0},{"not_picked":["Armaments","True Grit"],"picked":"Corruption","floor":21.0},{"not_picked":["Headbutt","Perfected Strike+1"],"picked":"True Grit+1","floor":22.0},{"not_picked":["Shrug It Off","Cleave"],"picked":"Double Tap","floor":23.0},{"not_picked":["Clothesline+1","Fire Breathing"],"picked":"Sword Boomerang","floor":24},{"not_picked":["Combust","Flame Barrier"],"picked":"Sword Boomerang","floor":25},{"not_picked":["Warcry+1","Ghostly Armor"],"picked":"Headbutt","floor":27},{"not_picked":["Offering","Barricade"],"picked":"Exhume","floor":33},{"not_picked":["Pommel Strike","Twin Strike"],"picked":"Body Slam","floor":35},{"not_picked":["Perfected Strike","Havoc+1"],"picked":"Searing Blow","floor":36},{"not_picked":["Blood for Blood","Hemokinesis"],"picked":"Wild Strike+1","floor":37},{"not_picked":["Armaments","Anger"],"picked":"Body Slam","floor":39},{"not_picked":["Flex","Armaments"],"picked":"Infernal Blade+1","floor":41},{"not_picked":["Feed","Anger","Iron Wave"],"picked":"SKIP","floor":42}],"player_experience":446537,"relics_obtained":[{"floor":9.0,"key":"Bag of Preparation"},{"floor":12.0,"key":"Centennial Puzzle"},{"floor":23.0,"key":"Tiny Chest"},{"floor":26,"key":"Bottled Tornado"},{"floor":28,"key":"Paper Frog"},{"floor":29,"key":"Darkstone Periapt"},{"floor":39,"key":"WingedGreaves"},{"floor":41,"key":"Unceasing Top"},{"floor":43,"key":"Ornamental Fan"},{"floor":47,"key":"StoneCalendar"}],"event_choices":[{"damage_healed":0.0,"max_hp_gain":0.0,"max_hp_loss":0.0,"gold_gain":0.0,"cards_transformed":["Strike_R"],"event_name":"Living Wall","player_choice":"Change","floor":2.0,"gold_loss":0.0,"damage_taken":0.0,"cards_obtained":["Flame Barrier"]},{"damage_healed":0.0,"max_hp_gain":0.0,"max_hp_loss":0.0,"gold_gain":0.0,"event_name":"Shining Light","player_choice":"Entered Light","floor":3.0,"gold_loss":0.0,"damage_taken":16.0,"cards_upgraded":["Strike_R","Bash"]},{"damage_healed":0.0,"max_hp_gain":0.0,"max_hp_loss":0.0,"gold_gain":0.0,"event_name":"Duplicator","player_choice":"Copied","floor":20.0,"gold_loss":0.0,"damage_taken":0.0,"cards_obtained":["Entrench"]},{"cards_removed":["Inflame"],"damage_healed":0,"gold_gain":0,"player_choice":"Gave Card","damage_taken":0,"relics_obtained":["Regal Pillow"],"max_hp_gain":0,"max_hp_loss":0,"event_name":"WeMeetAgain","floor":31,"gold_loss":0},{"damage_healed":0,"gold_gain":0,"player_choice":"Fight","damage_taken":0,"max_hp_gain":0,"max_hp_loss":0,"event_name":"MindBloom","floor":39,"gold_loss":0},{"damage_healed":0,"gold_gain":0,"player_choice":"Fight","damage_taken":0,"max_hp_gain":0,"max_hp_loss":0,"event_name":"Mysterious Sphere","floor":41,"gold_loss":0}],"is_beta":false,"boss_relics":[{"not_picked":["Tiny House","Fusion Hammer"],"picked":"Ectoplasm"},{"not_picked":["Runic Cube","Philosopher\u0027s Stone"],"picked":"Pandora\u0027s Box"}],"items_purged_floors":[19],"is_endless":false,"potions_floor_spawned":[10,11,21,23,25,36,39,42],"ascension_level":12}