{"gold_per_floor":[115,135,85,104,118,147,147,167,167,220,220,239,250,267,267,372,372,390,390,390,401,416,416,429,429,429,429,54,79,89,102,102,204,204,218,234,6,6,18,18,28,43,43,43,59,77,92,143,143,143],"floor_reached":51,"playtime":3055,"items_purged":[],"score":704,"play_id":"892a1ff4-4bd9-48c8-b89a-5f1023d1b7c8","local_time":"20180803174356","is_ascension_mode":false,"campfire_choices":[{"floor":7,"key":"REST"},{"floor":11,"key":"REST"},{"floor":15,"key":"REST"},{"floor":23,"key":"REST"},{"floor":25,"key":"REST"},{"floor":27,"key":"REST"},{"data":"Hello World","floor":32,"key":"SMITH"},{"data":"Seek","floor":40,"key":"SMITH"},{"floor":44,"key":"REST"},{"floor":49,"key":"REST"}],"neow_cost":"NONE","seed_source_timestamp":384274147632889,"circlet_count":0,"master_deck":["Defend_B","Defend_B","Defend_B","Defend_B","Zap","Dualcast","Tempest","Conserve Battery","Streamline","Sweeping Beam","Rebound","Consume","Genetic Algorithm","Capacitor","Electrodynamics","Coolheaded","White Noise","Echo Form","Ball Lightning","Bite","Bite","Bite","Bite","Bite","RitualDagger","Aggregate+1","Stack","Stack+1","Static Discharge","Ball Lightning","Coolheaded","Hello World+1","Turbo+1","Ball Lightning+1","Seek+1","Conserve Battery+1","Redo+1","Hyperbeam","Amplify","Sweeping Beam+1","Barrage+1","Compile Driver+1","Self Repair","Static Discharge+1","Go for the Eyes","Auto Shields"],"relics":["Cracked Core","Pen Nib","Letter Opener","Lizard Tail","Bird Faced Urn","Orichalcum","Smiling Mask","Busted Crown","Incense Burner","Blue Candle","Girya"],"potions_floor_usage":[6,18,22,22,24,29,31,36,38,38,42,48,50,50],"damage_taken":[{"damage":1,"enemies":"Cultist","floor":1,"turns":3},{"damage":8,"enemies":"2 Louse","floor":2,"turns":2},{"damage":1,"enemies":"Jaw Worm","floor":4,"turns":3},{"damage":13,"enemies":"Red Slaver","floor":5,"turns":3},{"damage":37,"enemies":"Lagavulin","floor":6,"turns":6},{"damage":5,"enemies":"Looter","floor":8,"turns":3},{"damage":13,"enemies":"Lots of Slimes","floor":12,"turns":3},{"damage":0,"enemies":"Large Slime","floor":13,"turns":3},{"damage":17,"enemies":"Exordium Thugs","floor":14,"turns":4},{"damage":1,"enemies":"Slime Boss","floor":16,"turns":7},{"damage":3,"enemies":"3 Byrds","floor":18,"turns":2},{"damage":20,"enemies":"Spheric Guardian","floor":21,"turns":4},{"damage":23,"enemies":"Centurion and Healer","floor":22,"turns":7},{"damage":21,"enemies":"Snake Plant","floor":24,"turns":5},{"damage":34,"enemies":"Gremlin Leader","floor":29,"turns":7},{"damage":20,"enemies":"Cultist and Chosen","floor":30,"turns":5},{"damage":2,"enemies":"Centurion and Healer","floor":31,"turns":7},{"damage":15,"enemies":"Automaton","floor":33,"turns":8},{"damage":4,"enemies":"Orb Walker","floor":35,"turns":2},{"damage":14,"enemies":"3 Shapes","floor":36,"turns":3},{"damage":15,"floor":38,"turns":6},{"damage":4,"enemies":"Maw","floor":39,"turns":7},{"damage":5,"enemies":"Sphere and 2 Shapes","floor":41,"turns":2},{"damage":16,"enemies":"Spire Growth","floor":42,"turns":4},{"damage":0,"enemies":"4 Shapes","floor":45,"turns":3},{"damage":5,"enemies":"3 Darklings","floor":46,"turns":4},{"damage":13,"enemies":"Maw","floor":47,"turns":7},{"damage":14,"floor":48,"turns":2},{"damage":84,"enemies":"Awakened One","floor":50,"turns":10}],"seed_played":"-6053103558130452241","potions_obtained":[{"floor":4,"key":"Ancient Potion"},{"floor":8,"key":"Swift Potion"},{"floor":13,"key":"Dexterity Potion"},{"floor":14,"key":"LiquidBronze"},{"floor":21,"key":"EssenceOfSteel"},{"floor":22,"key":"Block Potion"},{"floor":30,"key":"Regen Potion"},{"floor":31,"key":"Weak Potion"},{"floor":35,"key":"Swift Potion"},{"floor":36,"key":"Energy Potion"},{"floor":39,"key":"Dexterity Potion"},{"floor":41,"key":"FocusPotion"},{"floor":42,"key":"EssenceOfSteel"},{"floor":47,"key":"PowerPotion"}],"is_trial":false,"path_per_floor":["M","M","$","M","M","E","R","M","T","?","R","M","M","M","R","B",null,"M","?","?","M","M","R","M","R","T","R","$","E","M","M","R","B",null,"M","M","$","?","M","R","M","M","T","R","M","M","M","?","R","B"],"character_chosen":"DEFECT","items_purchased":["Sweeping Beam","Orichalcum","Static Discharge","Ball Lightning","Ancient Potion","Coolheaded","Hyperbeam","Amplify"],"campfire_rested":8,"item_purchase_floors":[3,28,28,28,28,28,37,37],"current_hp_per_floor":[74,66,66,65,52,15,37,32,32,32,54,41,41,24,46,45,75,72,52,46,28,17,32,24,39,39,52,52,36,22,52,52,47,52,48,44,44,41,52,52,47,36,36,51,52,51,41,41,52,26],"gold":143,"neow_bonus":"THREE_CARDS","is_prod":false,"is_daily":false,"chose_seed":false,"campfire_upgraded":2,"win_rate":0,"timestamp":1533311036,"path_taken":["M","M","$","M","M","E","R","?","T","?","R","M","?","M","R","BOSS","M","?","?","?","M","R","M","R","T","R","$","E","?","M","R","BOSS","M","M","$","?","M","R","M","M","T","R","M","?","M","?","R","BOSS"],"build_version":"2018-08-02","purchased_purges":0,"victory":true,"max_hp_per_floor":[75,75,75,75,75,75,75,75,75,75,75,75,75,75,75,75,75,75,52,52,52,52,52,52,52,52,52,52,52,52,52,52,52,52,52,52,52,52,52,52,52,52,52,52,52,52,52,52,52,52],"card_choices":[{"not_picked":["Barrage","Compile Driver"],"picked":"Tempest","floor":0},{"not_picked":["Consume","Double Energy"],"picked":"Conserve Battery","floor":1},{"not_picked":["Compile Driver","Hologram"],"picked":"Streamline","floor":2},{"not_picked":["Conserve Battery","Reinforced Body"],"picked":"Rebound","floor":4},{"not_picked":["Fission","Redo"],"picked":"Consume","floor":5},{"not_picked":["Streamline","Self Repair"],"picked":"Genetic Algorithm","floor":6},{"not_picked":["Streamline","Hologram"],"picked":"Capacitor","floor":8},{"not_picked":["Coolheaded","Turbo"],"picked":"Electrodynamics","floor":12},{"not_picked":["Gash","Storm"],"picked":"Coolheaded","floor":13},{"not_picked":["Go for the Eyes","Reinforced Body"],"picked":"White Noise","floor":14},{"not_picked":["All For One","Hyperbeam"],"picked":"Echo Form","floor":16},{"not_picked":["Coolheaded","Turbo"],"picked":"Ball Lightning","floor":18},{"not_picked":["Barrage+1","Redo"],"picked":"Aggregate+1","floor":21},{"not_picked":["Sweeping Beam","Compile Driver"],"picked":"Stack","floor":22},{"not_picked":["Scrape","Rebound"],"picked":"Stack+1","floor":24},{"not_picked":["Cold Snap","All For One"],"picked":"Hello World","floor":29},{"not_picked":["Streamline","Darkness"],"picked":"Turbo+1","floor":30},{"not_picked":["Recycle","Steam Power+1"],"picked":"Ball Lightning+1","floor":31},{"not_picked":["All For One","Electrodynamics"],"picked":"Seek","floor":33},{"not_picked":[],"picked":"Conserve Battery+1","floor":35},{"not_picked":[],"picked":"Redo+1","floor":36},{"not_picked":[],"picked":"Sweeping Beam+1","floor":38},{"not_picked":[],"picked":"Barrage+1","floor":39},{"not_picked":[],"picked":"Compile Driver+1","floor":41},{"not_picked":[],"picked":"Self Repair","floor":42},{"not_picked":[],"picked":"Static Discharge+1","floor":45},{"not_picked":["Redo+1"],"picked":"SKIP","floor":46},{"not_picked":[],"picked":"Go for the Eyes","floor":47},{"not_picked":[],"picked":"Auto Shields","floor":48}],"player_experience":140964,"relics_obtained":[{"floor":6,"key":"Pen Nib"},{"floor":9,"key":"Letter Opener"},{"floor":26,"key":"Bird Faced Urn"},{"floor":29,"key":"Smiling Mask"},{"floor":38,"key":"Incense Burner"},{"floor":43,"key":"Blue Candle"},{"floor":48,"key":"Girya"}],"event_choices":[{"event_name":"Golden Wing","player_choice":"Gained Gold","floor":10,"damage_taken":0},{"event_name":"Vampires","player_choice":"Became a vampire","floor":19,"damage_taken":0},{"event_name":"Nest","player_choice":"Joined the Cult","floor":20,"damage_taken":0},{"event_name":"MindBloom","player_choice":"Fight","floor":38,"damage_taken":0},{"event_name":"Mysterious Sphere","player_choice":"Fight","floor":48,"damage_taken":0}],"is_beta":false,"boss_relics":[{"not_picked":["Pandora\u0027s Box","FrozenCore"],"picked":"Lizard Tail"},{"not_picked":["Cursed Key","Eternal Feather"],"picked":"Busted Crown"}],"items_purged_floors":[],"is_endless":false,"potions_floor_spawned":[4,8,13,14,21,22,30,31,35,36,39,41,42,47],"ascension_level":0}