{"path_per_floor":["M","$","M","M","M","R","M","$","T","M","R","?","M","E","R","B",null,"M","M","M","M","M","R","?","R","T","M","$","?","M","E","R","B",null,"M","M","M","$","M","?","R","M","T","M","M","$","R","M","R","B"],"character_chosen":"IRONCLAD","items_purchased":["Purity","True Grit","Metallicize","Self Forming Clay","Body Slam","Good Instincts","Feel No Pain"],"gold_per_floor":[119,17,34,50,60,60,70,47,47,58,58,58,74,102,102,201,201,219,237,257,268,282,282,282,282,309,327,12,12,26,52,52,147,147,158,170,187,17,32,32,32,45,45,55,71,71,71,90,90,90],"floor_reached":51,"campfire_rested":0,"playtime":7119,"current_hp_per_floor":[39,39,45,51,55,55,61,61,61,67,67,67,73,75,75,46,80,70,73,48,54,28,28,28,28,28,30,30,30,56,49,49,56,56,56,53,56,56,56,56,56,56,56,56,56,56,56,54,56,47],"items_purged":[],"gold":90,"score":531,"play_id":"22caca9c-80d1-4ad6-b1ba-c14d022dd0f1","is_prod":false,"is_daily":false,"is_ascension_mode":false,"campfire_upgraded":9,"path_taken":["M","$","M","M","M","R","M","?","T","M","R","?","M","E","R","BOSS","M","M","M","M","M","R","?","R","T","M","$","?","M","E","R","BOSS","M","M","M","$","M","?","R","M","T","M","M","?","R","M","R","BOSS"],"build_version":"2018-02-22-PROD2","purchased_purges":0,"victory":true,"master_deck":["Defend_R","Defend_R","Defend_R","Shrug It Off","Purity","Flame Barrier+1","Metallicize+1","Battle Trance+1","True Grit+1","Flex","Armaments+1","Combust+1","Barricade+1","Pommel Strike+1","Feel No Pain+1","Wild Strike+1","Bite","Bite","Bite","Bite","Bite","Metallicize+1","Seeing Red+1","Shrug It Off+1","Inflame+1","Body Slam+1","Good Instincts+1","Feel No Pain+1","Shrug It Off+1","Shockwave+1","Ghostly Armor+1","Shrug It Off+1"],"max_hp_per_floor":[80,80,80,80,80,80,80,80,80,80,80,80,80,80,80,80,80,80,80,80,80,80,80,56,56,56,56,56,56,56,56,56,56,56,56,56,56,56,56,56,56,56,56,56,56,56,56,56,56,56],"relics":["Burning Blood","Dodecahedron","Frozen Egg 2","Lizard Tail","Bag of Preparation","Self Forming Clay","Anchor","Eternal Feather","Meat on the Bone"],"card_choices":[{"not_picked":["Sword Boomerang","Dual Wield"],"picked":"Shrug It Off"},{"not_picked":["Twin Strike","Anger"],"picked":"Flame Barrier"},{"not_picked":["Fire Breathing","Rupture"],"picked":"Metallicize"},{"not_picked":["Burning Pact","Perfected Strike"],"picked":"Battle Trance"},{"not_picked":["Burning Pact","Wild Strike"],"picked":"Flex"},{"not_picked":["Clothesline","Twin Strike"],"picked":"Armaments"},{"not_picked":["Fire Breathing","Intimidate"],"picked":"Combust"},{"not_picked":["Dark Embrace","Bludgeon"],"picked":"Barricade"},{"not_picked":["Anger","Feel No Pain"],"picked":"Pommel Strike"},{"not_picked":["Iron Wave","Battle Trance"],"picked":"Feel No Pain"},{"not_picked":["Heavy Blade","Headbutt"],"picked":"Wild Strike"},{"not_picked":["Clash","Hemokinesis"],"picked":"Seeing Red"},{"not_picked":["Pommel Strike","Barricade"],"picked":"Shrug It Off"},{"not_picked":["Iron Wave","Corruption"],"picked":"Inflame"},{"not_picked":["Headbutt","Heavy Blade"],"picked":"Shrug It Off"},{"not_picked":["Reaper","Inflame"],"picked":"Shockwave"},{"not_picked":["Wild Strike","Intimidate"],"picked":"Ghostly Armor"},{"not_picked":["Body Slam","Sword Boomerang"],"picked":"Shrug It Off"}],"player_experience":51411,"potions_floor_usage":[10,14,16,18,22,33,50,50],"damage_taken":[{"damage":7,"enemies":"Cultist","floor":1,"turns":5},{"damage":0,"enemies":"Small Slimes","floor":3,"turns":5},{"damage":0,"enemies":"Jaw Worm","floor":4,"turns":5},{"damage":2,"enemies":"Large Slime","floor":5,"turns":12},{"damage":0,"enemies":"3 Louse","floor":7,"turns":5},{"damage":0,"enemies":"Looter","floor":10,"turns":4},{"damage":0,"enemies":"Large Slime","floor":13,"turns":12},{"damage":4,"enemies":"3 Sentries","floor":14,"turns":11},{"damage":35,"enemies":"Slime Boss","floor":16,"turns":16},{"damage":16,"enemies":"Spheric Guardian","floor":18,"turns":8},{"damage":3,"enemies":"Shell Parasite","floor":19,"turns":13},{"damage":31,"enemies":"Sentry and Sphere","floor":20,"turns":12},{"damage":0,"enemies":"Snecko","floor":21,"turns":14},{"damage":32,"enemies":"Cultist and Chosen","floor":22,"turns":12},{"damage":8,"enemies":"Snake Plant","floor":27,"turns":7},{"damage":0,"enemies":"Sentry and Sphere","floor":30,"turns":11},{"damage":19,"enemies":"Book of Stabbing","floor":31,"turns":10},{"damage":33,"enemies":"Champ","floor":33,"turns":34},{"damage":11,"enemies":"Orb Walker","floor":35,"turns":6},{"damage":39,"enemies":"3 Darklings","floor":36,"turns":12},{"damage":7,"enemies":"4 Shapes","floor":37,"turns":8},{"damage":15,"enemies":"Maw","floor":39,"turns":8},{"damage":14,"enemies":"3 Darklings","floor":42,"turns":9},{"damage":10,"enemies":"Sphere and 2 Shapes","floor":44,"turns":9},{"damage":7,"enemies":"Maw","floor":45,"turns":10},{"damage":15,"enemies":"3 Darklings","floor":48,"turns":6},{"damage":21,"enemies":"Donu and Deca","floor":50,"turns":14}],"event_choices":[{"event_name":"The Lab","player_choice":"Got Potions","floor":12,"damage_taken":0},{"event_name":"Vampires","player_choice":"Became a vampire","floor":24,"damage_taken":0},{"event_name":"Beggar","player_choice":"Ignored","floor":29,"damage_taken":0}],"boss_relics":[{"not_picked":["White Beast Statue","Question Card"],"picked":"Lizard Tail"},{"not_picked":["Tiny House","Calling Bell"],"picked":"Eternal Feather"}],"potions_floor_spawned":[5,7,13,14,19,22,30,31,35,37,42,45],"seed_played":"-5360095727699267069","ascension_level":0,"is_trial":false}