{"gold_per_floor":[114,289,304,304,319,349,349,379,379,409,424,454,454,193,193,293,293,308,308,323,338,353,383,383,30,30,60,160,175,205,220,220,320,320,335,350,365,365,365,395,395,425,425,38,68,83,113,40,40,40],"floor_reached":51,"playtime":2639,"items_purged":["Doubt"],"score":1278,"play_id":"191d7814-072d-413a-8ad6-5c7507d20285","local_time":"20180916154624","daily_mods":["Shiny","Elite Swarm","Vintage"],"is_ascension_mode":false,"campfire_choices":[{"data":"Buffer","floor":7,"key":"SMITH"},{"data":"Defragment","floor":15,"key":"SMITH"},{"data":"Seek","floor":24,"key":"SMITH"},{"data":"Hyperbeam","floor":32,"key":"SMITH"},{"data":"1","floor":49,"key":"LIFT"}],"neow_cost":"","seed_source_timestamp":0,"circlet_count":0,"master_deck":["Multi-Cast","Hyperbeam+1","Thunder Strike","Biased Cognition","Machine Learning","Electrodynamics","Buffer+1","Rainbow","Seek","Meteor Strike","Echo Form","All For One","Reboot","Creative AI","Fission+1","Core Surge","Seek+1","Echo Form","Core Surge+1","Hyperbeam+1","Defragment+1","Core Surge+1","Machine Learning+1","Hyperbeam+1","Reboot","Biased Cognition+1","Seek+1","Amplify+1","Buffer+1","White Noise+1","Buffer+1","Hyperbeam+1","Heatsinks+1"],"special_seed":17790,"relics":["Cracked Core","Shuriken","Molten Egg 2","Omamori","Singing Bowl","Ice Cream","Bottled Flame","Kunai","Incense Burner","Bottled Tornado","Bronze Scales","Anchor","Juzu Bracelet","Snecko Eye","Bird Faced Urn","Frozen Egg 2","Meat on the Bone","Matryoshka","Mercury Hourglass","Bottled Lightning","Strange Spoon","Pear","Sundial","DataDisk","Calipers","Symbiotic Virus","Prayer Wheel","Letter Opener","Pen Nib","Boot","Cursed Key","Gremlin Horn","Toxic Egg 2","Bag of Preparation","Peace Pipe","Girya","Dream Catcher","Cables","Happy Flower","Medical Kit","Smiling Mask","Ornamental Fan","StoneCalendar"],"potions_floor_usage":[16,16,21],"damage_taken":[{"damage":11,"enemies":"Jaw Worm","floor":1,"turns":5},{"damage":0,"enemies":"Small Slimes","floor":3,"turns":2},{"damage":1,"enemies":"2 Louse","floor":5,"turns":2},{"damage":9,"enemies":"Lagavulin","floor":6,"turns":6},{"damage":0,"enemies":"Gremlin Nob","floor":8,"turns":4},{"damage":27,"enemies":"3 Sentries","floor":10,"turns":4},{"damage":0,"enemies":"Lots of Slimes","floor":11,"turns":1},{"damage":0,"enemies":"Gremlin Nob","floor":12,"turns":5},{"damage":16,"enemies":"Hexaghost","floor":16,"turns":7},{"damage":10,"enemies":"2 Thieves","floor":18,"turns":2},{"damage":0,"enemies":"Chosen","floor":20,"turns":3},{"damage":0,"enemies":"3 Cultists","floor":21,"turns":2},{"damage":0,"enemies":"Chosen and Byrds","floor":22,"turns":2},{"damage":8,"enemies":"Gremlin Leader","floor":23,"turns":2},{"damage":0,"enemies":"Slavers","floor":27,"turns":2},{"damage":0,"enemies":"Colosseum Slavers","floor":28,"turns":2},{"damage":0,"enemies":"Colosseum Nobs","floor":28,"turns":2},{"damage":0,"enemies":"Cultist and Chosen","floor":29,"turns":3},{"damage":0,"enemies":"Gremlin Leader","floor":30,"turns":2},{"damage":0,"enemies":"Centurion and Healer","floor":31,"turns":2},{"damage":0,"enemies":"Automaton","floor":33,"turns":4},{"damage":0,"enemies":"3 Darklings","floor":35,"turns":2},{"damage":0,"enemies":"Orb Walker","floor":36,"turns":2},{"damage":0,"enemies":"Spire Growth","floor":37,"turns":2},{"damage":4,"enemies":"Giant Head","floor":40,"turns":3},{"damage":15,"enemies":"2 Orb Walkers","floor":42,"turns":2},{"damage":0,"enemies":"Nemesis","floor":45,"turns":3},{"damage":0,"enemies":"Sphere and 2 Shapes","floor":46,"turns":2},{"damage":0,"enemies":"Giant Head","floor":47,"turns":4},{"damage":0,"enemies":"Awakened One","floor":50,"turns":3}],"seed_played":"-2272757281198237477","potions_obtained":[{"floor":1,"key":"Ancient Potion"},{"floor":6,"key":"FocusPotion"},{"floor":11,"key":"Weak Potion"},{"floor":20,"key":"Fruit Juice"},{"floor":23,"key":"Regen Potion"},{"floor":27,"key":"EssenceOfSteel"},{"floor":30,"key":"Swift Potion"},{"floor":31,"key":"EntropicBrew"}],"is_trial":false,"path_per_floor":["M","?","M","?","M","E","R","E","T","E","M","E","?","$","R","B",null,"M","?","M","M","M","E","R","$","T","E","?","M","E","M","R","B",null,"M","M","M","?","?","E","?","E","T","$","E","M","E","$","R","B"],"character_chosen":"DEFECT","items_purchased":["Anchor","Defragment","Hyperbeam+1","Strange Spoon","White Noise+1","Happy Flower","Medical Kit","Heatsinks+1"],"campfire_rested":0,"item_purchase_floors":[14,14,25,25,44,44,44,48],"current_hp_per_floor":[64,64,64,57,56,47,47,47,47,20,20,20,20,20,20,4,75,65,65,65,76,78,78,78,78,88,90,92,92,94,94,94,94,94,94,94,94,94,94,94,94,83,83,83,93,94,94,94,94,94],"gold":40,"neow_bonus":"","is_prod":false,"is_daily":true,"chose_seed":false,"campfire_upgraded":4,"win_rate":0,"timestamp":1537127184,"path_taken":["M","?","?","?","M","E","R","E","T","E","?","E","?","?","R","BOSS","M","?","M","M","M","E","R","$","T","E","?","M","E","M","R","BOSS","M","M","M","?","?","E","?","E","T","?","E","M","E","$","R","BOSS"],"build_version":"2018-09-06","purchased_purges":1,"victory":true,"max_hp_per_floor":[75,75,75,75,75,75,75,75,75,75,75,75,75,75,75,75,75,75,75,75,80,80,80,80,80,90,90,92,92,94,94,94,94,94,94,94,94,94,94,94,94,94,94,94,94,94,94,94,94,94],"card_choices":[{"not_picked":["Creative AI","Meteor Strike+1"],"picked":"Seek","floor":6},{"not_picked":["Fission","Multi-Cast"],"picked":"Echo Form","floor":8},{"not_picked":["Seek","Fission"],"picked":"Core Surge+1","floor":10},{"not_picked":["Electrodynamics","Core Surge+1"],"picked":"Hyperbeam+1","floor":12},{"not_picked":["Rainbow","Meteor Strike+1"],"picked":"Core Surge+1","floor":16},{"not_picked":["Fission","Creative AI+1"],"picked":"Machine Learning+1","floor":23},{"not_picked":["All For One+1","Core Surge+1"],"picked":"Reboot","floor":27},{"not_picked":["Melter+1","Steam Power","Rebound+1"],"picked":"Singing Bowl","floor":28},{"not_picked":["Rainbow","Multi-Cast","Amplify"],"picked":"Singing Bowl","floor":30},{"not_picked":["Rainbow","Seek"],"picked":"Biased Cognition+1","floor":33},{"not_picked":["Machine Learning+1","Multi-Cast+1"],"picked":"Amplify+1","floor":40},{"not_picked":["Multi-Cast+1","Echo Form+1"],"picked":"Buffer+1","floor":42},{"not_picked":["All For One+1","Machine Learning+1"],"picked":"Buffer+1","floor":45},{"not_picked":["Creative AI+1","Core Surge+1"],"picked":"Hyperbeam+1","floor":47}],"player_experience":242207,"relics_obtained":[{"floor":1,"key":"Shuriken"},{"floor":3,"key":"Molten Egg 2"},{"floor":5,"key":"Singing Bowl"},{"floor":6,"key":"Ice Cream"},{"floor":8,"key":"Bottled Flame"},{"floor":9,"key":"Kunai"},{"floor":10,"key":"Incense Burner"},{"floor":11,"key":"Bottled Tornado"},{"floor":12,"key":"Bronze Scales"},{"floor":16,"key":"Juzu Bracelet"},{"floor":18,"key":"Bird Faced Urn"},{"floor":20,"key":"Meat on the Bone"},{"floor":21,"key":"Matryoshka"},{"floor":22,"key":"Mercury Hourglass"},{"floor":23,"key":"Bottled Lightning"},{"floor":26,"key":"Pear"},{"floor":26,"key":"Sundial"},{"floor":27,"key":"DataDisk"},{"floor":28,"key":"Calipers"},{"floor":28,"key":"Symbiotic Virus"},{"floor":29,"key":"Prayer Wheel"},{"floor":30,"key":"Letter Opener"},{"floor":31,"key":"Pen Nib"},{"floor":33,"key":"Boot"},{"floor":35,"key":"Gremlin Horn"},{"floor":36,"key":"Toxic Egg 2"},{"floor":37,"key":"Bag of Preparation"},{"floor":40,"key":"Peace Pipe"},{"floor":42,"key":"Girya"},{"floor":43,"key":"Dream Catcher"},{"floor":43,"key":"Cables"},{"floor":45,"key":"Smiling Mask"},{"floor":46,"key":"Ornamental Fan"},{"floor":47,"key":"StoneCalendar"}],"event_choices":[{"event_name":"Liars Game","player_choice":"agreed","floor":2,"damage_taken":0},{"event_name":"Scrap Ooze","player_choice":"success","floor":4,"damage_taken":7},{"event_name":"Living Wall","player_choice":"Grow","floor":13,"damage_taken":0},{"event_name":"The Mausoleum","player_choice":"Yes","floor":19,"damage_taken":0},{"event_name":"Colosseum","player_choice":"Fight","floor":28,"damage_taken":0},{"event_name":"Colosseum","player_choice":"Fought Nobs","floor":28,"damage_taken":0},{"event_name":"Duplicator","player_choice":"One dupe","floor":38,"damage_taken":0},{"event_name":"The Lab","player_choice":"Got Potions","floor":39,"damage_taken":0},{"event_name":"Purifier","player_choice":"One Purge","floor":41,"damage_taken":0}],"is_beta":false,"boss_relics":[{"not_picked":["Ectoplasm","Calling Bell"],"picked":"Snecko Eye"},{"not_picked":["Empty Cage","Velvet Choker"],"picked":"Cursed Key"}],"items_purged_floors":[14],"is_endless":false,"potions_floor_spawned":[1,6,11,20,23,27,28,30,31,35,36,37,42],"ascension_level":0}