{"gold_per_floor":[118,118,118,68,87,87,38,51,51,70,82,82,82,93,93,188,188,207,51,71,23,43,43,59,59,110,110,110,121,220,237,237,237],"floor_reached":33,"playtime":1365,"items_purged":["Strike_G"],"score":239,"play_id":"beccd591-0981-4a4c-8d49-4c0f78f4808b","local_time":"20190308164519","is_ascension_mode":false,"campfire_choices":[{"data":"Dash","floor":6,"key":"SMITH"},{"data":"Neutralize","floor":15,"key":"SMITH"},{"data":"Catalyst","floor":23,"key":"SMITH"},{"data":"Poisoned Stab","floor":25,"key":"SMITH"},{"data":"Flying Knee","floor":28,"key":"SMITH"},{"floor":32,"key":"REST"}],"neow_cost":"NONE","seed_source_timestamp":400034424346666,"circlet_count":0,"master_deck":["Defend_G+1","Defend_G+1","Defend_G","Defend_G","Strike_G","Strike_G","Strike_G","Survivor","Neutralize+1","Dash+1","Dodge and Roll+1","Flying Knee+1","Noxious Fumes+1","Cloak And Dagger","Poisoned Stab+1","Die Die Die","Cloak And Dagger+1","Catalyst+1","Bane","Flying Knee","Caltrops","Deadly Poison"],"relics":["Ring of the Snake"],"potions_floor_usage":[16,20,20,29,33],"damage_taken":[{"damage":7,"enemies":"Small Slimes","floor":1,"turns":5},{"damage":1,"enemies":"Jaw Worm","floor":5,"turns":4},{"damage":0,"enemies":"2 Louse","floor":8,"turns":3},{"damage":0,"enemies":"Large Slime","floor":10,"turns":7},{"damage":0,"enemies":"Looter","floor":11,"turns":3},{"damage":5,"enemies":"Red Slaver","floor":14,"turns":4},{"damage":18,"enemies":"The Guardian","floor":16,"turns":10},{"damage":0,"enemies":"Chosen","floor":18,"turns":6},{"damage":7,"enemies":"2 Thieves","floor":20,"turns":4},{"damage":7,"enemies":"Snake Plant","floor":22,"turns":6},{"damage":15,"enemies":"Centurion and Healer","floor":24,"turns":8},{"damage":19,"enemies":"Sentry and Sphere","floor":29,"turns":7},{"damage":17,"enemies":"Cultist and Chosen","floor":31,"turns":7},{"damage":43,"enemies":"Automaton","floor":33,"turns":8}],"seed_played":"-5340645787028749710","potions_obtained":[{"floor":1,"key":"Poison Potion"},{"floor":8,"key":"Explosive Potion"},{"floor":10,"key":"Regen Potion"},{"floor":22,"key":"Ancient Potion"},{"floor":29,"key":"EssenceOfSteel"},{"floor":31,"key":"PowerPotion"}],"is_trial":false,"path_per_floor":["M","?","?","?","M","R","$","M","T","M","M","?","?","M","R","B",null,"M","$","M","$","M","R","M","R","T","?","R","M","?","M","R","B"],"character_chosen":"THE_SILENT","items_purchased":["Flying Knee","Catalyst","Bane"],"campfire_rested":1,"item_purchase_floors":[7,19,21],"current_hp_per_floor":[70,63,48,48,47,47,47,47,47,47,47,52,52,47,47,44,82,82,82,75,75,68,68,53,53,53,53,53,34,34,17,41,0],"gold":237,"neow_bonus":"TEN_PERCENT_HP_BONUS","is_prod":false,"is_daily":false,"chose_seed":false,"campfire_upgraded":5,"win_rate":0,"timestamp":1552063519,"path_taken":["M","?","?","?","M","R","$","M","T","M","M","?","?","M","R","BOSS","M","$","M","$","M","R","M","R","T","?","R","?","?","M","R","BOSS"],"build_version":"2019-01-23","purchased_purges":1,"victory":false,"max_hp_per_floor":[77,77,77,77,77,77,77,77,77,77,77,82,82,82,82,82,82,82,82,82,82,82,82,82,82,82,82,82,82,82,82,82,82],"card_choices":[{"not_picked":["Endless Agony","Deflect"],"picked":"Dash","floor":1},{"not_picked":["Acrobatics","Leg Sweep"],"picked":"Dodge and Roll","floor":5},{"not_picked":["Deadly Poison","Poisoned Stab"],"picked":"Noxious Fumes","floor":8},{"not_picked":["Tactician","Terror"],"picked":"Cloak And Dagger","floor":10},{"not_picked":["Acrobatics","Distraction"],"picked":"Poisoned Stab","floor":14},{"not_picked":["Storm of Steel","Malaise"],"picked":"Die Die Die","floor":16},{"not_picked":["Backflip","Outmaneuver"],"picked":"Cloak And Dagger+1","floor":18},{"not_picked":["Blade Dance","Acrobatics","Dodge and Roll"],"picked":"SKIP","floor":20},{"not_picked":["Sucker Punch","Quick Slash"],"picked":"Flying Knee","floor":24},{"not_picked":["Acrobatics","Doppelganger"],"picked":"Caltrops","floor":29},{"not_picked":["Dagger Throw","Concentrate"],"picked":"Deadly Poison","floor":31}],"player_experience":347168,"relics_obtained":[],"event_choices":[{"cards_removed":["Strike_G"],"damage_healed":0,"gold_gain":0,"player_choice":"Card Removal","damage_taken":7,"max_hp_gain":0,"max_hp_loss":0,"event_name":"Golden Wing","floor":2,"gold_loss":0},{"damage_healed":0,"gold_gain":0,"player_choice":"Entered Light","damage_taken":15,"max_hp_gain":0,"max_hp_loss":0,"event_name":"Shining Light","floor":3,"gold_loss":0,"cards_upgraded":["Defend_G","Defend_G"]},{"cards_removed":["Defend_G"],"damage_healed":0,"gold_gain":0,"player_choice":"Card Removal","damage_taken":0,"max_hp_gain":0,"max_hp_loss":0,"event_name":"The Cleric","floor":4,"gold_loss":50},{"damage_healed":0,"gold_gain":0,"player_choice":"Donut","damage_taken":0,"max_hp_gain":5,"max_hp_loss":0,"event_name":"Big Fish","floor":12,"gold_loss":0},{"damage_healed":0,"gold_gain":0,"player_choice":"Grow","damage_taken":0,"max_hp_gain":0,"max_hp_loss":0,"event_name":"Living Wall","floor":13,"gold_loss":0,"cards_upgraded":["Noxious Fumes"]},{"damage_healed":0,"gold_gain":0,"player_choice":"Forge","damage_taken":0,"max_hp_gain":0,"max_hp_loss":0,"event_name":"Accursed Blacksmith","floor":27,"gold_loss":0,"cards_upgraded":["Dodge and Roll"]},{"damage_healed":0,"gold_gain":99,"player_choice":"Stole From Cult","damage_taken":0,"max_hp_gain":0,"max_hp_loss":0,"event_name":"Nest","floor":30,"gold_loss":0}],"is_beta":false,"boss_relics":[{"not_picked":["Runic Dome","Philosopher\u0027s Stone","Busted Crown"]}],"items_purged_floors":[19],"is_endless":false,"potions_floor_spawned":[1,8,10,14,22,29,31],"killed_by":"Automaton","ascension_level":0}