{"gold_per_floor":[118,131,15,32,32,32,32,44,118,129,141,316,316,334,334,430,430,443,459,49,67,67,67,79,79,106,122,155,168,182,198,198,198],"floor_reached":33,"playtime":1196,"items_purged":["Doubt"],"score":245,"play_id":"72575a73-3155-4e83-b79a-3b463454da29","local_time":"20180728205202","is_ascension_mode":false,"campfire_choices":[{"data":"Streamline","floor":7,"key":"SMITH"},{"data":"Static Discharge","floor":13,"key":"SMITH"},{"floor":15,"key":"REST"},{"floor":23,"key":"REST"},{"floor":25,"key":"REST"},{"floor":32,"key":"REST"}],"neow_cost":"NONE","seed_source_timestamp":30384359326894,"circlet_count":0,"master_deck":["Strike_B","Strike_B","Strike_B","Strike_B","Defend_B","Defend_B","Defend_B","Defend_B","Zap+1","Dualcast","Sweeping Beam","Cold Snap","Streamline+1","Cold Snap","Static Discharge+1","Hologram","Ball Lightning","Coolheaded","Turbo","Thunder Strike","Conserve Battery","Leap","Leap+1","Static Discharge","Conserve Battery+1","Rebound","Sunder","Aggregate+1","Buffer","Leap+1","Streamline"],"relics":["Cracked Core","Bottled Lightning","Nuclear Battery","Toxic Egg 2","Ancient Tea Set","Red Mask"],"potions_floor_usage":[14,16,28,30,33,33,33],"damage_taken":[{"damage":1,"enemies":"Cultist","floor":1,"turns":3},{"damage":2,"enemies":"2 Louse","floor":2,"turns":2},{"damage":0,"enemies":"Small Slimes","floor":4,"turns":3},{"damage":10,"enemies":"Blue Slaver","floor":8,"turns":3},{"damage":1,"enemies":"2 Fungi Beasts","floor":10,"turns":3},{"damage":8,"enemies":"Red Slaver","floor":11,"turns":2},{"damage":11,"enemies":"Exordium Thugs","floor":14,"turns":3},{"damage":30,"enemies":"The Guardian","floor":16,"turns":10},{"damage":2,"enemies":"3 Byrds","floor":18,"turns":3},{"damage":17,"enemies":"Shell Parasite","floor":19,"turns":2},{"damage":18,"enemies":"3 Cultists","floor":21,"turns":4},{"damage":5,"enemies":"Snake Plant","floor":24,"turns":4},{"damage":8,"enemies":"Cultist and Chosen","floor":27,"turns":6},{"damage":5,"floor":28,"turns":3},{"damage":0,"enemies":"Snecko","floor":29,"turns":5},{"damage":21,"enemies":"Centurion and Healer","floor":30,"turns":8},{"damage":5,"enemies":"Chosen and Byrds","floor":31,"turns":4},{"damage":61,"enemies":"Automaton","floor":33,"turns":8}],"seed_played":"2745355727058796192","potions_obtained":[{"floor":1,"key":"Poison Potion"},{"floor":8,"key":"Dexterity Potion"},{"floor":14,"key":"Explosive Potion"},{"floor":21,"key":"SpeedPotion"},{"floor":24,"key":"FocusPotion"},{"floor":30,"key":"EssenceOfSteel"},{"floor":31,"key":"EssenceOfSteel"}],"is_trial":false,"path_per_floor":["M","M","$","M","?","$","R","M","T","M","M","?","R","M","R","B",null,"M","M","$","M","?","R","M","R","T","M","?","M","M","M","R"],"character_chosen":"DEFECT","items_purchased":["Streamline","Stack","Cold Snap","Toxic Egg 2","Leap+1","Static Discharge"],"campfire_rested":4,"item_purchase_floors":[3,3,3,20,20,20],"current_hp_per_floor":[74,72,72,72,75,75,75,65,65,64,56,56,56,45,67,37,75,73,56,56,38,38,60,55,75,75,67,62,62,41,36,58,0],"gold":198,"neow_bonus":"UPGRADE_CARD","is_prod":false,"is_daily":false,"chose_seed":false,"campfire_upgraded":2,"win_rate":0,"timestamp":1532803922,"path_taken":["M","M","$","M","?","$","R","M","T","M","M","?","R","M","R","BOSS","M","M","$","M","?","R","M","R","T","M","?","?","M","M","R","BOSS"],"build_version":"2018-07-26","purchased_purges":1,"victory":false,"max_hp_per_floor":[75,75,75,75,75,75,75,75,75,75,75,75,75,75,75,75,75,75,75,75,75,75,75,75,75,75,75,75,75,75,75,75,75],"card_choices":[{"not_picked":["Self Repair","Lockon"],"picked":"Sweeping Beam","floor":1},{"not_picked":["Gash","Rip and Tear"],"picked":"Cold Snap","floor":2},{"not_picked":["Cold Snap","Barrage"],"picked":"Static Discharge","floor":4},{"not_picked":["Capacitor","Reprogram"],"picked":"Hologram","floor":8},{"not_picked":["Rip and Tear","Compile Driver"],"picked":"Ball Lightning","floor":10},{"not_picked":["Stack","Streamline"],"picked":"Coolheaded","floor":11},{"not_picked":["Go for the Eyes","Reboot"],"picked":"Turbo","floor":14},{"not_picked":["Hyperbeam","Multi-Cast"],"picked":"Thunder Strike","floor":16},{"not_picked":["Beam Cell","Scrape+1"],"picked":"Conserve Battery","floor":18},{"not_picked":["Static Discharge","Turbo"],"picked":"Leap","floor":19},{"not_picked":["Barrage","Ball Lightning"],"picked":"Conserve Battery+1","floor":21},{"not_picked":["Sunder","Darkness+1"],"picked":"Rebound","floor":24},{"not_picked":["Beam Cell","Turbo+1"],"picked":"Sunder","floor":27},{"not_picked":["Recycle+1","Lockon+1"],"picked":"Aggregate+1","floor":28},{"not_picked":["Lockon","Force Field+1"],"picked":"Buffer","floor":29},{"not_picked":["Cold Snap","Turbo+1"],"picked":"Leap+1","floor":30},{"not_picked":["Fusion+1","Cold Snap"],"picked":"Streamline","floor":31}],"player_experience":132091,"relics_obtained":[{"floor":9,"key":"Bottled Lightning"},{"floor":26,"key":"Ancient Tea Set"},{"floor":28,"key":"Red Mask"}],"event_choices":[{"event_name":"Bonfire Elementals","player_choice":"COMMON","floor":5,"damage_taken":0},{"event_name":"Liars Game","player_choice":"agreed","floor":12,"damage_taken":0},{"event_name":"Beggar","player_choice":"Ignored","floor":22,"damage_taken":0},{"event_name":"Masked Bandits","player_choice":"Fought over 122 gold","floor":28,"damage_taken":0}],"is_beta":false,"boss_relics":[{"not_picked":["Orrery","Pandora\u0027s Box"],"picked":"Nuclear Battery"}],"items_purged_floors":[20],"is_endless":false,"potions_floor_spawned":[1,8,14,21,24,30,31],"killed_by":"Automaton","ascension_level":0}