{"gold_per_floor":[369,385,30,46,46,46,76,90,90,90,119,132,142,161,161,258,258,274,274,274,82,95,124,124,124,124,135,135,135,105,139,139,240,240,258,258,258,258,96,130,130,146,146,162,191,201,201,72,72,72],"floor_reached":51,"playtime":3041,"items_purged":["Combust"],"score":1028,"play_id":"ec6f99f5-78a1-4dce-88c4-5090c9134294","local_time":"20180714141521","is_ascension_mode":false,"campfire_choices":[{"data":"Perfected Strike","floor":6.0,"key":"SMITH"},{"data":"Perfected Strike","floor":10.0,"key":"SMITH"},{"data":"Perfected Strike","floor":15.0,"key":"SMITH"},{"data":"Havoc","floor":24.0,"key":"SMITH"},{"floor":29.0,"key":"REST"},{"data":"Perfected Strike","floor":32.0,"key":"SMITH"},{"data":"Seeing Red","floor":41.0,"key":"SMITH"},{"data":"Perfected Strike","floor":47,"key":"SMITH"},{"data":"Perfected Strike","floor":49,"key":"SMITH"}],"neow_cost":"FIFTY_PERCENT_DAMAGE","seed_source_timestamp":68637753543988,"circlet_count":0,"master_deck":["Strike_R","Strike_R","Strike_R","Strike_R","Strike_R","Defend_R+1","Defend_R","Defend_R","Defend_R+1","Bash","Havoc+1","Perfected Strike+1","Dramatic Entrance","Pommel Strike","Perfected Strike+1","Twin Strike","Impervious","Perfected Strike+1","Offering","Thunderclap","Spot Weakness","Flame Barrier+1","Perfected Strike+1","Berserk+1","Shrug It Off+1","Secret Technique","Apotheosis+1","Trip","Seeing Red+1","Purity","Havoc+1","Perfected Strike+1","Double Tap","Perfected Strike+1","Second Wind+1","Pommel Strike+1","Shrug It Off+1","Perfected Strike+1"],"special_seed":0,"relics":["Burning Blood","Ornamental Fan","Strawberry","Bottled Flame","Champion Belt","Runic Pyramid","Nilry\u0027s Codex","ClockworkSouvenir","Mercury Hourglass","Magic Flower","War Paint","Frozen Egg 2","Sozu","Prayer Wheel","Anchor","Meat on the Bone","Unceasing Top"],"potions_floor_usage":[50],"damage_taken":[{"damage":6.0,"enemies":"2 Louse","floor":1.0,"turns":3.0},{"damage":1.0,"enemies":"Jaw Worm","floor":2.0,"turns":5.0},{"damage":1.0,"enemies":"Cultist","floor":4.0,"turns":3.0},{"damage":26.0,"enemies":"Lagavulin","floor":7.0,"turns":6.0},{"damage":8.0,"enemies":"Exordium Thugs","floor":8.0,"turns":5.0},{"damage":7.0,"enemies":"3 Sentries","floor":11.0,"turns":5.0},{"damage":7.0,"enemies":"Blue Slaver","floor":12.0,"turns":2.0},{"damage":0.0,"enemies":"2 Fungi Beasts","floor":13.0,"turns":2.0},{"damage":0.0,"enemies":"Large Slime","floor":14.0,"turns":3.0},{"damage":23.0,"enemies":"Slime Boss","floor":16.0,"turns":6.0},{"damage":10.0,"enemies":"Chosen","floor":18.0,"turns":2.0},{"damage":8.0,"enemies":"Shell Parasite","floor":22.0,"turns":2.0},{"damage":20.0,"enemies":"Slavers","floor":23.0,"turns":4.0},{"damage":0.0,"enemies":"Chosen and Byrds","floor":27.0,"turns":4.0},{"damage":4.0,"enemies":"Gremlin Leader","floor":31.0,"turns":5.0},{"damage":117.0,"enemies":"Automaton","floor":33.0,"turns":9.0},{"damage":7.0,"enemies":"Orb Walker","floor":35.0,"turns":2.0},{"damage":6.0,"floor":36.0,"turns":5.0},{"damage":19.0,"enemies":"2 Orb Walkers","floor":40.0,"turns":4.0},{"damage":0.0,"enemies":"3 Shapes","floor":42.0,"turns":3.0},{"damage":0.0,"enemies":"Flame Bruiser 2 Orb","floor":44.0,"turns":2.0},{"damage":8.0,"enemies":"Giant Head","floor":45.0,"turns":6.0},{"damage":4,"enemies":"Maw","floor":46,"turns":4},{"damage":30,"enemies":"Donu and Deca","floor":50,"turns":6}],"seed_played":"8473070320362777214","potions_obtained":[{"floor":2.0,"key":"FairyPotion"},{"floor":7.0,"key":"FearPotion"},{"floor":8.0,"key":"Ancient Potion"},{"floor":12.0,"key":"SteroidPotion"},{"floor":16.0,"key":"Energy Potion"},{"floor":22.0,"key":"AttackPotion"},{"floor":30.0,"key":"SneckoOil"},{"floor":30.0,"key":"Block Potion"},{"floor":31.0,"key":"Explosive Potion"}],"is_trial":false,"path_per_floor":["M","M","$","M","?","R","E","M","T","R","E","M","M","M","R","B",null,"M","?","?","$","M","E","R","T","T","M","?","R","?","E","R","B",null,"M","?","?","?","$","E","R","M","T","M","E","M","R","$","R","B"],"character_chosen":"IRONCLAD","items_purchased":["Ornamental Fan","Dramatic Entrance","ClockworkSouvenir","Seeing Red","Purity","Perfected Strike"],"campfire_rested":1,"item_purchase_floors":[3,3,21,39,39,48],"current_hp_per_floor":[40,45,45,50,76,76,63,61,61,61,60,59,65,71,71,54,87,83,83,67,67,65,51,51,51,51,60,60,86,86,90,90,24,90,90,90,80,80,80,70,70,79,79,88,90,90,90,90,90,69],"gold":72,"neow_bonus":"TWO_FIFTY_GOLD","is_prod":false,"is_daily":false,"chose_seed":false,"campfire_upgraded":8,"win_rate":0,"timestamp":1531592121,"path_taken":["M","M","$","M","?","R","E","M","T","R","E","M","M","M","R","BOSS","M","?","?","$","M","E","R","?","T","?","?","R","?","E","R","BOSS","M","?","?","?","?","E","R","M","T","M","E","M","R","$","R","BOSS"],"build_version":"2018-07-12","purchased_purges":1,"victory":true,"max_hp_per_floor":[80,80,80,80,80,80,87,87,87,87,87,87,87,87,87,87,87,87,87,87,87,87,87,87,87,87,87,87,87,87,90,90,90,90,90,90,90,90,90,90,90,90,90,90,90,90,90,90,90,90],"card_choices":[{"not_picked":["Clash","Heavy Blade"],"picked":"Havoc","floor":1.0},{"not_picked":["Disarm","Headbutt"],"picked":"Perfected Strike","floor":2.0},{"not_picked":["Offering","Shrug It Off"],"picked":"Pommel Strike","floor":4.0},{"not_picked":["Rage","Havoc","Searing Blow"],"picked":"SKIP","floor":7.0},{"not_picked":["Clothesline","Sword Boomerang"],"picked":"Perfected Strike","floor":8.0},{"not_picked":["Bloodletting","Havoc"],"picked":"Twin Strike","floor":11.0},{"not_picked":["Reckless Charge","Body Slam"],"picked":"Impervious","floor":12.0},{"not_picked":["Body Slam","Dropkick"],"picked":"Perfected Strike","floor":13.0},{"not_picked":["Burning Pact","Clash","Iron Wave"],"picked":"SKIP","floor":14.0},{"not_picked":["Exhume","Fiend Fire"],"picked":"Offering","floor":16.0},{"not_picked":["Flex","Corruption"],"picked":"Combust","floor":18.0},{"not_picked":["Armaments+1","Carnage"],"picked":"Thunderclap","floor":22.0},{"not_picked":["Burning Pact","Flex"],"picked":"Spot Weakness","floor":23.0},{"not_picked":["Whirlwind","Metallicize+1"],"picked":"Flame Barrier+1","floor":27.0},{"not_picked":["Heavy Blade","Burning Pact","Battle Trance"],"picked":"SKIP","floor":31.0},{"not_picked":["Limit Break","Impervious"],"picked":"Berserk+1","floor":33.0},{"not_picked":["Body Slam","Flex+1","Cleave"],"picked":"SKIP","floor":35.0},{"not_picked":["Blood for Blood","Carnage"],"picked":"Shrug It Off+1","floor":36.0},{"not_picked":["Dramatic Entrance","Madness"],"picked":"Secret Technique","floor":37.0},{"not_picked":["Jack Of All Trades","Mind Blast"],"picked":"Apotheosis","floor":37.0},{"not_picked":["Mind Blast","Swift Strike"],"picked":"Trip","floor":37.0},{"not_picked":["Shrug It Off+1","Clothesline"],"picked":"Havoc+1","floor":40.0},{"not_picked":["Warcry+1","Whirlwind"],"picked":"Perfected Strike+1","floor":42.0},{"not_picked":["Heavy Blade","Flex","Sword Boomerang+1"],"picked":"SKIP","floor":42.0},{"not_picked":["Clothesline","Havoc+1"],"picked":"Double Tap","floor":44.0},{"not_picked":["Carnage+1","Heavy Blade+1","Perfected Strike"],"picked":"SKIP","floor":44.0},{"not_picked":["Carnage+1","Heavy Blade+1"],"picked":"Perfected Strike","floor":44.0},{"not_picked":["Combust+1","Headbutt"],"picked":"Second Wind+1","floor":45.0},{"not_picked":["Flame Barrier","Feel No Pain+1"],"picked":"Pommel Strike+1","floor":46},{"not_picked":["Sword Boomerang+1","Inflame+1"],"picked":"Shrug It Off+1","floor":46}],"player_experience":55559,"relics_obtained":[{"floor":7.0,"key":"Strawberry"},{"floor":9.0,"key":"Bottled Flame"},{"floor":11.0,"key":"Champion Belt"},{"floor":20.0,"key":"Nilry\u0027s Codex"},{"floor":23.0,"key":"Mercury Hourglass"},{"floor":25.0,"key":"Magic Flower"},{"floor":26.0,"key":"War Paint"},{"floor":31.0,"key":"Frozen Egg 2"},{"floor":36.0,"key":"Prayer Wheel"},{"floor":40.0,"key":"Anchor"},{"floor":43.0,"key":"Meat on the Bone"},{"floor":45.0,"key":"Unceasing Top"}],"event_choices":[{"event_name":"Big Fish","player_choice":"Banana","floor":5.0,"damage_taken":0.0},{"event_name":"Ghosts","player_choice":"Ignored","floor":19.0,"damage_taken":0.0},{"event_name":"Cursed Tome","player_choice":"Obtained Book","floor":20.0,"damage_taken":0.0},{"event_name":"The Library","player_choice":"Read","floor":28.0,"damage_taken":0.0},{"event_name":"The Woman in Blue","player_choice":"Bought 2 Potions","floor":30.0,"damage_taken":0.0},{"event_name":"MindBloom","player_choice":"Fight","floor":36.0,"damage_taken":0.0},{"event_name":"SensoryStone","player_choice":"Memory 3","floor":37.0,"damage_taken":0.0},{"event_name":"Accursed Blacksmith","player_choice":"Forge","floor":38.0,"damage_taken":0.0}],"boss_relics":[{"not_picked":["Fusion Hammer","Philosopher\u0027s Stone"],"picked":"Runic Pyramid"},{"not_picked":["Lizard Tail","Coffee Dripper"],"picked":"Sozu"}],"items_purged_floors":[48],"is_endless":false,"potions_floor_spawned":[2,7,8,12,16,18,22,31,36,40,45,46],"ascension_level":0}