{"gold_per_floor":[110,188,42,58,69,69,124,149,149,160,178,195,195,219,219,315,315,327,242,3,3,16,16,35,53,79,79,90,18,28,28,28,28],"floor_reached":33,"playtime":1890,"items_purged":["Parasite"],"score":249,"play_id":"1c581374-8c9b-402a-b44e-8da3edb39b5f","local_time":"20180704221235","is_ascension_mode":false,"campfire_choices":[{"data":"Bash","floor":6,"key":"SMITH"},{"floor":13,"key":"REST"},{"data":"Perfected Strike","floor":15,"key":"SMITH"},{"floor":23,"key":"REST"},{"data":"Mind Blast","floor":27,"key":"SMITH"},{"data":"Infernal Blade","floor":32,"key":"SMITH"}],"neow_cost":"CURSE","seed_source_timestamp":43661825555593,"circlet_count":0,"master_deck":["Strike_R","Strike_R","Strike_R","Strike_R","Strike_R","Defend_R","Defend_R","Defend_R","Defend_R","Bash+1","Dropkick","Iron Wave","Body Slam","Thunderclap","Headbutt","Pommel Strike","Perfected Strike+1","Dual Wield","Infernal Blade+1","Second Wind","Immolate","Perfected Strike","Cleave","Armaments","Iron Wave","Mind Blast+1","Clothesline+1","Anger","Pommel Strike+1","Clash+1","Intimidate","Thunderclap","Mind Blast+1"],"relics":["Burning Blood","Magic Flower","Pantograph","Bag of Preparation","Ornamental Fan","Mercury Hourglass","Anchor","Gremlin Horn","Nloth\u0027s Gift","Orichalcum"],"potions_floor_usage":[7,8,16,24,28,33,33],"damage_taken":[{"damage":10,"enemies":"Cultist","floor":1,"turns":4},{"damage":5,"enemies":"2 Louse","floor":4,"turns":3},{"damage":0,"enemies":"Small Slimes","floor":5,"turns":3},{"damage":35,"enemies":"3 Sentries","floor":7,"turns":7},{"damage":22,"enemies":"3 Sentries","floor":8,"turns":5},{"damage":2,"enemies":"Gremlin Gang","floor":10,"turns":3},{"damage":3,"enemies":"2 Fungi Beasts","floor":11,"turns":2},{"damage":7,"enemies":"Blue Slaver","floor":12,"turns":2},{"damage":55,"enemies":"The Guardian","floor":16,"turns":9},{"damage":20,"enemies":"Chosen","floor":18,"turns":5},{"damage":22,"enemies":"Shell Parasite","floor":22,"turns":5},{"damage":3,"enemies":"3 Cultists","floor":24,"turns":3},{"damage":26,"enemies":"Centurion and Healer","floor":25,"turns":6},{"damage":20,"enemies":"Slaver and Parasite","floor":28,"turns":5},{"damage":15,"enemies":"Sentry and Sphere","floor":30,"turns":4},{"damage":78,"enemies":"Collector","floor":33,"turns":5}],"seed_played":"8630999611409430972","potions_obtained":[{"floor":1,"key":"LiquidBronze"},{"floor":7,"key":"PowerPotion"},{"floor":11,"key":"BloodPotion"},{"floor":12,"key":"Block Potion"},{"floor":18,"key":"Strength Potion"},{"floor":22,"key":"GamblersBrew"},{"floor":25,"key":"Poison Potion"},{"floor":30,"key":"Poison Potion"}],"is_trial":false,"path_per_floor":["M","T","$","M","M","R","?","E","T","M","M","M","R","T","R","B",null,"M","?","$","?","M","R","M","M","T","R","M","$","M","?","R"],"character_chosen":"IRONCLAD","items_purchased":["Iron Wave","Body Slam","Cleave","Armaments","Iron Wave","Mind Blast","Intimidate"],"campfire_rested":2,"item_purchase_floors":[3,3,20,20,20,20,29],"current_hp_per_floor":[79,79,77,77,77,77,51,38,38,45,51,53,76,76,76,31,77,66,66,66,66,53,76,77,60,60,60,60,60,54,54,54,0],"gold":28,"neow_bonus":"ONE_RARE_RELIC","is_prod":false,"is_daily":false,"chose_seed":false,"campfire_upgraded":4,"win_rate":0,"timestamp":1530735155,"path_taken":["M","?","$","M","M","R","?","E","T","M","M","M","R","?","R","BOSS","M","?","$","?","M","R","M","?","T","R","M","?","M","?","R","BOSS"],"build_version":"2018-06-28","purchased_purges":1,"victory":false,"max_hp_per_floor":[80,80,77,77,77,77,77,77,77,77,77,77,77,77,77,77,77,77,77,77,77,77,77,77,77,77,77,77,77,77,77,77,77],"card_choices":[{"not_picked":["Perfected Strike","Twin Strike"],"picked":"Dropkick","floor":1},{"not_picked":["Warcry","True Grit"],"picked":"Thunderclap","floor":4},{"not_picked":["Twin Strike","Flex"],"picked":"Headbutt","floor":5},{"not_picked":["Flex","Body Slam"],"picked":"Pommel Strike","floor":7},{"not_picked":["Burning Pact","Corruption"],"picked":"Perfected Strike","floor":8},{"not_picked":["Wild Strike","Hemokinesis"],"picked":"Dual Wield","floor":10},{"not_picked":["Ghostly Armor","Dropkick"],"picked":"Infernal Blade","floor":11},{"not_picked":["Flex","True Grit"],"picked":"Second Wind","floor":12},{"not_picked":["Impervious","Demon Form"],"picked":"Immolate","floor":16},{"not_picked":["Sever Soul","Pommel Strike"],"picked":"Perfected Strike","floor":18},{"not_picked":["Sever Soul","Body Slam"],"picked":"Clothesline+1","floor":22},{"not_picked":["Feel No Pain","Limit Break"],"picked":"Anger","floor":24},{"not_picked":["Seeing Red","Flex"],"picked":"Pommel Strike+1","floor":25},{"not_picked":["Pommel Strike","Cleave"],"picked":"Clash+1","floor":28},{"not_picked":["Body Slam","Twin Strike"],"picked":"Thunderclap","floor":30}],"player_experience":47126,"relics_obtained":[{"floor":2,"key":"Pantograph"},{"floor":7,"key":"Bag of Preparation"},{"floor":8,"key":"Ornamental Fan"},{"floor":9,"key":"Mercury Hourglass"},{"floor":14,"key":"Anchor"},{"floor":26,"key":"Orichalcum"}],"event_choices":[{"event_name":"Dead Adventurer","player_choice":"Searched \u00271\u0027 times","floor":7,"damage_taken":0},{"event_name":"Addict","player_choice":"Obtained Relic","floor":19,"damage_taken":0},{"event_name":"N\u0027loth","player_choice":"Traded a White Beast Statue","floor":21,"damage_taken":0},{"event_name":"Duplicator","player_choice":"One dupe","floor":31,"damage_taken":0}],"boss_relics":[{"not_picked":["Runic Dome","Sozu"],"picked":"White Beast Statue"}],"items_purged_floors":[3],"is_endless":false,"potions_floor_spawned":[1,7,11,12,18,22,25,30],"killed_by":"Collector","ascension_level":0}