{"gold_per_floor":[112,112,132,150,150,183,195,219,231,243,472,484],"floor_reached":12,"playtime":335,"items_purged":[],"score":94,"play_id":"bed5ebed-7271-4afc-a2f5-96f35d881ae6","local_time":"20180730214533","is_ascension_mode":true,"campfire_choices":[{"data":"Cleave","floor":10.0,"key":"SMITH"}],"neow_cost":"NONE","seed_source_timestamp":761879328322730,"circlet_count":0,"master_deck":["Strike_R","Strike_R+1","Strike_R","Strike_R","Defend_R+1","Defend_R","Defend_R","Defend_R","Bash","Cleave+1","Cleave","Inflame","Berserk","Demon Form","Armaments","Doubt"],"special_seed":0,"relics":["Burning Blood","NeowsBlessing","MawBank","Bottled Flame"],"potions_floor_usage":[12,12],"damage_taken":[{"damage":0.0,"enemies":"2 Louse","floor":1.0,"turns":1.0},{"damage":0.0,"enemies":"Jaw Worm","floor":3.0,"turns":1.0},{"damage":0.0,"enemies":"Cultist","floor":4.0,"turns":1.0},{"damage":30.0,"enemies":"3 Sentries","floor":6.0,"turns":5.0},{"damage":15.0,"enemies":"Exordium Wildlife","floor":8.0,"turns":3.0},{"damage":24.0,"enemies":"Gremlin Nob","floor":11.0,"turns":4.0},{"damage":39,"enemies":"Lagavulin","floor":12,"turns":5}],"seed_played":"7121913156319724442","potions_obtained":[{"floor":1.0,"key":"Swift Potion"},{"floor":8.0,"key":"Strength Potion"}],"is_trial":false,"path_per_floor":["M","?","M","M","?","E","?","M","T","R","?"],"character_chosen":"IRONCLAD","items_purchased":[],"campfire_rested":0,"item_purchase_floors":[],"current_hp_per_floor":[80,64,70,76,76,52,44,35,35,35,17,0],"gold":484,"neow_bonus":"THREE_ENEMY_KILL","is_prod":false,"is_daily":false,"chose_seed":false,"campfire_upgraded":1,"win_rate":0,"timestamp":1533001533,"path_taken":["M","?","M","?","?","E","?","?","T","R","?","E"],"build_version":"2018-07-26","purchased_purges":0,"victory":false,"max_hp_per_floor":[80,80,80,80,80,80,80,80,80,80,80,80],"card_choices":[{"not_picked":["Burning Pact","Battle Trance"],"picked":"Cleave","floor":1.0},{"not_picked":["Anger","Wild Strike"],"picked":"Cleave","floor":3.0},{"not_picked":["Disarm","Twin Strike"],"picked":"Inflame","floor":4.0},{"not_picked":["Sword Boomerang","Burning Pact"],"picked":"Demon Form","floor":6.0},{"not_picked":["Headbutt","Wild Strike"],"picked":"Armaments","floor":8.0}],"player_experience":153290,"relics_obtained":[{"floor":6.0,"key":"MawBank"},{"floor":9.0,"key":"Bottled Flame"}],"event_choices":[{"event_name":"Shining Light","player_choice":"Entered Light","floor":2.0,"damage_taken":0.0},{"event_name":"Living Wall","player_choice":"Change","floor":5.0,"damage_taken":0.0},{"event_name":"Wheel of Change","player_choice":"Damage","floor":7.0,"damage_taken":0.0},{"event_name":"Dead Adventurer","player_choice":"Searched \u00273\u0027 times","floor":11.0,"damage_taken":0.0},{"event_name":"Liars Game","player_choice":"agreed","floor":11,"damage_taken":0}],"is_beta":false,"boss_relics":[],"items_purged_floors":[],"is_endless":false,"potions_floor_spawned":[1,8],"killed_by":"Lagavulin","ascension_level":4}