{"gold_per_floor":[163,338,22,37,37,72,95,131,201,226,240,205,248,24,24,148,148,171,96,56,75,95,131,131,166,166,166,204,228,228,253,253,382,382,406,406,425,31,0,44,65,105,105,140,140,205,226,240,240,240],"floor_reached":51,"playtime":5099,"items_purged":["Doubt"],"score":1156,"play_id":"1001881d-10c7-484a-af17-a2c191e0a0da","local_time":"20180917154758","is_ascension_mode":true,"campfire_choices":[{"floor":15.0,"key":"REST"},{"data":"Choke","floor":24.0,"key":"SMITH"},{"data":"Finisher","floor":27,"key":"SMITH"},{"data":"Infinite Blades","floor":30,"key":"SMITH"},{"floor":32,"key":"REST"},{"data":"Calculated Gamble","floor":45,"key":"SMITH"},{"floor":49,"key":"REST"}],"neow_cost":"NONE","seed_source_timestamp":261245334888928,"circlet_count":0,"master_deck":["Defend_G","Defend_G+1","Defend_G","Defend_G","Defend_G","Strike_G+1","Strike_G","Survivor","Neutralize","Deadly Poison","Choke+1","Infinite Blades+1","Finisher+1","Slice+1","Calculated Gamble+1","Accuracy+1","Footwork+1","Malaise","Bullet Time+1","Slice","Well Laid Plans+1","Skewer","Decay","Cloak And Dagger","A Thousand Cuts+1","After Image+1","Footwork+1","A Thousand Cuts+1","Slice+1","Escape Plan","Deflect","Choke+1","Tactician+1","Normality","Leg Sweep+1","Calculated Gamble+1"],"special_seed":0,"relics":["Tiny House","Ninja Scroll","Golden Idol","Dead Branch","Potion Belt","Frozen Egg 2","Blood Vial","Ancient Tea Set","Cursed Key","Whetstone","Snake Skull","Kunai","Bottled Lightning","Astrolabe","Oddly Smooth Stone","Juzu Bracelet","Red Mask","Regal Pillow","Pear","Shuriken","Centennial Puzzle","Du-Vu Doll"],"potions_floor_usage":[28,33,33,46,50,50,50,50,50],"damage_taken":[{"damage":7.0,"enemies":"Jaw Worm","floor":1.0,"turns":4.0},{"damage":0.0,"enemies":"2 Louse","floor":4.0,"turns":2.0},{"damage":30.0,"enemies":"3 Sentries","floor":6.0,"turns":9.0},{"damage":0.0,"enemies":"Cultist","floor":7.0,"turns":1.0},{"damage":20.0,"enemies":"Lagavulin","floor":8.0,"turns":4.0},{"damage":0.0,"enemies":"Exordium Wildlife","floor":10.0,"turns":3.0},{"damage":0.0,"enemies":"Blue Slaver","floor":11.0,"turns":1.0},{"damage":18.0,"enemies":"Gremlin Nob","floor":13.0,"turns":3.0},{"damage":26.0,"enemies":"Slime Boss","floor":16.0,"turns":12.0},{"damage":1.0,"enemies":"Chosen","floor":18.0,"turns":4.0},{"damage":0.0,"enemies":"Spheric Guardian","floor":21.0,"turns":2.0},{"damage":0.0,"enemies":"Snecko","floor":22.0,"turns":3.0},{"damage":21.0,"enemies":"Book of Stabbing","floor":23.0,"turns":6.0},{"damage":0.0,"enemies":"Gremlin Leader","floor":25.0,"turns":2.0},{"damage":0,"enemies":"Book of Stabbing","floor":28,"turns":5},{"damage":0,"enemies":"3 Cultists","floor":29,"turns":2},{"damage":9,"enemies":"Centurion and Healer","floor":31,"turns":5},{"damage":26,"enemies":"Automaton","floor":33,"turns":7},{"damage":23,"enemies":"3 Darklings","floor":35,"turns":4},{"damage":0,"enemies":"Orb Walker","floor":37,"turns":4},{"damage":3,"enemies":"2 Orb Walkers","floor":40,"turns":4},{"damage":0,"enemies":"Transient","floor":41,"turns":5},{"damage":0,"enemies":"Nemesis","floor":42,"turns":8},{"damage":14,"enemies":"2 Orb Walkers","floor":44,"turns":5},{"damage":6,"enemies":"Mysterious Sphere","floor":46,"turns":3},{"damage":13,"enemies":"4 Shapes","floor":47,"turns":8},{"damage":10,"enemies":"Reptomancer","floor":48,"turns":4},{"damage":44,"enemies":"Time Eater","floor":50,"turns":12}],"seed_played":"5366520185173528855","potions_obtained":[{"floor":0.0,"key":"FairyPotion"},{"floor":6.0,"key":"Regen Potion"},{"floor":8.0,"key":"SteroidPotion"},{"floor":11.0,"key":"GamblersBrew"},{"floor":16.0,"key":"Regen Potion"},{"floor":21.0,"key":"Energy Potion"},{"floor":23.0,"key":"Swift Potion"},{"floor":25,"key":"Energy Potion"},{"floor":28,"key":"Energy Potion"},{"floor":33,"key":"Block Potion"},{"floor":35,"key":"SteroidPotion"},{"floor":37,"key":"LiquidBronze"},{"floor":41,"key":"Weak Potion"},{"floor":42,"key":"Explosive Potion"},{"floor":44,"key":"Weak Potion"}],"is_trial":false,"path_per_floor":["M","?","$","M","?","E","M","E","T","M","M","?","E","$","R","B",null,"M","?","?","M","M","E","R","E","T","R","E","M","R","M","R","B",null,"M","?","M","$","?","E","M","E","T","E","R","?","M","M","R","B"],"character_chosen":"THE_SILENT","items_purchased":["Ninja Scroll","Infinite Blades","Ancient Tea Set","Oddly Smooth Stone","Escape Plan","Deflect","Juzu Bracelet"],"campfire_rested":3,"item_purchase_floors":[3,3,14,38,38,38,38],"current_hp_per_floor":[68,68,68,68,68,38,38,30,30,30,30,48,30,30,52,28,63,64,64,64,66,68,58,58,60,60,60,62,64,64,57,75,49,69,48,48,50,50,50,49,51,63,63,51,51,47,36,28,68,26],"gold":240,"neow_bonus":"BOSS_RELIC","is_prod":false,"is_daily":false,"chose_seed":false,"campfire_upgraded":4,"win_rate":0,"timestamp":1537213678,"path_taken":["M","?","$","?","?","E","M","E","T","?","M","?","E","$","R","BOSS","M","?","?","M","M","E","R","E","T","R","E","M","R","M","R","BOSS","M","?","M","$","?","E","M","E","T","E","R","?","M","M","R","BOSS"],"build_version":"2018-09-06","purchased_purges":1,"victory":true,"max_hp_per_floor":[75,75,75,75,75,75,75,75,75,75,75,75,75,75,75,75,75,75,75,75,75,75,75,75,75,75,75,75,75,75,75,75,75,75,75,75,75,75,75,75,75,85,85,85,85,85,85,85,85,85],"card_choices":[{"not_picked":["Deflect","Flying Knee"],"picked":"Deadly Poison","floor":0.0},{"not_picked":["All Out Attack","Blade Dance"],"picked":"Choke","floor":1.0},{"not_picked":["Poisoned Stab","PiercingWail","Dagger Throw"],"picked":"SKIP","floor":4.0},{"not_picked":["Outmaneuver","Deflect"],"picked":"Finisher","floor":6.0},{"not_picked":["Prepared","Flechettes"],"picked":"Slice","floor":7.0},{"not_picked":["Expertise","Outmaneuver"],"picked":"Calculated Gamble","floor":8.0},{"not_picked":["Unload","Terror"],"picked":"Accuracy+1","floor":10.0},{"not_picked":["Deflect","PiercingWail"],"picked":"Footwork+1","floor":11.0},{"not_picked":["Dash","Underhanded Strike"],"picked":"Malaise","floor":13.0},{"not_picked":["Envenom+1","Wraith Form v2+1"],"picked":"Bullet Time","floor":16.0},{"not_picked":["Outmaneuver+1","PiercingWail"],"picked":"Slice","floor":18.0},{"not_picked":["Bane+1","Dash"],"picked":"Leg Sweep+1","floor":21.0},{"not_picked":["Outmaneuver","Dagger Spray"],"picked":"Well Laid Plans+1","floor":22.0},{"not_picked":["Heel Hook","Dagger Throw+1"],"picked":"Skewer","floor":23.0},{"not_picked":["Calculated Gamble","Outmaneuver","Expertise+1"],"picked":"SKIP","floor":25},{"not_picked":["Choke","Night Terror"],"picked":"Cloak And Dagger","floor":28},{"not_picked":["Acrobatics+1","Prepared","Deadly Poison+1"],"picked":"SKIP","floor":29},{"not_picked":["Concentrate","Noxious Fumes+1","Setup"],"picked":"SKIP","floor":31},{"not_picked":["Tools of the Trade+1","Burst"],"picked":"A Thousand Cuts+1","floor":33},{"not_picked":["Underhanded Strike+1","PiercingWail"],"picked":"Slice+1","floor":35},{"not_picked":["Poisoned Stab+1","Dagger Throw+1","Dodge and Roll"],"picked":"SKIP","floor":37},{"not_picked":["Deflect","Poisoned Stab+1"],"picked":"Choke+1","floor":40},{"not_picked":["Dagger Throw+1","Poisoned Stab+1","Flying Knee+1"],"picked":"SKIP","floor":41},{"not_picked":["Sucker Punch+1","Glass Knife"],"picked":"Tactician+1","floor":42},{"not_picked":["Slice","Prepared+1","Poisoned Stab"],"picked":"SKIP","floor":44},{"not_picked":["Masterful Stab","Expertise+1"],"picked":"Leg Sweep+1","floor":46},{"not_picked":["Outmaneuver","Flying Knee"],"picked":"Calculated Gamble+1","floor":47},{"not_picked":["Slice+1","Setup","Acrobatics"],"picked":"SKIP","floor":48}],"player_experience":244846,"relics_obtained":[{"floor":6.0,"key":"Dead Branch"},{"floor":8.0,"key":"Potion Belt"},{"floor":9.0,"key":"Frozen Egg 2"},{"floor":13.0,"key":"Blood Vial"},{"floor":23.0,"key":"Whetstone"},{"floor":25,"key":"Snake Skull"},{"floor":26,"key":"Kunai"},{"floor":28,"key":"Bottled Lightning"},{"floor":40,"key":"Regal Pillow"},{"floor":42,"key":"Pear"},{"floor":43,"key":"Shuriken"},{"floor":44,"key":"Centennial Puzzle"},{"floor":46,"key":"Du-Vu Doll"}],"event_choices":[{"event_name":"Liars Game","player_choice":"agreed","floor":2.0,"damage_taken":0.0},{"event_name":"Golden Idol","player_choice":"Take Wound","floor":5.0,"damage_taken":0.0},{"event_name":"The Cleric","player_choice":"Healed","floor":12.0,"damage_taken":0.0},{"event_name":"Beggar","player_choice":"Gave Gold","floor":19.0,"damage_taken":0.0},{"event_name":"Designer","player_choice":"Upgrade Card","floor":20.0,"damage_taken":0.0},{"event_name":"Falling","player_choice":"Removed Skill","floor":36,"damage_taken":0},{"event_name":"Tomb of Lord Red Mask","player_choice":"Paid","floor":39,"damage_taken":0},{"event_name":"Mysterious Sphere","player_choice":"Fight","floor":46,"damage_taken":0}],"is_beta":false,"boss_relics":[{"not_picked":["Calling Bell","Ectoplasm"],"picked":"Cursed Key"},{"not_picked":["Runic Pyramid","Pandora\u0027s Box"],"picked":"Astrolabe"}],"items_purged_floors":[14],"is_endless":false,"potions_floor_spawned":[6,8,11,16,21,23,25,28,33,35,37,41,42,44],"ascension_level":5}