{"gold_per_floor":[111,122,122,141,141,141,42,55,55,68,25,25,38,56,56,130,130,146,146,17,31,31,31,43,43,93,18,18,18],"floor_reached":29,"playtime":1160,"items_purged":["Decay"],"score":430,"play_id":"6c46e702-852b-483a-9bcb-38e5f6bd52ef","local_time":"20190324070347","is_ascension_mode":true,"campfire_choices":[{"data":"Searing Blow","floor":6.0,"key":"SMITH"},{"data":"Searing Blow+1","floor":12.0,"key":"SMITH"},{"data":"True Grit","floor":15.0,"key":"SMITH"},{"floor":23.0,"key":"REST"},{"floor":28.0,"key":"REST"}],"neow_cost":"NONE","seed_source_timestamp":1170837589592648,"circlet_count":0,"master_deck":["AscendersBane","Strike_R","Strike_R+1","Strike_R","Strike_R","Defend_R","Defend_R","Defend_R","Defend_R+1","Bash","Cleave","Ghostly Armor","Searing Blow+2","Madness","Clothesline","Battle Trance","Inflame+1","True Grit+1","Berserk+1","Seeing Red"],"special_seed":0,"relics":["Black Blood","NeowsBlessing","Frozen Egg 2","Matryoshka","MutagenicStrength","Omamori","Ancient Tea Set"],"potions_floor_usage":[29],"damage_taken":[{"damage":0.0,"enemies":"Jaw Worm","floor":1.0,"turns":1.0},{"damage":0.0,"enemies":"2 Louse","floor":2.0,"turns":1.0},{"damage":0.0,"enemies":"Cultist","floor":4.0,"turns":1.0},{"damage":7.0,"enemies":"Large Slime","floor":8.0,"turns":6.0},{"damage":16.0,"enemies":"Lots of Slimes","floor":10.0,"turns":5.0},{"damage":6.0,"enemies":"Looter","floor":13.0,"turns":3.0},{"damage":19.0,"enemies":"Large Slime","floor":14.0,"turns":6.0},{"damage":19.0,"enemies":"Hexaghost","floor":16.0,"turns":11.0},{"damage":28.0,"enemies":"Spheric Guardian","floor":18.0,"turns":5.0},{"damage":42.0,"enemies":"Shell Parasite","floor":21.0,"turns":9.0},{"damage":27.0,"enemies":"Snake Plant","floor":24.0,"turns":5.0},{"damage":46,"enemies":"Slavers","floor":29,"turns":3}],"seed_played":"-2516732368744363714","potions_obtained":[{"floor":2.0,"key":"PowerPotion"},{"floor":8.0,"key":"SteroidPotion"},{"floor":18.0,"key":"LiquidBronze"}],"is_trial":false,"path_per_floor":["M","M","?","M","?","R","$","M","T","M","$","R","M","M","R","B",null,"M","?","$","M","?","R","M","?","T","$","R","E"],"character_chosen":"IRONCLAD","items_purchased":["Madness","Inflame+1","Seeing Red","Swift Potion"],"campfire_rested":2,"item_purchase_floors":[7,11,20,20],"current_hp_per_floor":[74,75,52,58,58,58,58,57,57,47,47,47,47,34,34,21,62,44,44,44,12,12,34,17,17,17,17,39,0],"gold":18,"neow_bonus":"THREE_ENEMY_KILL","is_prod":false,"is_daily":false,"chose_seed":false,"campfire_upgraded":3,"win_rate":0,"timestamp":1553429027,"path_taken":["M","M","?","M","?","R","$","M","T","?","$","R","M","M","R","BOSS","M","?","$","?","?","R","M","?","T","?","R","E"],"build_version":"2019-01-23","purchased_purges":1,"victory":false,"max_hp_per_floor":[75,75,75,75,75,75,75,75,75,75,75,75,75,75,75,75,75,75,75,75,75,75,75,75,75,75,75,75,75],"card_choices":[{"not_picked":["Iron Wave","Havoc"],"picked":"Cleave","floor":1.0},{"not_picked":["Wild Strike","Feel No Pain"],"picked":"Ghostly Armor","floor":2.0},{"not_picked":["Anger","Armaments"],"picked":"Searing Blow","floor":4.0},{"not_picked":["Limit Break","Rupture"],"picked":"Clothesline","floor":8.0},{"not_picked":["Searing Blow","Anger"],"picked":"Battle Trance","floor":10.0},{"not_picked":["Ghostly Armor","Havoc"],"picked":"True Grit","floor":13.0},{"not_picked":["Wild Strike","Heavy Blade","True Grit"],"picked":"SKIP","floor":14.0},{"not_picked":["Dark Embrace+1","Impervious"],"picked":"Berserk+1","floor":16.0},{"not_picked":["Hemokinesis","Anger","Iron Wave"],"picked":"SKIP","floor":18.0},{"not_picked":["Iron Wave","Flex","Havoc"],"picked":"SKIP","floor":21.0},{"not_picked":["Uppercut","Sword Boomerang","Headbutt"],"picked":"SKIP","floor":24.0}],"player_experience":647850,"relics_obtained":[{"floor":9.0,"key":"Frozen Egg 2"},{"floor":26.0,"key":"Omamori"},{"floor":26.0,"key":"Ancient Tea Set"}],"event_choices":[{"damage_healed":0.0,"max_hp_gain":0.0,"max_hp_loss":0.0,"gold_gain":0.0,"event_name":"Shining Light","player_choice":"Entered Light","floor":3.0,"gold_loss":0.0,"damage_taken":23.0,"cards_upgraded":["Strike_R","Defend_R"]},{"cards_removed":["Strike_R"],"damage_healed":0.0,"max_hp_gain":0.0,"max_hp_loss":0.0,"gold_gain":0.0,"event_name":"Wheel of Change","player_choice":"Card Removal","floor":5.0,"gold_loss":0.0,"damage_taken":0.0},{"damage_healed":0.0,"max_hp_gain":0.0,"max_hp_loss":0.0,"gold_gain":0.0,"event_name":"WeMeetAgain","player_choice":"Gave Potion","floor":19.0,"gold_loss":0.0,"damage_taken":0.0,"relics_obtained":["Matryoshka"]},{"damage_healed":0.0,"max_hp_gain":0.0,"max_hp_loss":0.0,"gold_gain":0.0,"event_name":"Drug Dealer","player_choice":"Inject Mutagens","floor":22.0,"gold_loss":0.0,"damage_taken":0.0,"relics_obtained":["MutagenicStrength"]},{"damage_healed":0.0,"max_hp_gain":0.0,"max_hp_loss":0.0,"gold_gain":0.0,"event_name":"Forgotten Altar","player_choice":"Smashed Altar","floor":25.0,"gold_loss":0.0,"damage_taken":0.0,"cards_obtained":["Decay"]}],"is_beta":false,"boss_relics":[{"not_picked":["Pandora\u0027s Box","Eternal Feather"],"picked":"Black Blood"}],"items_purged_floors":[27],"is_endless":false,"potions_floor_spawned":[2,8,18],"killed_by":"Slavers","ascension_level":20}