{"gold_per_floor":[111,111,74,90,55,55,55,86,86,40,60,60,83,104,104,104],"floor_reached":16,"playtime":531,"items_purged":[],"score":100,"play_id":"c3780213-1f06-4697-9a9b-b3f6a433ec45","local_time":"20181130203107","is_ascension_mode":false,"campfire_choices":[{"floor":6,"key":"RECALL"},{"floor":15,"key":"REST"}],"neow_cost":"NONE","seed_source_timestamp":13236042410274,"circlet_count":0,"master_deck":["Strike_R","Strike_R","Strike_R","Strike_R","Strike_R","Defend_R","Defend_R","Defend_R","Defend_R","Bash","Madness","Body Slam","Carnage","Body Slam","Pommel Strike","Perfected Strike","Dark Embrace","Rampage","Clothesline","Shrug It Off","Perfected Strike","Pummel"],"relics":["Burning Blood","Happy Flower","Golden Idol","Prayer Wheel"],"potions_floor_usage":[8,13,13,14],"damage_taken":[{"damage":14,"enemies":"Small Slimes","floor":1,"turns":4},{"damage":1,"enemies":"Jaw Worm","floor":4,"turns":3},{"damage":32,"enemies":"Gremlin Nob","floor":8,"turns":5},{"damage":0,"enemies":"Cultist","floor":11,"turns":2},{"damage":30,"enemies":"Gremlin Gang","floor":13,"turns":5},{"damage":10,"enemies":"Looter","floor":14,"turns":3},{"damage":80,"enemies":"Slime Boss","floor":16,"turns":12}],"seed_played":"-8900861742314151418","potions_obtained":[{"floor":4,"key":"Energy Potion"},{"floor":8,"key":"Regen Potion"},{"floor":11,"key":"EssenceOfSteel"},{"floor":13,"key":"BloodPotion"}],"is_trial":false,"path_per_floor":["M","?","$","M","?","R","?","E","T","$","M","?","M","M","R","B"],"character_chosen":"IRONCLAD","items_purchased":["Carnage","Perfected Strike"],"campfire_rested":1,"item_purchase_floors":[3,10],"current_hp_per_floor":[72,65,65,70,80,80,80,54,54,54,60,60,48,52,76,0],"gold":104,"neow_bonus":"RANDOM_COLORLESS","is_prod":false,"is_daily":false,"chose_seed":false,"campfire_upgraded":0,"win_rate":0,"timestamp":1543606267,"path_taken":["M","?","$","M","?","R","?","E","T","$","M","?","M","?","R","BOSS"],"build_version":"2018-11-15","purchased_purges":0,"victory":false,"max_hp_per_floor":[80,80,80,80,80,80,80,80,80,80,80,80,80,80,80,80],"card_choices":[{"not_picked":["Power Through","Second Wind"],"picked":"Body Slam","floor":1},{"not_picked":["True Grit","Corruption"],"picked":"Body Slam","floor":4},{"not_picked":["Havoc","Anger"],"picked":"Pommel Strike","floor":8},{"not_picked":["Whirlwind","Pommel Strike"],"picked":"Dark Embrace","floor":11},{"not_picked":["Anger","Sword Boomerang"],"picked":"Rampage","floor":11},{"not_picked":["Feel No Pain","True Grit"],"picked":"Clothesline","floor":13},{"not_picked":["Clash","Headbutt"],"picked":"Shrug It Off","floor":13},{"not_picked":["Warcry","Intimidate"],"picked":"Perfected Strike","floor":14},{"not_picked":["Fire Breathing","Iron Wave"],"picked":"Pummel","floor":14}],"player_experience":305160,"relics_obtained":[{"floor":8,"key":"Prayer Wheel"}],"event_choices":[{"damage_healed":0,"gold_gain":0,"player_choice":"Success","damage_taken":7,"relics_obtained":["Happy Flower"],"max_hp_gain":0,"max_hp_loss":0,"event_name":"Scrap Ooze","floor":2,"gold_loss":0},{"damage_healed":20,"gold_gain":0,"player_choice":"Healed","damage_taken":0,"max_hp_gain":0,"max_hp_loss":0,"event_name":"The Cleric","floor":5,"gold_loss":35},{"damage_healed":0,"gold_gain":0,"player_choice":"Take Wound","damage_taken":0,"relics_obtained":["Golden Idol"],"max_hp_gain":0,"max_hp_loss":0,"event_name":"Golden Idol","floor":7,"gold_loss":0,"cards_obtained":["Injury"]},{"cards_removed":["Injury"],"damage_healed":0,"gold_gain":0,"player_choice":"Removed Curses","damage_taken":0,"max_hp_gain":0,"max_hp_loss":0,"event_name":"Fountain of Cleansing","floor":12,"gold_loss":0}],"is_beta":false,"boss_relics":[],"items_purged_floors":[],"is_endless":false,"potions_floor_spawned":[4,8,11,13],"killed_by":"Slime Boss","ascension_level":0}