{"gold_per_floor":[109,121,121,121,121,154,154,198,225,225,268,39,60,83,83,208,208,223,16,16,29,29,29,54,54],"floor_reached":25,"playtime":971,"items_purged":["Injury"],"score":330,"play_id":"ef25074e-3375-441a-812f-f122ea75cf75","local_time":"20180821220741","is_ascension_mode":true,"campfire_choices":[{"floor":10.0,"key":"REST"},{"floor":15.0,"key":"REST"}],"neow_cost":"NONE","seed_source_timestamp":199770525194505,"circlet_count":0,"master_deck":["Strike_B","Strike_B+1","Strike_B+1","Strike_B","Defend_B","Defend_B+1","Defend_B","Defend_B","Zap+1","Dualcast","BootSequence","White Noise","Capacitor","Auto Shields","Hologram","Darkness","Sunder","Melter","Coolheaded","Rainbow","Blizzard","Redo","Turbo"],"special_seed":0,"relics":["FrozenCore","NeowsBlessing","War Paint","Golden Idol","Dodecahedron","Cables","Dream Catcher","Whetstone","Happy Flower","Vajra","Chemical X","Blood Vial"],"potions_floor_usage":[23],"damage_taken":[{"damage":0.0,"enemies":"Small Slimes","floor":1.0,"turns":1.0},{"damage":0.0,"enemies":"Jaw Worm","floor":2.0,"turns":1.0},{"damage":0.0,"enemies":"Lagavulin","floor":6.0,"turns":1.0},{"damage":27.0,"enemies":"3 Sentries","floor":8.0,"turns":7.0},{"damage":29.0,"enemies":"Gremlin Nob","floor":11.0,"turns":4.0},{"damage":0.0,"enemies":"2 Louse","floor":13.0,"turns":2.0},{"damage":0.0,"enemies":"Large Slime","floor":14.0,"turns":4.0},{"damage":14.0,"enemies":"Hexaghost","floor":16.0,"turns":8.0},{"damage":22.0,"enemies":"3 Byrds","floor":18.0,"turns":6.0},{"damage":7.0,"enemies":"2 Thieves","floor":21.0,"turns":4.0},{"damage":2,"enemies":"Slavers","floor":23,"turns":2},{"damage":25,"enemies":"Centurion and Healer","floor":24,"turns":6},{"damage":18,"enemies":"Book of Stabbing","floor":25,"turns":3}],"seed_played":"-2698869122359227779","potions_obtained":[{"floor":1.0,"key":"SmokeBomb"},{"floor":6.0,"key":"SkillPotion"},{"floor":13.0,"key":"Weak Potion"},{"floor":14.0,"key":"Energy Potion"}],"is_trial":false,"path_per_floor":["M","M","?","?","?","E","?","E","T","R","E","$","M","M","R","B",null,"M","$","?","M","?","E","M"],"character_chosen":"DEFECT","items_purchased":["Vajra","Chemical X"],"campfire_rested":2,"item_purchase_floors":[12,19],"current_hp_per_floor":[75,75,75,75,57,57,57,30,30,52,30,30,30,30,52,38,66,44,44,44,39,39,39,16,0],"gold":54,"neow_bonus":"THREE_ENEMY_KILL","is_prod":false,"is_daily":false,"chose_seed":false,"campfire_upgraded":0,"win_rate":0,"timestamp":1534903661,"path_taken":["M","M","?","?","?","E","?","E","T","R","E","$","?","M","R","BOSS","M","$","?","M","?","E","M","E"],"build_version":"2018-08-16","purchased_purges":1,"victory":false,"max_hp_per_floor":[75,75,75,75,75,75,75,75,75,75,75,75,75,75,75,75,75,75,75,75,75,75,75,75,75],"card_choices":[{"not_picked":["Steam Power","Loop"],"picked":"BootSequence","floor":1.0},{"not_picked":["Reinforced Body","Fusion"],"picked":"White Noise","floor":2.0},{"not_picked":["Aggregate","Coolheaded"],"picked":"Capacitor","floor":6.0},{"not_picked":["Streamline","Rebound"],"picked":"Auto Shields","floor":8.0},{"not_picked":["Conserve Battery","Gash"],"picked":"Hologram","floor":10.0},{"not_picked":["Conserve Battery","Fission"],"picked":"Darkness","floor":11.0},{"not_picked":["Reinforced Body","Aggregate"],"picked":"Sunder","floor":13.0},{"not_picked":["Steam","Ball Lightning"],"picked":"Melter","floor":14.0},{"not_picked":["Compile Driver","Leap"],"picked":"Coolheaded","floor":15.0},{"not_picked":["Creative AI","Hyperbeam"],"picked":"Rainbow","floor":16.0},{"not_picked":["Go for the Eyes","Gash"],"picked":"Blizzard","floor":18.0},{"not_picked":["Glacier","Streamline"],"picked":"Redo","floor":21.0},{"not_picked":["Rebound","Hyperbeam"],"picked":"Turbo","floor":24}],"player_experience":210552,"relics_obtained":[{"floor":6.0,"key":"Cables"},{"floor":8.0,"key":"Dream Catcher"},{"floor":9.0,"key":"Whetstone"},{"floor":11.0,"key":"Happy Flower"}],"event_choices":[{"event_name":"Big Fish","player_choice":"Box","floor":3.0,"damage_taken":0.0},{"event_name":"Golden Idol","player_choice":"Take Wound","floor":4.0,"damage_taken":0.0},{"event_name":"Scrap Ooze","player_choice":"success","floor":5.0,"damage_taken":18.0},{"event_name":"Purifier","player_choice":"One Purge","floor":7.0,"damage_taken":0.0},{"event_name":"The Mausoleum","player_choice":"Yes","floor":20.0,"damage_taken":0.0},{"event_name":"FaceTrader","player_choice":"Leave","floor":22,"damage_taken":0}],"is_beta":false,"boss_relics":[{"not_picked":["Eternal Feather","Black Star"],"picked":"FrozenCore"}],"items_purged_floors":[12],"is_endless":false,"potions_floor_spawned":[1,6,13,14,23],"killed_by":"Book of Stabbing","ascension_level":5}