{"gold_per_floor":[115,115,115,130,130,130,149,149,149,169,169,190,190,208,208,337,337,308,329,348,348],"floor_reached":21,"playtime":885,"items_purged":[],"score":234,"play_id":"1c105858-5b10-48e0-9628-4d88175d576b","local_time":"20180920111334","is_ascension_mode":true,"campfire_choices":[{"floor":6,"key":"REST"},{"floor":11,"key":"REST"},{"floor":13,"key":"REST"},{"data":"Unload","floor":15,"key":"SMITH"}],"neow_cost":"","seed_source_timestamp":156736509736653,"circlet_count":0,"master_deck":["Defend_G","Defend_G","Defend_G","Defend_G","Defend_G","Strike_G","Strike_G","Strike_G","Strike_G","Survivor","Neutralize","Quick Slash","Quick Slash","Sucker Punch","Injury","Backflip","Outmaneuver","Poisoned Stab","Distraction","Backflip","Unload+1","Malaise","Cloak And Dagger","Dagger Spray","Cloak And Dagger","PiercingWail","Unload","Outmaneuver+1"],"relics":["Ring of the Snake","Golden Idol","Prayer Wheel","Runic Dome"],"potions_floor_usage":[20,20],"damage_taken":[{"damage":8,"enemies":"Cultist","floor":1,"turns":6},{"damage":0,"enemies":"2 Louse","floor":4,"turns":2},{"damage":5,"enemies":"Jaw Worm","floor":7,"turns":6},{"damage":32,"enemies":"Lots of Slimes","floor":10,"turns":6},{"damage":9,"enemies":"Blue Slaver","floor":12,"turns":5},{"damage":10,"enemies":"2 Fungi Beasts","floor":14,"turns":3},{"damage":30,"enemies":"Hexaghost","floor":16,"turns":8},{"damage":15,"enemies":"2 Thieves","floor":18,"turns":5},{"damage":18,"enemies":"Chosen","floor":19,"turns":7},{"damage":1,"enemies":"3 Cultists","floor":20,"turns":5},{"damage":27,"enemies":"Sentry and Sphere","floor":21,"turns":3}],"seed_played":"-64978956471052819","potions_obtained":[{"floor":10,"key":"Energy Potion"},{"floor":14,"key":"Fire Potion"}],"is_trial":false,"path_per_floor":["M","$","$","M","?","R","M","?","T","M","R","M","R","M","R","B",null,"M","M","M"],"character_chosen":"THE_SILENT","items_purchased":[],"campfire_rested":3,"item_purchase_floors":[],"current_hp_per_floor":[55,55,55,55,48,69,64,64,64,32,53,44,65,55,55,25,59,44,26,25,0],"gold":348,"neow_bonus":"","is_prod":false,"is_daily":false,"chose_seed":false,"campfire_upgraded":1,"win_rate":0,"timestamp":1537456414,"path_taken":["M","?","$","?","?","R","M","?","T","M","R","M","R","?","R","BOSS","M","M","?","?"],"build_version":"2018-09-06","purchased_purges":0,"victory":false,"max_hp_per_floor":[70,70,70,70,70,70,70,70,70,70,70,70,70,70,70,70,70,70,70,70,70],"card_choices":[{"not_picked":["Prepared","Underhanded Strike"],"picked":"Quick Slash","floor":1},{"not_picked":["All Out Attack","Reflex"],"picked":"Quick Slash","floor":4},{"not_picked":["Deadly Poison","Prepared"],"picked":"Sucker Punch","floor":7},{"not_picked":["Underhanded Strike","Deadly Poison"],"picked":"Backflip","floor":10},{"not_picked":["Well Laid Plans","Riddle With Holes"],"picked":"Outmaneuver","floor":10},{"not_picked":["Finisher","Prepared"],"picked":"Poisoned Stab","floor":12},{"not_picked":["Dodge and Roll","Dagger Spray"],"picked":"Distraction","floor":12},{"not_picked":["PiercingWail","Cloak And Dagger"],"picked":"Backflip","floor":14},{"not_picked":["Bouncing Flask","Catalyst"],"picked":"Unload","floor":14},{"not_picked":["Phantasmal Killer","Venomology"],"picked":"Malaise","floor":16},{"not_picked":["Concentrate","Flechettes"],"picked":"Cloak And Dagger","floor":18},{"not_picked":["Blade Dance","Infinite Blades"],"picked":"Dagger Spray","floor":18},{"not_picked":["Noxious Fumes","Deadly Poison"],"picked":"Cloak And Dagger","floor":19},{"not_picked":["Bane","Backflip"],"picked":"PiercingWail","floor":19},{"not_picked":["Flying Knee+1","Quick Slash"],"picked":"Unload","floor":20},{"not_picked":["Dagger Spray","Slice"],"picked":"Outmaneuver+1","floor":20}],"player_experience":265657,"relics_obtained":[{"floor":9,"key":"Prayer Wheel"}],"event_choices":[{"event_name":"Golden Wing","player_choice":"Card Removal","floor":5,"damage_taken":0},{"event_name":"Golden Idol","player_choice":"Take Wound","floor":8,"damage_taken":0}],"is_beta":false,"boss_relics":[{"not_picked":["Sozu","Empty Cage"],"picked":"Runic Dome"}],"items_purged_floors":[],"is_endless":false,"potions_floor_spawned":[10,14],"killed_by":"Sentry and Sphere","ascension_level":7}