{"gold_per_floor":[99,22,22,22,22,22,22,22,22,22,0,0,0,0,0,0,0,0,0,0,0,0,0,0,0,0,0,0,0,0,0,0,0],"floor_reached":33,"playtime":2181,"items_purged":[],"score":433,"play_id":"f899fca6-52b9-4794-b808-a38e2c111529","local_time":"20180910000155","is_ascension_mode":true,"campfire_choices":[{"floor":15.0,"key":"REST"},{"data":"Dodge and Roll","floor":23.0,"key":"SMITH"},{"floor":25.0,"key":"REST"},{"data":"Predator","floor":29,"key":"SMITH"},{"floor":32,"key":"REST"}],"neow_cost":"NONE","seed_source_timestamp":906294266609072,"circlet_count":0,"master_deck":["Defend_G+1","Defend_G+1","Defend_G+1","Defend_G+1","Defend_G+1","Strike_G+1","Strike_G+1","Strike_G+1","Strike_G+1","Strike_G+1","Survivor","Neutralize","Bouncing Flask","Well Laid Plans","Backstab","Crippling Poison","Bane","Dodge and Roll+1","Footwork","Predator+1","Backstab","Night Terror","Necronomicurse","Footwork+1","Writhe","Adrenaline","PiercingWail+1"],"special_seed":0,"relics":["Ectoplasm","Thread and Needle","Singing Bowl","Peace Pipe","Cursed Key","Necronomicon","Bronze Scales","Bottled Lightning","Smiling Mask","Mummified Hand"],"potions_floor_usage":[33,33],"damage_taken":[{"damage":0.0,"enemies":"2 Louse","floor":1.0,"turns":3.0},{"damage":12.0,"enemies":"Small Slimes","floor":3.0,"turns":3.0},{"damage":7.0,"enemies":"Jaw Worm","floor":4.0,"turns":2.0},{"damage":10.0,"enemies":"Large Slime","floor":5.0,"turns":6.0},{"damage":18.0,"enemies":"Gremlin Nob","floor":6.0,"turns":4.0},{"damage":0.0,"enemies":"Exordium Wildlife","floor":7.0,"turns":2.0},{"damage":0.0,"enemies":"Lots of Slimes","floor":10.0,"turns":4.0},{"damage":0.0,"enemies":"Looter","floor":11.0,"turns":3.0},{"damage":0.0,"enemies":"Blue Slaver","floor":12.0,"turns":2.0},{"damage":0.0,"enemies":"3 Sentries","floor":13.0,"turns":6.0},{"damage":0.0,"enemies":"Large Slime","floor":14.0,"turns":5.0},{"damage":16.0,"enemies":"Hexaghost","floor":16.0,"turns":9.0},{"damage":9.0,"enemies":"3 Byrds","floor":18.0,"turns":4.0},{"damage":0.0,"enemies":"Shell Parasite","floor":20.0,"turns":4.0},{"damage":0.0,"enemies":"Chosen and Byrds","floor":22.0,"turns":7.0},{"damage":11.0,"enemies":"Book of Stabbing","floor":24.0,"turns":7.0},{"damage":24.0,"enemies":"Gremlin Leader","floor":27.0,"turns":8.0},{"damage":0,"enemies":"Snake Plant","floor":28,"turns":5},{"damage":21,"enemies":"Book of Stabbing","floor":31,"turns":5},{"damage":59,"enemies":"Champ","floor":33,"turns":11}],"seed_played":"97370662977427737","potions_obtained":[{"floor":1.0,"key":"Ancient Potion"},{"floor":3.0,"key":"Poison Potion"},{"floor":10.0,"key":"Ancient Potion"},{"floor":11.0,"key":"FearPotion"},{"floor":12.0,"key":"AttackPotion"},{"floor":18.0,"key":"Fire Potion"},{"floor":20.0,"key":"Swift Potion"},{"floor":22.0,"key":"Poison Potion"},{"floor":31,"key":"Explosive Potion"}],"is_trial":false,"path_per_floor":["M","$","M","M","M","E","M","?","T","M","M","M","E","M","R","B",null,"M","?","M","?","M","R","E","R","T","E","M","R","$","E","R"],"character_chosen":"THE_SILENT","items_purchased":["Well Laid Plans"],"campfire_rested":3,"item_purchase_floors":[2],"current_hp_per_floor":[70,70,58,51,41,23,23,23,23,25,25,25,27,29,51,35,66,59,59,61,45,47,47,36,60,60,36,38,38,38,17,42,0],"gold":0,"neow_bonus":"BOSS_RELIC","is_prod":false,"is_daily":false,"chose_seed":false,"campfire_upgraded":2,"win_rate":0,"timestamp":1536552115,"path_taken":["M","$","M","M","M","E","M","?","T","M","M","M","E","M","R","BOSS","M","?","?","?","?","R","E","R","T","E","M","R","$","E","R","BOSS"],"build_version":"2018-09-06","purchased_purges":0,"victory":false,"max_hp_per_floor":[70,70,70,70,70,70,70,70,70,72,72,72,74,76,76,76,76,78,78,80,80,82,82,82,82,82,82,84,84,84,84,84,84],"card_choices":[{"not_picked":["Underhanded Strike","Sucker Punch"],"picked":"Bouncing Flask","floor":1.0},{"not_picked":["Infinite Blades","Slice"],"picked":"Backstab","floor":3.0},{"not_picked":["Deadly Poison","Deflect"],"picked":"Crippling Poison","floor":4.0},{"not_picked":["Caltrops","Underhanded Strike"],"picked":"Bane","floor":5.0},{"not_picked":["Poisoned Stab","Concentrate"],"picked":"Dodge and Roll","floor":6.0},{"not_picked":["Dodge and Roll","Flying Knee"],"picked":"Footwork","floor":7.0},{"not_picked":["Outmaneuver","Heel Hook","Eviscerate"],"picked":"Singing Bowl","floor":10.0},{"not_picked":["Poisoned Stab","Dodge and Roll"],"picked":"Predator","floor":11.0},{"not_picked":["Dagger Throw","Expertise"],"picked":"Backstab","floor":12.0},{"not_picked":["Predator","Footwork","Sucker Punch"],"picked":"Singing Bowl","floor":13.0},{"not_picked":["Prepared","Reflex","Dagger Throw"],"picked":"Singing Bowl","floor":14.0},{"not_picked":["Doppelganger","Glass Knife"],"picked":"Night Terror","floor":16.0},{"not_picked":["Dagger Spray","Finisher","Prepared"],"picked":"Singing Bowl","floor":18.0},{"not_picked":["Outmaneuver+1","Dagger Spray+1","Calculated Gamble+1"],"picked":"Singing Bowl","floor":20.0},{"not_picked":["Reflex","Footwork","Flying Knee"],"picked":"Singing Bowl","floor":22.0},{"not_picked":["PiercingWail","Deadly Poison"],"picked":"Footwork+1","floor":24.0},{"not_picked":["Quick Slash","Cloak And Dagger"],"picked":"Adrenaline","floor":27.0},{"not_picked":["Cloak And Dagger","All Out Attack+1","Well Laid Plans"],"picked":"Singing Bowl","floor":28},{"not_picked":["Underhanded Strike","Outmaneuver+1"],"picked":"PiercingWail+1","floor":31}],"player_experience":233195,"relics_obtained":[{"floor":6.0,"key":"Thread and Needle"},{"floor":9.0,"key":"Singing Bowl"},{"floor":13.0,"key":"Peace Pipe"},{"floor":21.0,"key":"Necronomicon"},{"floor":24.0,"key":"Bronze Scales"},{"floor":26.0,"key":"Bottled Lightning"},{"floor":27.0,"key":"Smiling Mask"},{"floor":31,"key":"Mummified Hand"}],"event_choices":[{"event_name":"Golden Wing","player_choice":"Ignored","floor":8.0,"damage_taken":0.0},{"event_name":"Back to Basics","player_choice":"Simplicity","floor":19.0,"damage_taken":0.0},{"event_name":"Cursed Tome","player_choice":"Obtained Book","floor":21.0,"damage_taken":0.0}],"is_beta":false,"boss_relics":[{"not_picked":["Empty Cage","Velvet Choker"],"picked":"Cursed Key"}],"items_purged_floors":[],"is_endless":false,"potions_floor_spawned":[1,3,10,11,12,18,20,22,31],"killed_by":"Champ","ascension_level":5}