{"gold_per_floor":[110,60,27,39,50,77,77,91,143,143,175,175,250,269,269,373,373,386,386,386,399,399,399,399],"floor_reached":24,"playtime":3427,"items_purged":[],"score":316,"play_id":"8daf30fb-485e-4ad5-b50b-87a30b06cf60","local_time":"20181022191426","is_ascension_mode":true,"campfire_choices":[{"floor":7.0,"key":"REST"},{"floor":10.0,"key":"REST"},{"floor":12.0,"key":"REST"},{"floor":15.0,"key":"REST"},{"floor":23.0,"key":"REST"}],"neow_cost":"NONE","seed_source_timestamp":129783922039233,"circlet_count":0,"master_deck":["Defend_G","Defend_G","Defend_G","Defend_G","Strike_G","Strike_G","Strike_G","Strike_G","Survivor","Neutralize","AscendersBane","Flying Knee","Noxious Fumes","PiercingWail","Outmaneuver","Dagger Throw","Tactician","Noxious Fumes","PiercingWail","Grand Finale","Blade Dance+1","Decay","Backflip","Blur"],"special_seed":0,"relics":["Runic Pyramid","Bottled Flame","Snake Skull","Potion Belt","HoveringKite","CultistMask"],"potions_floor_usage":[],"damage_taken":[{"damage":8.0,"enemies":"2 Louse","floor":1.0,"turns":4.0},{"damage":3.0,"enemies":"Small Slimes","floor":4.0,"turns":4.0},{"damage":0.0,"enemies":"Cultist","floor":5.0,"turns":5.0},{"damage":27.0,"enemies":"Lagavulin","floor":6.0,"turns":9.0},{"damage":16.0,"enemies":"Gremlin Gang","floor":8.0,"turns":5.0},{"damage":22.0,"enemies":"3 Sentries","floor":11.0,"turns":6.0},{"damage":22.0,"enemies":"Large Slime","floor":14.0,"turns":5.0},{"damage":12.0,"enemies":"Slime Boss","floor":16.0,"turns":11.0},{"damage":34.0,"enemies":"Shell Parasite","floor":18.0,"turns":8.0},{"damage":2.0,"enemies":"Chosen","floor":21.0,"turns":5.0},{"damage":57,"enemies":"Gremlin Leader","floor":24,"turns":8}],"seed_played":"5879179912616037513","potions_obtained":[{"floor":5.0,"key":"Strength Potion"},{"floor":11.0,"key":"GhostInAJar"},{"floor":14.0,"key":"PowerPotion"}],"is_trial":false,"path_per_floor":["M","?","$","M","M","E","R","M","T","R","E","R","?","M","R","B",null,"M","?","?","M","?","R"],"character_chosen":"THE_SILENT","items_purchased":["Noxious Fumes"],"campfire_rested":5,"item_purchase_floors":[3],"current_hp_per_floor":[55,55,55,52,52,25,46,30,30,51,29,50,39,17,38,26,59,25,25,25,23,23,44,0],"gold":399,"neow_bonus":"BOSS_RELIC","is_prod":false,"is_daily":false,"chose_seed":false,"campfire_upgraded":0,"win_rate":0,"timestamp":1540250066,"path_taken":["M","?","?","?","M","E","R","M","T","R","E","R","?","M","R","BOSS","M","?","?","M","?","R","E"],"build_version":"2018-10-18","purchased_purges":0,"victory":false,"max_hp_per_floor":[70,70,70,70,70,70,70,70,70,70,70,70,70,70,70,70,70,70,70,70,70,70,70,70],"card_choices":[{"not_picked":["Backflip","Dash"],"picked":"Flying Knee","floor":1.0},{"not_picked":["Sucker Punch","Blade Dance"],"picked":"PiercingWail","floor":4.0},{"not_picked":["Infinite Blades","Flying Knee"],"picked":"Outmaneuver","floor":5.0},{"not_picked":["Night Terror","Flying Knee"],"picked":"Dagger Throw","floor":6.0},{"not_picked":["Dash","Footwork"],"picked":"Tactician","floor":8.0},{"not_picked":["Backflip","Underhanded Strike"],"picked":"Noxious Fumes","floor":11.0},{"not_picked":["Deflect","Blade Dance"],"picked":"PiercingWail","floor":14.0},{"not_picked":["After Image","Adrenaline"],"picked":"Grand Finale","floor":16.0},{"not_picked":["Poisoned Stab","Sucker Punch"],"picked":"Blade Dance+1","floor":18.0},{"not_picked":["Prepared","Sucker Punch"],"picked":"Backflip","floor":21.0}],"player_experience":374005,"relics_obtained":[{"floor":6.0,"key":"Bottled Flame"},{"floor":9.0,"key":"Snake Skull"},{"floor":11.0,"key":"Potion Belt"}],"event_choices":[{"cards_removed":["Strike_G"],"damage_healed":0.0,"max_hp_gain":0.0,"max_hp_loss":0.0,"gold_gain":0.0,"event_name":"The Cleric","player_choice":"Card Removal","floor":2.0,"gold_loss":50.0,"damage_taken":0.0},{"damage_healed":0.0,"max_hp_gain":0.0,"max_hp_loss":0.0,"gold_gain":75.0,"event_name":"World of Goop","player_choice":"Gather Gold","floor":13.0,"gold_loss":0.0,"damage_taken":11.0},{"damage_healed":0.0,"max_hp_gain":0.0,"max_hp_loss":0.0,"gold_gain":0.0,"event_name":"FaceTrader","player_choice":"Trade","floor":19.0,"gold_loss":0.0,"damage_taken":0.0,"relics_obtained":["CultistMask"]},{"damage_healed":0.0,"max_hp_gain":0.0,"max_hp_loss":0.0,"gold_gain":0.0,"event_name":"Forgotten Altar","player_choice":"Smashed Altar","floor":20.0,"gold_loss":0.0,"damage_taken":0.0,"cards_obtained":["Decay"]},{"damage_healed":0.0,"max_hp_gain":0.0,"max_hp_loss":0.0,"gold_gain":0.0,"cards_transformed":["Defend_G"],"event_name":"Transmorgrifier","player_choice":"Transformed","floor":22.0,"gold_loss":0.0,"damage_taken":0.0,"cards_obtained":["Blur"]}],"is_beta":false,"boss_relics":[{"not_picked":["Coffee Dripper","Snecko Eye"],"picked":"HoveringKite"}],"items_purged_floors":[],"is_endless":false,"potions_floor_spawned":[5,11,14],"killed_by":"Gremlin Leader","ascension_level":11}