{"gold_per_floor":[113,132,97,114,114,129,156,175,201,201,229,196,208,49,49,150,150,168,188,188,188,204,204,223,243,243,277,6,26,26,26,26,125,125,139,156,156],"floor_reached":37,"playtime":2720,"items_purged":[],"score":650,"play_id":"47a6dd4c-361a-4563-a71a-eef2040d148c","local_time":"20181022210835","is_ascension_mode":true,"campfire_choices":[{"data":"Rebound","floor":10.0,"key":"SMITH"},{"data":"Hello World","floor":15.0,"key":"SMITH"},{"data":"Fission","floor":23,"key":"SMITH"},{"data":"Doom and Gloom","floor":32,"key":"SMITH"}],"neow_cost":"NONE","seed_source_timestamp":137568725161743,"circlet_count":0,"master_deck":["Strike_B+1","Strike_B+1","Strike_B+1","Strike_B+1","Defend_B+1","Defend_B+1","Defend_B+1","Defend_B+1","Zap","Dualcast","AscendersBane","Gash+1","Cold Snap","Conserve Battery","Leap","FTL","Rebound+1","Biased Cognition","Reinforced Body","Hello World+1","Gash","Hologram","Fission+1","Melter","Skim+1","Hologram+1","Doom and Gloom+1","Loop+1","Glacier","Shame","Juggernaut","Spot Weakness+1","Cloak And Dagger+1","Secret Technique","Heatsinks+1","Spot Weakness","Blade Dance","Double Energy+1"],"special_seed":0,"relics":["Coffee Dripper","Bronze Scales","Whetstone","Orichalcum","Eternal Feather","Centennial Puzzle","Du-Vu Doll","Bag of Marbles","PrismaticShard","DataDisk","Orrery"],"potions_floor_usage":[24,36,36,37],"damage_taken":[{"damage":4.0,"enemies":"Small Slimes","floor":1.0,"turns":3.0},{"damage":4.0,"enemies":"Jaw Worm","floor":2.0,"turns":3.0},{"damage":2.0,"enemies":"2 Louse","floor":4.0,"turns":2.0},{"damage":3.0,"enemies":"Gremlin Gang","floor":6.0,"turns":5.0},{"damage":30.0,"enemies":"3 Sentries","floor":7.0,"turns":11.0},{"damage":0.0,"enemies":"Exordium Thugs","floor":8.0,"turns":5.0},{"damage":19.0,"enemies":"Lagavulin","floor":11.0,"turns":7.0},{"damage":1.0,"enemies":"Looter","floor":13.0,"turns":3.0},{"damage":1.0,"enemies":"Hexaghost","floor":16.0,"turns":8.0},{"damage":2.0,"enemies":"3 Byrds","floor":18.0,"turns":3.0},{"damage":0,"enemies":"Chosen","floor":19,"turns":4},{"damage":6,"enemies":"Snecko","floor":22,"turns":6},{"damage":7,"enemies":"Snake Plant","floor":24,"turns":4},{"damage":12,"enemies":"Centurion and Healer","floor":25,"turns":9},{"damage":10,"enemies":"Gremlin Leader","floor":27,"turns":6},{"damage":6,"enemies":"Cultist and Chosen","floor":29,"turns":7},{"damage":20,"enemies":"Automaton","floor":33,"turns":12},{"damage":45,"enemies":"3 Darklings","floor":35,"turns":5},{"damage":0,"enemies":"3 Shapes","floor":36,"turns":1},{"damage":23,"enemies":"Maw","floor":37,"turns":7}],"seed_played":"2965746946209035933","potions_obtained":[{"floor":1.0,"key":"AttackPotion"},{"floor":4.0,"key":"Energy Potion"},{"floor":13.0,"key":"SteroidPotion"},{"floor":25,"key":"SteroidPotion"},{"floor":36,"key":"Weak Potion"}],"is_trial":false,"path_per_floor":["M","M","?","M","?","M","E","M","T","R","E","?","M","$","R","B",null,"M","M","T","?","M","R","M","M","T","E","$","M","$","?","R","B",null,"M","M"],"character_chosen":"DEFECT","items_purchased":["Hello World","Gash","Hologram","Glacier","PrismaticShard"],"campfire_rested":0,"item_purchase_floors":[14,14,14,28,28],"current_hp_per_floor":[64,60,75,73,73,70,40,40,40,40,21,21,20,20,20,19,61,59,59,59,59,53,68,61,49,49,39,39,33,33,33,51,31,64,19,19,0],"gold":156,"neow_bonus":"BOSS_RELIC","is_prod":false,"is_daily":false,"chose_seed":false,"campfire_upgraded":4,"win_rate":0,"timestamp":1540256915,"path_taken":["M","M","?","M","?","?","E","M","T","R","E","?","?","$","R","BOSS","M","?","?","?","?","R","M","M","T","E","$","M","$","?","R","BOSS","M","M","M"],"build_version":"2018-10-18","purchased_purges":0,"victory":false,"max_hp_per_floor":[75,75,75,75,75,75,75,75,75,75,75,75,75,75,75,75,75,75,75,75,75,75,75,75,75,75,75,75,75,75,75,75,75,75,75,75,75],"card_choices":[{"not_picked":["Darkness","Compile Driver"],"picked":"Gash","floor":1.0},{"not_picked":["Ball Lightning","Defragment"],"picked":"Cold Snap","floor":2.0},{"not_picked":["Undo","Redo"],"picked":"Conserve Battery","floor":4.0},{"not_picked":["Go for the Eyes","Steam"],"picked":"Leap","floor":6.0},{"not_picked":["Streamline","Beam Cell"],"picked":"FTL","floor":7.0},{"not_picked":["Beam Cell","Cold Snap"],"picked":"Rebound","floor":8.0},{"not_picked":["FTL","Blizzard"],"picked":"Biased Cognition","floor":11.0},{"not_picked":["Stack","Fusion"],"picked":"Reinforced Body","floor":13.0},{"not_picked":["Reboot","Core Surge"],"picked":"Fission","floor":16.0},{"not_picked":["Stack+1","Beam Cell"],"picked":"Melter","floor":18.0},{"not_picked":["Chill+1","Beam Cell"],"picked":"Skim+1","floor":19},{"not_picked":["Fusion","Conserve Battery"],"picked":"Hologram+1","floor":22},{"not_picked":["Skim","Turbo","Steam"],"picked":"SKIP","floor":24},{"not_picked":["Steam","Auto Shields"],"picked":"Doom and Gloom","floor":25},{"not_picked":["Barrage","Storm"],"picked":"Loop+1","floor":27},{"not_picked":["Dagger Throw","Compile Driver+1","Metallicize"],"picked":"SKIP","floor":29},{"not_picked":["Berserk","Limit Break"],"picked":"Juggernaut","floor":33},{"not_picked":["Streamline","Storm"],"picked":"Spot Weakness+1","floor":34},{"not_picked":["Dagger Throw","Ghostly Armor"],"picked":"Cloak And Dagger+1","floor":34},{"not_picked":["Barrage","Dodge and Roll"],"picked":"Secret Technique","floor":34},{"not_picked":["Sucker Punch","Panacea"],"picked":"Heatsinks+1","floor":34},{"not_picked":["Beam Cell","Hologram"],"picked":"Spot Weakness","floor":34},{"not_picked":["Hologram+1","Prepared+1"],"picked":"Blade Dance","floor":35},{"not_picked":["Go for the Eyes+1","Rampage"],"picked":"Double Energy+1","floor":36}],"player_experience":377432,"relics_obtained":[{"floor":7.0,"key":"Bronze Scales"},{"floor":9.0,"key":"Whetstone"},{"floor":11.0,"key":"Orichalcum"},{"floor":20,"key":"Centennial Puzzle"},{"floor":26,"key":"Du-Vu Doll"},{"floor":27,"key":"Bag of Marbles"}],"event_choices":[{"damage_healed":18.0,"max_hp_gain":0.0,"max_hp_loss":0.0,"gold_gain":0.0,"event_name":"The Cleric","player_choice":"Healed","floor":3.0,"gold_loss":35.0,"damage_taken":0.0},{"damage_healed":0.0,"max_hp_gain":0.0,"max_hp_loss":0.0,"gold_gain":0.0,"event_name":"Liars Game","player_choice":"Ignored","floor":5.0,"gold_loss":0.0,"damage_taken":0.0},{"damage_healed":0.0,"max_hp_gain":0.0,"max_hp_loss":0.0,"gold_gain":0.0,"event_name":"World of Goop","player_choice":"Left Gold","floor":12.0,"gold_loss":33.0,"damage_taken":0.0},{"damage_healed":0,"gold_gain":0,"player_choice":"Simplicity","damage_taken":0,"max_hp_gain":0,"max_hp_loss":0,"event_name":"Back to Basics","floor":21,"gold_loss":0,"cards_upgraded":["Strike_B","Strike_B","Strike_B","Defend_B","Defend_B","Defend_B","Defend_B"]},{"damage_healed":0,"gold_gain":0,"player_choice":"Stole Relic","damage_taken":0,"relics_obtained":["DataDisk"],"max_hp_gain":0,"max_hp_loss":0,"event_name":"Addict","floor":31,"gold_loss":0,"cards_obtained":["Shame"]}],"is_beta":false,"boss_relics":[{"not_picked":["Inserter","Black Star"],"picked":"Eternal Feather"},{"not_picked":["Pandora\u0027s Box","Astrolabe"],"picked":"Orrery"}],"items_purged_floors":[],"is_endless":false,"potions_floor_spawned":[1,4,13,22,25,29,36],"killed_by":"Maw","ascension_level":11}