{"gold_per_floor":[111,127,143,155,155,155,185,198,198,198],"floor_reached":10,"playtime":312,"items_purged":[],"score":109,"play_id":"d0a1177e-9a32-4ceb-a66e-6c698c234fc6","local_time":"20181027222959","is_ascension_mode":true,"campfire_choices":[{"data":"Combust","floor":6,"key":"SMITH"}],"neow_cost":"TEN_PERCENT_HP_LOSS","seed_source_timestamp":445707178269462,"circlet_count":0,"master_deck":["Strike_R","Strike_R","Strike_R","Strike_R","Strike_R","Defend_R","Defend_R","Defend_R","Defend_R","Bash","AscendersBane","Apotheosis","Apotheosis+1","Pommel Strike","Shrug It Off","Cleave","Combust+1","Flame Barrier","Whirlwind"],"special_seed":0,"relics":["Burning Blood","Pantograph","Letter Opener"],"potions_floor_usage":[2],"damage_taken":[{"damage":6,"enemies":"Cultist","floor":1,"turns":3},{"damage":4,"enemies":"Jaw Worm","floor":2,"turns":3},{"damage":14,"enemies":"Small Slimes","floor":3,"turns":3},{"damage":6,"enemies":"Red Slaver","floor":4,"turns":3},{"damage":30,"enemies":"Gremlin Nob","floor":7,"turns":4},{"damage":14,"enemies":"Large Slime","floor":8,"turns":5},{"damage":36,"enemies":"Lagavulin","floor":10,"turns":4}],"seed_played":"-6095262295018004644","potions_obtained":[{"floor":1,"key":"Poison Potion"},{"floor":7,"key":"LiquidBronze"}],"is_trial":false,"path_per_floor":["M","M","M","M","?","R","E","M","T"],"character_chosen":"IRONCLAD","items_purchased":[],"campfire_rested":0,"item_purchase_floors":[],"current_hp_per_floor":[72,72,64,64,64,64,40,32,32,0],"gold":198,"neow_bonus":"RANDOM_COLORLESS_2","is_prod":false,"is_daily":false,"chose_seed":false,"campfire_upgraded":1,"win_rate":0,"timestamp":1540693799,"path_taken":["M","M","M","M","?","R","E","M","T","E"],"build_version":"2018-10-25v2","purchased_purges":0,"victory":false,"max_hp_per_floor":[72,72,72,72,72,72,72,72,72,72],"card_choices":[{"not_picked":["Warcry","Iron Wave"],"picked":"Pommel Strike","floor":1},{"not_picked":["Rage","Warcry"],"picked":"Shrug It Off","floor":2},{"not_picked":["Wild Strike","Uppercut"],"picked":"Cleave","floor":3},{"not_picked":["Cleave","Anger"],"picked":"Combust","floor":4},{"not_picked":["Bloodletting","Pommel Strike"],"picked":"Flame Barrier","floor":7},{"not_picked":["Battle Trance","Pummel"],"picked":"Whirlwind","floor":8}],"player_experience":387884,"relics_obtained":[{"floor":7,"key":"Pantograph"},{"floor":9,"key":"Letter Opener"}],"event_choices":[{"damage_healed":0,"gold_gain":0,"player_choice":"Upgraded","damage_taken":0,"max_hp_gain":0,"max_hp_loss":0,"event_name":"Upgrade Shrine","floor":5,"gold_loss":0,"cards_upgraded":["Apotheosis"]}],"is_beta":false,"boss_relics":[],"items_purged_floors":[],"is_endless":false,"potions_floor_spawned":[1,7],"killed_by":"Lagavulin","ascension_level":11}