{"gold_per_floor":[113,130,130,130,53,53,53,73,73,73,93,93,120,135,135,230,230],"floor_reached":17,"playtime":494,"items_purged":[],"score":155,"play_id":"2c93119b-fd17-4cfb-838c-d7bec09ec0ac","local_time":"20190213162905","is_ascension_mode":false,"campfire_choices":[{"data":"Hologram","floor":7.0,"key":"SMITH"},{"floor":12.0,"key":"REST"},{"data":"Coolheaded","floor":15,"key":"SMITH"}],"neow_cost":"NONE","seed_source_timestamp":0,"circlet_count":0,"master_deck":["Strike_B+1","Strike_B","Strike_B","Defend_B","Defend_B","Defend_B","Defend_B","Zap","Dualcast+1","Sweeping Beam","Hologram+1","Ball Lightning","Steam","Coolheaded+1","White Noise","Meteor Strike"],"special_seed":0,"relics":["Sozu","Boot","Lizard Tail"],"potions_floor_usage":[],"damage_taken":[{"damage":3.0,"enemies":"2 Louse","floor":1.0,"turns":2.0},{"damage":1.0,"enemies":"Cultist","floor":2.0,"turns":3.0},{"damage":6.0,"enemies":"Jaw Worm","floor":8.0,"turns":3.0},{"damage":2.0,"enemies":"Blue Slaver","floor":11.0,"turns":2.0},{"damage":26.0,"enemies":"Lagavulin","floor":13.0,"turns":6.0},{"damage":0.0,"enemies":"2 Fungi Beasts","floor":14.0,"turns":2.0},{"damage":34,"enemies":"Hexaghost","floor":16,"turns":9}],"seed_played":"4676576711897586807","potions_obtained":[],"is_trial":false,"path_per_floor":["M","M","$","?","$","?","R","M","T","?","M","R","E","M","R","B",null],"character_chosen":"DEFECT","items_purchased":["Ball Lightning","Steam"],"campfire_rested":1,"item_purchase_floors":[5,5],"current_hp_per_floor":[72,71,71,56,56,56,56,50,50,50,48,70,44,44,44,10,75],"gold":230,"neow_bonus":"BOSS_RELIC","is_prod":false,"is_daily":false,"chose_seed":false,"campfire_upgraded":2,"win_rate":0,"timestamp":1550093345,"path_taken":["M","M","$","?","$","?","R","?","T","?","M","R","E","M","R","BOSS"],"build_version":"2019-01-23","purchased_purges":0,"victory":false,"max_hp_per_floor":[75,75,75,75,75,75,75,75,75,75,75,75,75,75,75,75,75],"card_choices":[{"not_picked":["Beam Cell","Barrage"],"picked":"Sweeping Beam","floor":1.0},{"not_picked":["Aggregate","Melter"],"picked":"Hologram","floor":2.0},{"not_picked":["Barrage","Undo","Chaos"],"picked":"SKIP","floor":8.0},{"not_picked":["Sweeping Beam","Electrodynamics","Steam Power"],"picked":"SKIP","floor":11.0},{"not_picked":["Beam Cell","Force Field"],"picked":"Coolheaded","floor":13.0},{"not_picked":["Redo","Capacitor"],"picked":"White Noise","floor":14.0},{"not_picked":["Hyperbeam","Fission"],"picked":"Meteor Strike","floor":16}],"player_experience":657587,"relics_obtained":[{"floor":13.0,"key":"Boot"}],"event_choices":[{"damage_healed":0.0,"max_hp_gain":0.0,"max_hp_loss":0.0,"gold_gain":0.0,"event_name":"Shining Light","player_choice":"Entered Light","floor":4.0,"gold_loss":0.0,"damage_taken":15.0,"cards_upgraded":["Dualcast","Strike_B"]},{"cards_removed":["Strike_B"],"damage_healed":0.0,"max_hp_gain":0.0,"max_hp_loss":0.0,"gold_gain":0.0,"event_name":"Bonfire Elementals","player_choice":"Offered Basic","floor":6.0,"gold_loss":0.0,"damage_taken":0.0},{"damage_healed":0.0,"max_hp_gain":0.0,"max_hp_loss":0.0,"gold_gain":0.0,"event_name":"Scrap Ooze","player_choice":"Fled","floor":10.0,"gold_loss":0.0,"damage_taken":0.0}],"is_beta":false,"boss_relics":[{"not_picked":["Orrery","Runic Pyramid"],"picked":"Lizard Tail"}],"items_purged_floors":[],"is_endless":false,"potions_floor_spawned":[2,8,11,16],"ascension_level":0}