{"gold_per_floor":[113,113,127,1,1,1,35,49,49,76,89,108,108,440,440,512,512,531,531,550,550,565,565,590,606,606,606,226,226,237,268,268,343,343,363,375,375,391,391,391,416,255,255,255,284,304,336,349,349,349,349,349,349,11,43,43],"floor_reached":56,"playtime":9717,"items_purged":["Regret"],"score":2065,"play_id":"d0e8635e-08fd-4fa5-9d59-8a529f9c2347","local_time":"20190403170313","is_ascension_mode":true,"campfire_choices":[{"data":"Bash","floor":6.0,"key":"SMITH"},{"data":"Cleave","floor":13.0,"key":"SMITH"},{"data":"Immolate","floor":15.0,"key":"SMITH"},{"data":"Demon Form","floor":23.0,"key":"SMITH"},{"data":"Disarm","floor":27.0,"key":"SMITH"},{"data":"True Grit","floor":29.0,"key":"SMITH"},{"data":"Shrug It Off","floor":32.0,"key":"SMITH"},{"floor":40.0,"key":"REST"},{"floor":44.0,"key":"RECALL"},{"data":"Ghostly Armor","floor":49.0,"key":"SMITH"},{"floor":53.0,"key":"REST"}],"neow_cost":"NONE","seed_source_timestamp":0,"circlet_count":0,"master_deck":["AscendersBane","Strike_R","Strike_R","Strike_R","Strike_R","Defend_R","Defend_R+1","Defend_R+1","Defend_R","Bash+1","Twin Strike","Inflame+1","Shrug It Off+1","Perfected Strike","Sword Boomerang","Ghostly Armor+1","Cleave+1","Immolate+1","Demon Form+1","Clothesline+1","Disarm+1","Disarm+1","True Grit+1","Feed","Reaper","Sword Boomerang","Secret Technique+1","Master of Strategy+1","Transmutation+1","Shrug It Off+1","Rage+1","Flame Barrier+1","Shrug It Off+1","Pummel+1","Corruption"],"special_seed":0,"relics":["Burning Blood","Bag of Marbles","Dodecahedron","Ornamental Fan","Bottled Tornado","Anchor","Old Coin","Velvet Choker","Mercury Hourglass","Dream Catcher","Vajra","Sling","Toxic Egg 2","Black Star","Blue Candle","War Paint","Lantern","Bronze Scales","Ancient Tea Set","Kunai","Mummified Hand","Shuriken","Gremlin Horn","Bottled Flame"],"potions_floor_usage":[56],"damage_taken":[{"damage":6.0,"enemies":"2 Louse","floor":1.0,"turns":3.0},{"damage":3.0,"enemies":"Cultist","floor":3.0,"turns":2.0},{"damage":47.0,"enemies":"3 Sentries","floor":7.0,"turns":10.0},{"damage":7.0,"enemies":"Jaw Worm","floor":8.0,"turns":2.0},{"damage":3.0,"enemies":"Gremlin Nob","floor":10.0,"turns":3.0},{"damage":0.0,"enemies":"Exordium Wildlife","floor":11.0,"turns":3.0},{"damage":1.0,"enemies":"Looter","floor":12.0,"turns":3.0},{"damage":6.0,"enemies":"3 Sentries","floor":14.0,"turns":4.0},{"damage":32.0,"enemies":"Hexaghost","floor":16.0,"turns":8.0},{"damage":0.0,"enemies":"Spheric Guardian","floor":18.0,"turns":3.0},{"damage":3.0,"enemies":"2 Thieves","floor":20.0,"turns":3.0},{"damage":6.0,"enemies":"Snake Plant","floor":22.0,"turns":2.0},{"damage":5.0,"enemies":"Book of Stabbing","floor":24.0,"turns":4.0},{"damage":0.0,"enemies":"Centurion and Healer","floor":25.0,"turns":5.0},{"damage":13.0,"enemies":"Sentry and Sphere","floor":30.0,"turns":4.0},{"damage":18.0,"enemies":"Slavers","floor":31.0,"turns":4.0},{"damage":16.0,"enemies":"Champ","floor":33.0,"turns":9.0},{"damage":0.0,"enemies":"3 Darklings","floor":35.0,"turns":2.0},{"damage":7.0,"enemies":"3 Shapes","floor":36.0,"turns":3.0},{"damage":72.0,"enemies":"Sphere and 2 Shapes","floor":38.0,"turns":12.0},{"damage":22.0,"enemies":"Reptomancer","floor":41.0,"turns":4.0},{"damage":58.0,"enemies":"Giant Head","floor":45.0,"turns":8.0},{"damage":15.0,"enemies":"3 Darklings","floor":46.0,"turns":5.0},{"damage":0.0,"enemies":"Nemesis","floor":47.0,"turns":7.0},{"damage":0.0,"enemies":"Writhing Mass","floor":48.0,"turns":4.0},{"damage":46.0,"enemies":"Awakened One","floor":50.0,"turns":15.0},{"damage":95.0,"enemies":"Time Eater","floor":51.0,"turns":15.0},{"damage":88.0,"enemies":"Shield and Spear","floor":55.0,"turns":9.0},{"damage":20,"enemies":"The Heart","floor":56,"turns":2}],"seed_played":"-1263382220380963571","potions_obtained":[{"floor":3.0,"key":"FearPotion"},{"floor":8.0,"key":"Fire Potion"},{"floor":14.0,"key":"GamblersBrew"},{"floor":16.0,"key":"Strength Potion"},{"floor":22.0,"key":"Swift Potion"},{"floor":25.0,"key":"SpeedPotion"},{"floor":31.0,"key":"Explosive Potion"},{"floor":35.0,"key":"FearPotion"},{"floor":41.0,"key":"LiquidBronze"},{"floor":55.0,"key":"SkillPotion"}],"is_trial":false,"path_per_floor":["M","?","M","$","?","R","E","M","T","E","M","M","R","E","R","B",null,"M","?","M","?","M","R","E","M","T","R","$","R","M","E","R","B",null,"M","M","?","M","?","R","E","$","T","R","E","M","E","M","R","B","B",null,"R","$","E","B"],"character_chosen":"IRONCLAD","items_purchased":["Shrug It Off","Sling","Feed","Lantern","Shuriken","Weak Potion"],"campfire_rested":2,"item_purchase_floors":[4,28,28,42,54,54],"current_hp_per_floor":[68,68,71,71,71,71,30,29,29,32,38,43,43,43,43,17,61,67,67,70,70,70,70,71,75,75,75,75,75,68,59,59,49,71,80,84,84,62,52,78,71,71,71,71,56,79,93,96,96,96,7,74,96,96,20,0],"gold":43,"neow_bonus":"RANDOM_COMMON_RELIC","is_prod":false,"is_daily":false,"chose_seed":false,"campfire_upgraded":8,"win_rate":0,"timestamp":1554328993,"path_taken":["M","?","M","$","?","R","E","M","T","E","M","M","R","E","R","BOSS","BOSS","M","?","?","?","M","R","E","M","T","R","?","R","M","E","R","BOSS","M","M","?","M","?","R","E","?","T","R","E","M","E","M","R","BOSS","BOSS","R","$","E","BOSS"],"build_version":"2019-01-23","purchased_purges":1,"victory":false,"max_hp_per_floor":[75,75,75,75,75,75,75,75,75,75,75,75,75,75,75,75,75,75,75,75,75,75,75,75,75,75,75,75,75,75,78,78,78,78,81,84,84,87,87,87,87,87,87,87,87,90,93,96,96,96,96,96,96,96,96,96],"card_choices":[{"not_picked":["Pommel Strike","Intimidate"],"picked":"Twin Strike","floor":1.0},{"not_picked":["Body Slam","Twin Strike"],"picked":"Inflame","floor":3.0},{"not_picked":["Combust","Clash"],"picked":"Perfected Strike","floor":7.0},{"not_picked":["Heavy Blade","Fiend Fire"],"picked":"Sword Boomerang","floor":8.0},{"not_picked":["Burning Pact","Second Wind"],"picked":"Ghostly Armor","floor":10.0},{"not_picked":["Evolve","Body Slam","Sever Soul"],"picked":"SKIP","floor":11.0},{"not_picked":["Warcry","Ghostly Armor"],"picked":"Cleave","floor":12.0},{"not_picked":["Headbutt","Shrug It Off"],"picked":"Immolate","floor":14.0},{"not_picked":["Bludgeon","Immolate"],"picked":"Demon Form","floor":16.0},{"not_picked":["Iron Wave","Headbutt"],"picked":"Clothesline+1","floor":18.0},{"not_picked":["Whirlwind","Clothesline+1"],"picked":"Disarm","floor":20.0},{"not_picked":["Thunderclap","Warcry"],"picked":"Disarm+1","floor":22.0},{"not_picked":["Infernal Blade","Blood for Blood","Flex"],"picked":"SKIP","floor":24.0},{"not_picked":["Body Slam+1","Flex+1"],"picked":"True Grit","floor":25.0},{"not_picked":["Pommel Strike","Perfected Strike+1","Armaments"],"picked":"SKIP","floor":30.0},{"not_picked":["Cleave","Pummel","Bloodletting"],"picked":"SKIP","floor":31.0},{"not_picked":["Bludgeon","Demon Form"],"picked":"Reaper","floor":33.0},{"not_picked":["Clothesline","Flex+1"],"picked":"Sword Boomerang","floor":35.0},{"not_picked":["Cleave+1","Body Slam+1","Warcry+1"],"picked":"SKIP","floor":36.0},{"not_picked":["Sword Boomerang","Thunderclap","Headbutt"],"picked":"SKIP","floor":38.0},{"not_picked":["Swift Strike","Madness+1"],"picked":"Secret Technique+1","floor":39.0},{"not_picked":["Bandage Up+1","Good Instincts+1"],"picked":"Master of Strategy+1","floor":39.0},{"not_picked":["Forethought+1","Impatience+1"],"picked":"Transmutation+1","floor":39.0},{"not_picked":["Perfected Strike+1","Whirlwind+1"],"picked":"Shrug It Off+1","floor":40.0},{"not_picked":["Second Wind+1","Bloodletting+1"],"picked":"Rage+1","floor":41.0},{"not_picked":["Anger","Clothesline"],"picked":"Flame Barrier+1","floor":45.0},{"not_picked":["Iron Wave+1","Pommel Strike+1"],"picked":"Shrug It Off+1","floor":46.0},{"not_picked":["Dropkick","Clash"],"picked":"Pummel+1","floor":47.0},{"not_picked":["Clothesline","Combust+1","Pommel Strike"],"picked":"SKIP","floor":48.0},{"not_picked":["Body Slam+1","Headbutt+1"],"picked":"Corruption","floor":53.0},{"not_picked":["Anger","Searing Blow","Brutality"],"picked":"SKIP","floor":55.0}],"player_experience":979021,"relics_obtained":[{"floor":7.0,"key":"Ornamental Fan"},{"floor":9.0,"key":"Bottled Tornado"},{"floor":10.0,"key":"Anchor"},{"floor":14.0,"key":"Old Coin"},{"floor":24.0,"key":"Dream Catcher"},{"floor":26.0,"key":"Vajra"},{"floor":31.0,"key":"Toxic Egg 2"},{"floor":41.0,"key":"Blue Candle"},{"floor":41.0,"key":"War Paint"},{"floor":45.0,"key":"Bronze Scales"},{"floor":45.0,"key":"Ancient Tea Set"},{"floor":47.0,"key":"Kunai"},{"floor":47.0,"key":"Mummified Hand"},{"floor":55.0,"key":"Gremlin Horn"},{"floor":55.0,"key":"Bottled Flame"}],"event_choices":[{"damage_healed":0.0,"max_hp_gain":0.0,"max_hp_loss":0.0,"gold_gain":0.0,"event_name":"Big Fish","player_choice":"Box","floor":2.0,"gold_loss":0.0,"damage_taken":0.0,"relics_obtained":["Dodecahedron"],"cards_obtained":["Regret"]},{"damage_healed":0.0,"max_hp_gain":0.0,"max_hp_loss":0.0,"gold_gain":0.0,"event_name":"Upgrade Shrine","player_choice":"Upgraded","floor":5.0,"gold_loss":0.0,"damage_taken":0.0,"cards_upgraded":["Inflame"]},{"damage_healed":0.0,"max_hp_gain":0.0,"max_hp_loss":0.0,"gold_gain":0.0,"event_name":"WeMeetAgain","player_choice":"Gave Potion","floor":19.0,"gold_loss":0.0,"damage_taken":0.0,"relics_obtained":["Mercury Hourglass"]},{"damage_healed":0.0,"max_hp_gain":0.0,"max_hp_loss":0.0,"gold_gain":0.0,"event_name":"Ghosts","player_choice":"Ignored","floor":21.0,"gold_loss":0.0,"damage_taken":0.0},{"cards_removed":["Strike_R"],"damage_healed":0.0,"max_hp_gain":0.0,"max_hp_loss":0.0,"gold_gain":0.0,"event_name":"Falling","player_choice":"Removed Attack","floor":37.0,"gold_loss":0.0,"damage_taken":0.0},{"damage_healed":0.0,"max_hp_gain":0.0,"max_hp_loss":0.0,"gold_gain":0.0,"event_name":"SensoryStone","player_choice":"Memory 3","floor":39.0,"gold_loss":0.0,"damage_taken":10.0}],"is_beta":false,"boss_relics":[{"not_picked":["Eternal Feather","Black Blood"],"picked":"Velvet Choker"},{"not_picked":["Snecko Eye","Pandora\u0027s Box"],"picked":"Black Star"}],"items_purged_floors":[4],"is_endless":false,"potions_floor_spawned":[3,8,14,16,18,22,25,31,35,38,41,47,48,55],"killed_by":"The Heart","ascension_level":20}