{"gold_per_floor":[119,119,135,150,168,168,193,193,271,281,310,310,337,337,337,437,437,455,34,51,51,62,62,62,62],"floor_reached":25,"playtime":1579,"items_purged":["Strike_B"],"score":343,"play_id":"6b55fd43-f934-4397-94b5-71c0a649f4ec","local_time":"20181110154212","is_ascension_mode":true,"campfire_choices":[{"data":"Leap","floor":6.0,"key":"SMITH"},{"data":"Streamline","floor":8.0,"key":"SMITH"},{"data":"Zap","floor":15.0,"key":"SMITH"},{"floor":24.0,"key":"REST"}],"neow_cost":"NONE","seed_source_timestamp":1163754858766777,"circlet_count":0,"master_deck":["AscendersBane","Strike_B+1","Strike_B+1","Strike_B+1","Defend_B+1","Defend_B+1","Defend_B+1","Zap+1","Dualcast","Conserve Battery","Leap+1","White Noise","Self Repair","Compile Driver","Streamline+1","Coolheaded","Compile Driver","Core Surge","Multi-Cast","Rainbow","Shame"],"special_seed":0,"relics":["Cracked Core","Pear","Art of War","Pantograph","Juzu Bracelet","Gambling Chip","White Beast Statue","Chemical X","Centennial Puzzle"],"potions_floor_usage":[25],"damage_taken":[{"damage":1.0,"enemies":"Cultist","floor":1.0,"turns":3.0},{"damage":3.0,"enemies":"Small Slimes","floor":3.0,"turns":4.0},{"damage":9.0,"enemies":"Jaw Worm","floor":4.0,"turns":4.0},{"damage":2.0,"enemies":"2 Fungi Beasts","floor":5.0,"turns":4.0},{"damage":23.0,"enemies":"Gremlin Nob","floor":7.0,"turns":4.0},{"damage":0.0,"enemies":"Exordium Wildlife","floor":10.0,"turns":3.0},{"damage":23.0,"enemies":"3 Sentries","floor":11.0,"turns":9.0},{"damage":13.0,"enemies":"Lagavulin","floor":13.0,"turns":5.0},{"damage":34.0,"enemies":"Hexaghost","floor":16.0,"turns":9.0},{"damage":17.0,"enemies":"Spheric Guardian","floor":18.0,"turns":4.0},{"damage":40.0,"enemies":"3 Byrds","floor":20.0,"turns":6.0},{"damage":5.0,"enemies":"Cultist and Chosen","floor":22.0,"turns":5.0},{"damage":51,"enemies":"Slavers","floor":25,"turns":3}],"seed_played":"-1988457295060536915","potions_obtained":[{"floor":3.0,"key":"EssenceOfSteel"},{"floor":5.0,"key":"Poison Potion"},{"floor":7.0,"key":"Strength Potion"},{"floor":11.0,"key":"Poison Potion"},{"floor":13.0,"key":"SteroidPotion"},{"floor":18.0,"key":"Poison Potion"},{"floor":20.0,"key":"FearPotion"},{"floor":22.0,"key":"SpeedPotion"}],"is_trial":false,"path_per_floor":["M","T","M","M","M","R","E","R","T","M","M","E","?","E","?","R","B",null,"M","$","M","?","M","?","R","E"],"character_chosen":"DEFECT","items_purchased":["Chemical X","Multi-Cast"],"campfire_rested":1,"item_purchase_floors":[19,19],"current_hp_per_floor":[67,77,74,65,70,70,54,54,54,54,38,38,32,25,25,23,70,60,60,27,27,22,22,47,0],"gold":62,"neow_bonus":"THREE_CARDS","is_prod":false,"is_daily":false,"chose_seed":false,"campfire_upgraded":3,"win_rate":0,"timestamp":1541882532,"path_taken":["M","?","M","M","M","R","E","R","T","M","E","?","E","?","R","BOSS","M","$","M","?","M","?","R","E"],"build_version":"2018-11-08","purchased_purges":1,"victory":false,"max_hp_per_floor":[75,85,85,85,85,85,85,85,85,85,85,85,85,85,85,85,85,85,85,85,85,85,85,85,85],"card_choices":[{"not_picked":["Steam","Turbo"],"picked":"Conserve Battery","floor":0.0},{"not_picked":["Conserve Battery","Gash"],"picked":"Leap","floor":1.0},{"not_picked":["Chaos","Scrape"],"picked":"White Noise","floor":3.0},{"not_picked":["Sweeping Beam","Leap"],"picked":"Self Repair","floor":4.0},{"not_picked":["Auto Shields","Glacier"],"picked":"Compile Driver","floor":5.0},{"not_picked":["Self Repair","Aggregate"],"picked":"Streamline","floor":7.0},{"not_picked":["Capacitor","Gash"],"picked":"Coolheaded","floor":10.0},{"not_picked":["Go for the Eyes","Meteor Strike","Skim"],"picked":"SKIP","floor":11.0},{"not_picked":["Scrape","Turbo"],"picked":"Compile Driver","floor":13.0},{"not_picked":["Meteor Strike","Fission"],"picked":"Core Surge","floor":16.0},{"not_picked":["Redo","BootSequence","Streamline"],"picked":"SKIP","floor":18.0},{"not_picked":["Stack","Fusion","Go for the Eyes"],"picked":"SKIP","floor":20.0},{"not_picked":["Gash","Conserve Battery+1"],"picked":"Rainbow","floor":22.0}],"player_experience":406999,"relics_obtained":[{"floor":2.0,"key":"Pear"},{"floor":7.0,"key":"Art of War"},{"floor":9.0,"key":"Pantograph"},{"floor":11.0,"key":"Juzu Bracelet"},{"floor":13.0,"key":"Gambling Chip"}],"event_choices":[{"damage_healed":0.0,"max_hp_gain":0.0,"max_hp_loss":0.0,"gold_gain":0.0,"event_name":"Liars Game","player_choice":"Ignored","floor":12.0,"gold_loss":0.0,"damage_taken":0.0},{"cards_removed":["Defend_B"],"damage_healed":0.0,"max_hp_gain":0.0,"max_hp_loss":0.0,"gold_gain":0.0,"event_name":"Golden Wing","player_choice":"Card Removal","floor":14.0,"gold_loss":0.0,"damage_taken":7.0},{"damage_healed":0.0,"max_hp_gain":0.0,"max_hp_loss":0.0,"gold_gain":0.0,"event_name":"Back to Basics","player_choice":"Simplicity","floor":21.0,"gold_loss":0.0,"damage_taken":0.0,"cards_upgraded":["Strike_B","Strike_B","Strike_B","Defend_B","Defend_B","Defend_B"]},{"damage_healed":0.0,"max_hp_gain":0.0,"max_hp_loss":0.0,"gold_gain":0.0,"event_name":"Addict","player_choice":"Stole Relic","floor":23.0,"gold_loss":0.0,"damage_taken":0.0,"relics_obtained":["Centennial Puzzle"],"cards_obtained":["Shame"]}],"is_beta":false,"boss_relics":[{"not_picked":["Velvet Choker","Inserter"],"picked":"White Beast Statue"}],"items_purged_floors":[19],"is_endless":false,"potions_floor_spawned":[3,5,7,11,13,18,20,22],"killed_by":"Slavers","ascension_level":11}