{"gold_per_floor":[118,134,145,70,85,110,110,144,224,224,244,273,273,293,293,371,371,384,384,404,73,87,87,112,112,112,140,12,30,30,58,58,132,132,143,93,108,121,135,135,166,166,219,253,57,74,74,87,87,87,87,87,87,23,48,48],"floor_reached":56,"playtime":4558,"items_purged":["Strike_R"],"score":2124,"play_id":"93dcf3f4-2b8d-4889-b7a1-6c6773d73254","local_time":"20190408104843","is_ascension_mode":true,"campfire_choices":[{"data":"Demon Form","floor":7.0,"key":"SMITH"},{"data":"Bash","floor":10.0,"key":"SMITH"},{"data":"Metallicize","floor":15.0,"key":"SMITH"},{"floor":23.0,"key":"REST"},{"floor":25.0,"key":"REST"},{"floor":30.0,"key":"REST"},{"floor":32.0,"key":"REST"},{"floor":40.0,"key":"REST"},{"floor":42.0,"key":"RECALL"},{"floor":47.0,"key":"REST"},{"floor":49.0,"key":"REST"},{"floor":53.0,"key":"REST"}],"neow_cost":"NONE","seed_source_timestamp":172957637995742,"circlet_count":0,"master_deck":["AscendersBane","Defend_R","Defend_R+1","Defend_R","Defend_R+1","Bash+1","Demon Form+1","Twin Strike+1","Iron Wave","Power Through","Anger","Battle Trance","Metallicize+1","Spot Weakness+1","Shrug It Off+1","Double Tap+1","Clothesline","True Grit+1","Evolve","Shrug It Off+1","Heavy Blade+1","Burning Pact+1","Headbutt","Disarm+1","Ghostly Armor+1","Exhume+1","Reckless Charge+1","Whirlwind+1","Feed+1","Sword Boomerang+1","Headbutt","Metallicize+1","Headbutt","Iron Wave+1","Warcry+1","Feel No Pain+1","Impervious+1","Power Through+1","Shrug It Off+1","Shrug It Off+1"],"special_seed":0,"relics":["Burning Blood","Ornamental Fan","Dead Branch","Toxic Egg 2","Dream Catcher","Mark of Pain","Ancient Tea Set","TheAbacus","War Paint","Regal Pillow","Frozen Egg 2","Astrolabe","Happy Flower","Anchor","The Courier","Red Skull","Boot"],"potions_floor_usage":[],"damage_taken":[{"damage":11.0,"enemies":"Small Slimes","floor":1.0,"turns":5.0},{"damage":6.0,"enemies":"Cultist","floor":2.0,"turns":3.0},{"damage":3.0,"enemies":"2 Louse","floor":3.0,"turns":4.0},{"damage":13.0,"enemies":"Red Slaver","floor":5.0,"turns":3.0},{"damage":23.0,"enemies":"Gremlin Nob","floor":6.0,"turns":4.0},{"damage":15.0,"enemies":"3 Sentries","floor":8.0,"turns":5.0},{"damage":1.0,"enemies":"2 Fungi Beasts","floor":11.0,"turns":3.0},{"damage":6.0,"enemies":"Lagavulin","floor":12.0,"turns":7.0},{"damage":6.0,"enemies":"3 Louse","floor":14.0,"turns":4.0},{"damage":34.0,"enemies":"Slime Boss","floor":16.0,"turns":6.0},{"damage":14.0,"enemies":"Spheric Guardian","floor":18.0,"turns":4.0},{"damage":44.0,"enemies":"Chosen","floor":20.0,"turns":5.0},{"damage":28.0,"enemies":"Snake Plant","floor":22.0,"turns":5.0},{"damage":25.0,"enemies":"Gremlin Leader","floor":24.0,"turns":5.0},{"damage":39.0,"enemies":"Book of Stabbing","floor":27.0,"turns":6.0},{"damage":9.0,"enemies":"Centurion and Healer","floor":29.0,"turns":7.0},{"damage":11.0,"enemies":"Slavers","floor":31.0,"turns":4.0},{"damage":88.0,"enemies":"Automaton","floor":33.0,"turns":10.0},{"damage":9.0,"enemies":"3 Darklings","floor":35.0,"turns":4.0},{"damage":8.0,"enemies":"Orb Walker","floor":37.0,"turns":5.0},{"damage":14.0,"enemies":"Maw","floor":38.0,"turns":8.0},{"damage":27.0,"enemies":"3 Darklings","floor":39.0,"turns":4.0},{"damage":36.0,"enemies":"Nemesis","floor":41.0,"turns":7.0},{"damage":64.0,"enemies":"Giant Head","floor":44.0,"turns":10.0},{"damage":0.0,"enemies":"Jaw Worm Horde","floor":46.0,"turns":4.0},{"damage":2.0,"enemies":"Maw","floor":48.0,"turns":8.0},{"damage":53.0,"enemies":"Time Eater","floor":50.0,"turns":9.0},{"damage":47.0,"enemies":"Awakened One","floor":51.0,"turns":18.0},{"damage":67.0,"enemies":"Shield and Spear","floor":55.0,"turns":11.0},{"damage":80,"enemies":"The Heart","floor":56,"turns":3}],"seed_played":"-2832620613764324089","potions_obtained":[{"floor":2.0,"key":"Fire Potion"},{"floor":8.0,"key":"SteroidPotion"},{"floor":11.0,"key":"Regen Potion"},{"floor":16.0,"key":"Energy Potion"},{"floor":24.0,"key":"LiquidBronze"},{"floor":27.0,"key":"Fruit Juice"},{"floor":29.0,"key":"Fire Potion"},{"floor":31.0,"key":"Weak Potion"},{"floor":33.0,"key":"EssenceOfSteel"},{"floor":39.0,"key":"Poison Potion"},{"floor":46.0,"key":"GamblersBrew"},{"floor":55.0,"key":"EssenceOfSteel"}],"is_trial":false,"path_per_floor":["M","M","M","?","M","E","R","E","T","R","M","E","?","M","R","B",null,"M","?","M","$","M","R","E","R","T","E","$","M","R","E","R","B",null,"M","?","M","M","M","R","E","R","T","E","$","M","R","M","R","B","B",null,"R","$","E","B"],"character_chosen":"IRONCLAD","items_purchased":["True Grit+1","Evolve","TheAbacus","Block Potion","Red Skull","Feel No Pain+1","SkillPotion","Shrug It Off+1"],"campfire_rested":8,"item_purchase_floors":[21,21,21,28,45,45,54,54],"current_hp_per_floor":[63,63,66,66,59,42,42,33,33,33,38,53,85,85,85,57,78,70,70,32,32,10,35,16,41,41,8,13,10,52,47,89,7,69,66,66,68,64,47,92,66,66,66,8,8,14,60,68,110,63,26,92,114,114,53,0],"gold":48,"neow_bonus":"ONE_RANDOM_RARE_CARD","is_prod":false,"is_daily":false,"chose_seed":false,"campfire_upgraded":3,"win_rate":0,"timestamp":1554738523,"path_taken":["M","M","M","?","M","E","R","E","T","R","M","E","?","?","R","BOSS","M","?","?","$","M","R","E","R","T","E","?","M","R","E","R","BOSS","M","?","M","M","M","R","E","R","T","E","$","M","R","M","R","BOSS","BOSS","R","$","E","BOSS"],"build_version":"2019-01-23","purchased_purges":1,"victory":false,"max_hp_per_floor":[75,75,75,75,75,75,75,75,75,75,75,75,85,85,85,85,85,85,85,85,85,85,85,85,85,85,85,90,90,90,90,90,90,90,90,90,94,98,102,102,106,106,106,106,106,106,106,110,110,110,114,114,114,114,114,114],"card_choices":[{"not_picked":["Body Slam","Pommel Strike"],"picked":"Twin Strike","floor":1.0},{"not_picked":["Infernal Blade","Clash"],"picked":"Iron Wave","floor":2.0},{"not_picked":["Sever Soul","Clothesline"],"picked":"Power Through","floor":3.0},{"not_picked":["Evolve","Heavy Blade"],"picked":"Anger","floor":5.0},{"not_picked":["Carnage","Headbutt"],"picked":"Battle Trance","floor":6.0},{"not_picked":["Power Through","Sever Soul"],"picked":"Offering","floor":8.0},{"not_picked":["Combust","Wild Strike"],"picked":"Metallicize","floor":11.0},{"not_picked":["Cleave","Headbutt"],"picked":"Spot Weakness+1","floor":12.0},{"not_picked":["Anger","Power Through+1"],"picked":"Shrug It Off+1","floor":14.0},{"not_picked":["Dark Embrace","Bludgeon"],"picked":"Double Tap+1","floor":16.0},{"not_picked":["Clash","Carnage","Wild Strike"],"picked":"SKIP","floor":18.0},{"not_picked":["Sword Boomerang","Pommel Strike"],"picked":"Clothesline","floor":20.0},{"not_picked":["Thunderclap","Flex+1"],"picked":"Shrug It Off+1","floor":22.0},{"not_picked":["Flame Barrier+1","Rupture"],"picked":"Heavy Blade+1","floor":24.0},{"not_picked":["Hemokinesis","Reckless Charge"],"picked":"Burning Pact+1","floor":25.0},{"not_picked":["Barricade","Sword Boomerang"],"picked":"Headbutt","floor":27.0},{"not_picked":["Twin Strike","Clash","Body Slam"],"picked":"SKIP","floor":29.0},{"not_picked":["Twin Strike","Headbutt"],"picked":"Disarm+1","floor":31.0},{"not_picked":["Body Slam","Double Tap+1"],"picked":"Ghostly Armor+1","floor":32.0},{"not_picked":["Juggernaut+1","Barricade+1"],"picked":"Exhume+1","floor":33.0},{"not_picked":["Burning Pact+1","Thunderclap"],"picked":"Sword Boomerang","floor":35.0},{"not_picked":["Cleave","Twin Strike+1"],"picked":"Headbutt","floor":37.0},{"not_picked":["Heavy Blade","Twin Strike+1"],"picked":"Metallicize+1","floor":38.0},{"not_picked":["Inflame+1","Twin Strike"],"picked":"Headbutt","floor":39.0},{"not_picked":["Reckless Charge","Searing Blow+1"],"picked":"Iron Wave+1","floor":40.0},{"not_picked":["Second Wind+1","Heavy Blade"],"picked":"Warcry+1","floor":41.0},{"not_picked":["Clash","Pommel Strike","Flex+1"],"picked":"SKIP","floor":44.0},{"not_picked":["Wild Strike","Body Slam+1","Clash"],"picked":"SKIP","floor":46.0},{"not_picked":["Hemokinesis+1","Cleave+1"],"picked":"Impervious+1","floor":47.0},{"not_picked":["Cleave","Warcry+1","Uppercut"],"picked":"SKIP","floor":48.0},{"not_picked":["Evolve+1","Double Tap+1"],"picked":"Power Through+1","floor":53.0},{"not_picked":["Clothesline","Dual Wield+1"],"picked":"Shrug It Off+1","floor":55.0}],"player_experience":1000483,"relics_obtained":[{"floor":6.0,"key":"Ornamental Fan"},{"floor":8.0,"key":"Dead Branch"},{"floor":9.0,"key":"Toxic Egg 2"},{"floor":12.0,"key":"Dream Catcher"},{"floor":24.0,"key":"War Paint"},{"floor":27.0,"key":"Regal Pillow"},{"floor":31.0,"key":"Frozen Egg 2"},{"floor":41.0,"key":"Happy Flower"},{"floor":43.0,"key":"Anchor"},{"floor":44.0,"key":"The Courier"},{"floor":55.0,"key":"Boot"}],"event_choices":[{"cards_removed":["Strike_R"],"damage_healed":0.0,"max_hp_gain":0.0,"max_hp_loss":0.0,"gold_gain":0.0,"event_name":"The Cleric","player_choice":"Card Removal","floor":4.0,"gold_loss":75.0,"damage_taken":0.0},{"cards_removed":["Offering"],"damage_healed":22.0,"max_hp_gain":10.0,"max_hp_loss":0.0,"gold_gain":0.0,"event_name":"Bonfire Elementals","player_choice":"Offered Rare","floor":13.0,"gold_loss":0.0,"damage_taken":0.0},{"damage_healed":0.0,"max_hp_gain":0.0,"max_hp_loss":0.0,"gold_gain":0.0,"event_name":"WeMeetAgain","player_choice":"Gave Potion","floor":19.0,"gold_loss":0.0,"damage_taken":0.0,"relics_obtained":["Ancient Tea Set"]},{"damage_healed":0.0,"max_hp_gain":0.0,"max_hp_loss":0.0,"gold_gain":0.0,"event_name":"Designer","player_choice":"Upgraded Two","floor":36.0,"gold_loss":50.0,"damage_taken":0.0,"cards_upgraded":["Twin Strike","Sword Boomerang"]}],"is_beta":false,"boss_relics":[{"not_picked":["Black Star","Sozu"],"picked":"Mark of Pain"},{"not_picked":["Coffee Dripper","Runic Dome"],"picked":"Astrolabe"}],"items_purged_floors":[28],"is_endless":false,"potions_floor_spawned":[2,8,11,16,24,27,29,31,33,35,39,41,46,55],"killed_by":"The Heart","ascension_level":20}