{"gold_per_floor":[10,10,85,103,23,23,56,56,56,66,79,109,61,81,81,182,182,154,165,165,177,177,177],"floor_reached":23,"playtime":1699,"items_purged":[],"score":276,"play_id":"432b6ea0-2992-4938-9f3e-3e2db13c6046","local_time":"20190406155334","is_ascension_mode":true,"campfire_choices":[{"data":"Limit Break","floor":6,"key":"SMITH"},{"data":"Inflame","floor":8,"key":"SMITH"},{"floor":15,"key":"REST"}],"neow_cost":"NO_GOLD","seed_source_timestamp":112157244553221,"circlet_count":0,"master_deck":["Defend_R","Defend_R","Defend_R","Defend_R","Bash","Limit Break+1","Flame Barrier","Whirlwind","Inflame+1","True Grit","Warcry","Shrug It Off","Disarm","Fiend Fire","Iron Wave+1","Body Slam+1","Bite","Bite","Bite","Bite","Bite"],"relics":["Burning Blood","Bronze Scales","Mummified Hand","Orichalcum","Black Star"],"potions_floor_usage":[12,14,16,20,23],"damage_taken":[{"damage":1,"enemies":"2 Louse","floor":1,"turns":3},{"damage":7,"enemies":"Jaw Worm","floor":4,"turns":3},{"damage":20,"enemies":"3 Sentries","floor":7,"turns":4},{"damage":1,"enemies":"Cultist","floor":10,"turns":3},{"damage":12,"enemies":"3 Louse","floor":11,"turns":3},{"damage":19,"enemies":"Lagavulin","floor":12,"turns":7},{"damage":8,"enemies":"Exordium Wildlife","floor":14,"turns":4},{"damage":40,"enemies":"Slime Boss","floor":16,"turns":13},{"damage":32,"enemies":"2 Thieves","floor":18,"turns":5},{"damage":0,"enemies":"3 Byrds","floor":19,"turns":4},{"damage":13,"enemies":"Colosseum Slavers","floor":20,"turns":6},{"damage":29,"enemies":"Centurion and Healer","floor":21,"turns":11},{"damage":22,"enemies":"Book of Stabbing","floor":23,"turns":3}],"seed_played":"-908914663989395113","potions_obtained":[{"floor":1,"key":"Explosive Potion"},{"floor":4,"key":"GamblersBrew"},{"floor":11,"key":"EssenceOfSteel"},{"floor":16,"key":"Strength Potion"},{"floor":19,"key":"SkillPotion"}],"is_trial":false,"path_per_floor":["M","$","?","M","$","R","E","R","T","M","M","E","$","M","R","B",null,"M","M","?","M","?","E"],"character_chosen":"IRONCLAD","items_purchased":["Inflame","Shrug It Off"],"campfire_rested":1,"item_purchase_floors":[5,13],"current_hp_per_floor":[80,80,69,68,68,68,54,54,54,59,53,40,40,38,62,28,67,41,47,40,17,17,0],"gold":177,"neow_bonus":"THREE_RARE_CARDS","is_prod":false,"is_daily":false,"chose_seed":false,"campfire_upgraded":2,"win_rate":0,"timestamp":1554591214,"path_taken":["M","$","?","M","?","R","E","R","T","?","M","E","$","M","R","BOSS","M","M","?","M","?","E"],"build_version":"2019-01-23","purchased_purges":0,"victory":false,"max_hp_per_floor":[80,80,80,80,80,80,80,80,80,80,80,80,80,80,80,80,80,80,80,80,80,56,56],"card_choices":[{"not_picked":["Berserk","Double Tap"],"picked":"Limit Break","floor":0},{"not_picked":["Rampage","Anger"],"picked":"Flame Barrier","floor":1},{"not_picked":["Clash","Burning Pact"],"picked":"Whirlwind","floor":4},{"not_picked":["Twin Strike","Power Through","Body Slam"],"picked":"SKIP","floor":7},{"not_picked":["Dual Wield","Carnage"],"picked":"True Grit","floor":10},{"not_picked":["Shockwave","Sever Soul"],"picked":"Warcry","floor":11},{"not_picked":["Entrench","Heavy Blade","Bludgeon"],"picked":"SKIP","floor":12},{"not_picked":["Warcry","True Grit"],"picked":"Disarm","floor":14},{"not_picked":["Bludgeon","Feed"],"picked":"Fiend Fire","floor":16},{"not_picked":["Second Wind+1","Heavy Blade+1"],"picked":"Iron Wave+1","floor":18},{"not_picked":["Armaments","Wild Strike","Pommel Strike"],"picked":"SKIP","floor":19},{"not_picked":["Perfected Strike","Clothesline"],"picked":"Body Slam+1","floor":21}],"player_experience":265604,"relics_obtained":[{"floor":7,"key":"Bronze Scales"},{"floor":9,"key":"Mummified Hand"},{"floor":12,"key":"Orichalcum"}],"event_choices":[{"damage_healed":0,"gold_gain":75,"player_choice":"Gather Gold","damage_taken":11,"max_hp_gain":0,"max_hp_loss":0,"event_name":"World of Goop","floor":3,"gold_loss":0},{"damage_healed":0,"gold_gain":0,"player_choice":"Fight","damage_taken":0,"max_hp_gain":0,"max_hp_loss":0,"event_name":"Colosseum","floor":20,"gold_loss":0},{"damage_healed":0,"gold_gain":0,"player_choice":"Fled From Nobs","damage_taken":0,"max_hp_gain":0,"max_hp_loss":0,"event_name":"Colosseum","floor":20,"gold_loss":0},{"damage_healed":0,"gold_gain":0,"player_choice":"Became a vampire","damage_taken":0,"max_hp_gain":0,"max_hp_loss":24,"event_name":"Vampires","floor":22,"gold_loss":0,"cards_obtained":["Bite","Bite","Bite","Bite","Bite"]}],"is_beta":false,"boss_relics":[{"not_picked":["Mark of Pain","Runic Pyramid"],"picked":"Black Star"}],"items_purged_floors":[],"is_endless":false,"potions_floor_spawned":[1,4,11,16,19,20],"killed_by":"Book of Stabbing","ascension_level":5}