{"gold_per_floor":[115,115,132,148,161,190,190,221,248,261,279,279,279,314,314,393,393,412,181,191,29,29,58,75,105,132,165,176,186,186,205,205,277,277,290,290,335,347,79,110,110,139,139,139,56,56,69,103,103,103,103,103,103,18,44,44],"floor_reached":57,"playtime":6119,"items_purged":["Strike_B"],"score":3115,"play_id":"93b40e53-064f-4996-b4ce-a6edc9bfdc8b","local_time":"20190317141525","is_ascension_mode":true,"campfire_choices":[{"floor":7.0,"key":"REST"},{"floor":12.0,"key":"REST"},{"data":"Self Repair","floor":15.0,"key":"SMITH"},{"data":"Defragment","floor":30.0,"key":"SMITH"},{"data":"Biased Cognition","floor":32.0,"key":"SMITH"},{"floor":41.0,"key":"RECALL"},{"floor":44.0,"key":"REST"},{"floor":49.0,"key":"REST"},{"floor":53.0,"key":"REST"}],"neow_cost":"NONE","seed_source_timestamp":0,"circlet_count":0,"master_deck":["AscendersBane","Strike_B+1","Strike_B+1","Defend_B","Defend_B","Defend_B","Defend_B","Zap","Dualcast","Echo Form","Defragment+1","Go for the Eyes","Rainbow","Self Repair+1","Gash","Steam","Redo","Gash","Conserve Battery","Biased Cognition+1","Darkness+1","PanicButton","Conserve Battery","Genetic Algorithm","BootSequence","Conserve Battery+1","Glacier+1","Go for the Eyes","Seek","Coolheaded","Defragment+1","Lockon","Finesse","Darkness+1","Compile Driver","Hologram"],"special_seed":0,"relics":["Cracked Core","Whetstone","DataDisk","Regal Pillow","Cables","Lantern","Runic Pyramid","Happy Flower","Blue Candle","Anchor","Bronze Scales","PreservedInsect","Fusion Hammer","Calipers","Bottled Lightning","Turnip","Pear","Boot"],"potions_floor_usage":[56,56],"damage_taken":[{"damage":0.0,"enemies":"Jaw Worm","floor":1.0,"turns":5.0},{"damage":1.0,"enemies":"Cultist","floor":3.0,"turns":4.0},{"damage":12.0,"enemies":"2 Louse","floor":4.0,"turns":3.0},{"damage":5.0,"enemies":"Red Slaver","floor":5.0,"turns":4.0},{"damage":41.0,"enemies":"3 Sentries","floor":6.0,"turns":9.0},{"damage":32.0,"enemies":"Gremlin Nob","floor":8.0,"turns":4.0},{"damage":7.0,"enemies":"Looter","floor":10.0,"turns":3.0},{"damage":8.0,"enemies":"Large Slime","floor":11.0,"turns":6.0},{"damage":14.0,"enemies":"3 Sentries","floor":14.0,"turns":7.0},{"damage":23.0,"enemies":"Slime Boss","floor":16.0,"turns":5.0},{"damage":0.0,"enemies":"Chosen","floor":18.0,"turns":4.0},{"damage":4.0,"enemies":"Shell Parasite","floor":20.0,"turns":5.0},{"damage":0.0,"enemies":"Gremlin Leader","floor":23.0,"turns":7.0},{"damage":10.0,"enemies":"Snake Plant","floor":24.0,"turns":3.0},{"damage":27.0,"enemies":"Slavers","floor":25.0,"turns":5.0},{"damage":12.0,"enemies":"Book of Stabbing","floor":27.0,"turns":4.0},{"damage":5.0,"enemies":"3 Cultists","floor":28.0,"turns":5.0},{"damage":3.0,"enemies":"Centurion and Healer","floor":29.0,"turns":6.0},{"damage":7.0,"enemies":"Snake Plant","floor":31.0,"turns":5.0},{"damage":0.0,"enemies":"Automaton","floor":33.0,"turns":8.0},{"damage":12.0,"enemies":"3 Shapes","floor":35.0,"turns":5.0},{"damage":31.0,"enemies":"2 Orb Walkers","floor":37.0,"turns":6.0},{"damage":21.0,"enemies":"3 Darklings","floor":38.0,"turns":7.0},{"damage":0.0,"enemies":"Reptomancer","floor":40.0,"turns":6.0},{"damage":0.0,"enemies":"Giant Head","floor":42.0,"turns":7.0},{"damage":0.0,"enemies":"Sphere and 2 Shapes","floor":47.0,"turns":5.0},{"damage":0.0,"enemies":"Nemesis","floor":48.0,"turns":5.0},{"damage":43.0,"enemies":"Awakened One","floor":50.0,"turns":10.0},{"damage":9.0,"enemies":"Donu and Deca","floor":51.0,"turns":8.0},{"damage":25,"enemies":"Shield and Spear","floor":55,"turns":9},{"damage":5,"enemies":"The Heart","floor":56,"turns":9}],"seed_played":"-8941152808628824170","potions_obtained":[{"floor":3.0,"key":"LiquidBronze"},{"floor":6.0,"key":"FocusPotion"},{"floor":8.0,"key":"Ancient Potion"},{"floor":10.0,"key":"FocusPotion"},{"floor":16.0,"key":"Fire Potion"},{"floor":24.0,"key":"AttackPotion"},{"floor":25.0,"key":"Fruit Juice"},{"floor":31.0,"key":"Fire Potion"},{"floor":33.0,"key":"Swift Potion"},{"floor":37.0,"key":"Regen Potion"},{"floor":42.0,"key":"Dexterity Potion"}],"is_trial":false,"path_per_floor":["M","?","M","M","M","E","R","E","T","M","M","R","T","E","R","B",null,"M","$","M","$","?","E","M","E","T","E","M","M","R","M","R","B",null,"M","?","?","M","$","E","R","E","T","R","$","?","M","E","R","B","B",null,"R","$","E","B",null],"character_chosen":"DEFECT","items_purchased":["PanicButton","Conserve Battery","Happy Flower","Bottled Lightning","Lockon","FocusPotion"],"campfire_rested":5,"item_purchase_floors":[19,19,21,39,45,54],"current_hp_per_floor":[64,64,63,51,46,19,40,15,15,15,14,50,50,36,36,23,59,59,59,65,65,65,71,71,54,54,52,67,71,71,71,71,76,76,74,72,61,60,60,72,72,82,82,82,82,72,82,82,82,49,50,74,82,82,77,82],"gold":44,"neow_bonus":"ONE_RANDOM_RARE_CARD","is_prod":false,"is_daily":false,"chose_seed":false,"campfire_upgraded":3,"win_rate":0,"timestamp":1552850125,"path_taken":["M","?","M","M","M","E","R","E","T","M","M","R","?","E","R","BOSS","M","$","M","?","?","E","M","E","T","E","M","M","R","?","R","BOSS","M","?","?","M","$","E","R","E","T","R","?","?","?","E","R","BOSS","BOSS","R","$","E","BOSS"],"build_version":"2019-01-23","purchased_purges":1,"victory":true,"max_hp_per_floor":[71,71,71,71,71,71,71,71,71,71,71,71,71,71,71,71,71,71,71,71,71,71,71,71,71,71,71,71,71,71,71,71,76,76,76,72,72,72,72,72,72,82,82,82,82,82,82,82,82,82,82,82,82,82,82,82],"card_choices":[{"not_picked":["Gash","Streamline"],"picked":"Defragment","floor":1.0},{"not_picked":["Chaos","Auto Shields"],"picked":"Go for the Eyes","floor":3.0},{"not_picked":["Skim","Hello World"],"picked":"Rainbow","floor":4.0},{"not_picked":["Gash","Streamline"],"picked":"Self Repair","floor":5.0},{"not_picked":["Redo","Barrage"],"picked":"Gash","floor":6.0},{"not_picked":["Storm","Melter"],"picked":"Steam","floor":8.0},{"not_picked":["Meteor Strike","Barrage"],"picked":"Redo","floor":10.0},{"not_picked":["Compile Driver","Turbo"],"picked":"Gash","floor":11.0},{"not_picked":["Reprogram","Recycle"],"picked":"Conserve Battery","floor":14.0},{"not_picked":["Amplify","Buffer"],"picked":"Biased Cognition","floor":16.0},{"not_picked":["Redo","Chaos"],"picked":"Darkness+1","floor":18.0},{"not_picked":["Rebound","Hologram","Streamline"],"picked":"SKIP","floor":20.0},{"not_picked":["Streamline","Melter"],"picked":"Genetic Algorithm","floor":23.0},{"not_picked":["Rebound","Buffer"],"picked":"BootSequence","floor":24.0},{"not_picked":["Recycle","Redo","Skim"],"picked":"SKIP","floor":25.0},{"not_picked":["Steam Power","Blizzard","Sweeping Beam"],"picked":"SKIP","floor":27.0},{"not_picked":["Rebound+1","Chaos+1"],"picked":"Conserve Battery+1","floor":28.0},{"not_picked":["Genetic Algorithm","Recycle"],"picked":"Glacier+1","floor":29.0},{"not_picked":["Stack+1","Lockon"],"picked":"Go for the Eyes","floor":31.0},{"not_picked":["Echo Form","Biased Cognition"],"picked":"Seek","floor":33.0},{"not_picked":["Compile Driver","BootSequence+1","Ball Lightning+1"],"picked":"SKIP","floor":35.0},{"not_picked":["Turbo+1","Genetic Algorithm"],"picked":"Coolheaded","floor":37.0},{"not_picked":["Coolheaded","Double Energy"],"picked":"Defragment+1","floor":38.0},{"not_picked":["Tempest+1","Darkness","Barrage"],"picked":"SKIP","floor":40.0},{"not_picked":["Tempest+1","Darkness","Barrage"],"picked":"SKIP","floor":40.0},{"not_picked":["Genetic Algorithm","Storm","Conserve Battery"],"picked":"SKIP","floor":42.0},{"not_picked":["Enlightenment","Dramatic Entrance"],"picked":"Finesse","floor":46.0},{"not_picked":["Conserve Battery","Sweeping Beam"],"picked":"Darkness+1","floor":47.0},{"not_picked":["Compile Driver","Streamline","Gash"],"picked":"SKIP","floor":48.0},{"not_picked":["Streamline","Gash"],"picked":"Compile Driver","floor":48.0},{"not_picked":["Scrape+1","Steam+1"],"picked":"Hologram","floor":55}],"player_experience":801542,"relics_obtained":[{"floor":6.0,"key":"Whetstone"},{"floor":8.0,"key":"DataDisk"},{"floor":9.0,"key":"Regal Pillow"},{"floor":13.0,"key":"Cables"},{"floor":14.0,"key":"Lantern"},{"floor":23.0,"key":"Blue Candle"},{"floor":25.0,"key":"Anchor"},{"floor":26.0,"key":"Bronze Scales"},{"floor":27.0,"key":"PreservedInsect"},{"floor":37.0,"key":"Calipers"},{"floor":40.0,"key":"Turnip"},{"floor":42.0,"key":"Pear"},{"floor":48.0,"key":"Boot"}],"event_choices":[{"damage_healed":0.0,"max_hp_gain":0.0,"max_hp_loss":0.0,"gold_gain":0.0,"event_name":"Liars Game","player_choice":"Ignored","floor":2.0,"gold_loss":0.0,"damage_taken":0.0},{"cards_removed":["Strike_B"],"damage_healed":0.0,"max_hp_gain":0.0,"max_hp_loss":0.0,"gold_gain":0.0,"event_name":"Purifier","player_choice":"Purged","floor":22.0,"gold_loss":0.0,"damage_taken":0.0},{"damage_healed":0.0,"max_hp_gain":0.0,"max_hp_loss":4.0,"gold_gain":0.0,"event_name":"Winding Halls","player_choice":"Max HP","floor":36.0,"gold_loss":0.0,"damage_taken":0.0},{"damage_healed":0.0,"max_hp_gain":0.0,"max_hp_loss":0.0,"gold_gain":0.0,"event_name":"Mysterious Sphere","player_choice":"Fight","floor":37.0,"gold_loss":0.0,"damage_taken":0.0},{"damage_healed":0.0,"max_hp_gain":0.0,"max_hp_loss":0.0,"gold_gain":0.0,"event_name":"SensoryStone","player_choice":"Memory 3","floor":46.0,"gold_loss":0.0,"damage_taken":10.0}],"is_beta":false,"boss_relics":[{"not_picked":["Nuclear Battery","Cursed Key"],"picked":"Runic Pyramid"},{"not_picked":["Lizard Tail","Orrery"],"picked":"Fusion Hammer"}],"items_purged_floors":[19],"is_endless":false,"potions_floor_spawned":[3,6,8,10,16,20,24,25,31,33,37,38,42],"ascension_level":20}