{"gold_per_floor":[16,191,208,15,33,67,94,128,154,180,191,191,191,84,84,186,186,206,225,225,15,32,32,65,80,107,121,121],"floor_reached":28,"playtime":1860,"items_purged":[],"score":284,"play_id":"155bbb3c-dbe4-48e4-a884-9e834f28917c","local_time":"20180726213009","is_ascension_mode":true,"campfire_choices":[{"floor":15.0,"key":"REST"},{"data":"After Image","floor":23,"key":"SMITH"}],"neow_cost":"NO_GOLD","seed_source_timestamp":413829721773167,"circlet_count":0,"master_deck":["Defend_G","Defend_G","Defend_G","Defend_G","Strike_G+1","Strike_G","Survivor","Neutralize","Choke","Endless Agony","Cloak And Dagger","All Out Attack","Flying Knee+1","Well Laid Plans","Malaise","After Image+1","Accuracy","Accuracy","Deadly Poison","A Thousand Cuts","Prepared+1","PiercingWail","Cloak And Dagger","Infinite Blades+1","Infinite Blades"],"special_seed":0,"relics":["Ring of the Snake","TwistedFunnel","Bronze Scales","Blood Vial","Kunai","Whetstone","Bottled Tornado","Empty Cage","Toolbox","Orichalcum","Juzu Bracelet"],"potions_floor_usage":[19,24,27,28],"damage_taken":[{"damage":0.0,"enemies":"Cultist","floor":1.0,"turns":5.0},{"damage":2.0,"enemies":"Jaw Worm","floor":3.0,"turns":5.0},{"damage":0.0,"enemies":"2 Louse","floor":5.0,"turns":2.0},{"damage":13.0,"enemies":"3 Sentries","floor":6.0,"turns":5.0},{"damage":25.0,"enemies":"Lagavulin","floor":8.0,"turns":7.0},{"damage":5.0,"enemies":"Gremlin Nob","floor":10.0,"turns":3.0},{"damage":8.0,"enemies":"Exordium Thugs","floor":11.0,"turns":3.0},{"damage":18,"enemies":"Slime Boss","floor":16,"turns":11},{"damage":7,"enemies":"3 Byrds","floor":18,"turns":3},{"damage":3,"enemies":"Chosen","floor":19,"turns":4},{"damage":17,"enemies":"Snecko","floor":22,"turns":5},{"damage":26,"enemies":"Slavers","floor":24,"turns":7},{"damage":10,"enemies":"Snake Plant","floor":25,"turns":5},{"damage":0,"enemies":"Centurion and Healer","floor":27,"turns":6},{"damage":12,"enemies":"Snecko","floor":28,"turns":4}],"seed_played":"-1116760339423003965","potions_obtained":[{"floor":1.0,"key":"Block Potion"},{"floor":3.0,"key":"Fire Potion"},{"floor":6.0,"key":"SpeedPotion"},{"floor":8.0,"key":"AttackPotion"},{"floor":16,"key":"SpeedPotion"},{"floor":18,"key":"AttackPotion"},{"floor":27,"key":"SkillPotion"}],"is_trial":false,"path_per_floor":["M","?","M","$","M","E","T","E","T","E","M","?","?","$","R","B",null,"M","M","?","$","M","R","E","M","T","M"],"character_chosen":"THE_SILENT","items_purchased":["TwistedFunnel","Accuracy","Deadly Poison","Toolbox"],"campfire_rested":1,"item_purchase_floors":[4,14,14,21],"current_hp_per_floor":[70,70,68,68,68,55,55,32,32,29,23,23,16,16,37,21,70,63,62,49,49,34,34,10,2,2,4,0],"gold":121,"neow_bonus":"TRANSFORM_TWO_CARDS","is_prod":false,"is_daily":false,"chose_seed":false,"campfire_upgraded":1,"win_rate":0,"timestamp":1532655009,"path_taken":["M","?","M","?","?","E","?","E","T","E","M","?","?","$","R","BOSS","M","M","?","$","M","R","E","M","T","M","M"],"build_version":"2018-07-26","purchased_purges":0,"victory":false,"max_hp_per_floor":[70,70,70,70,70,70,70,70,70,70,70,70,70,70,70,70,70,70,70,75,75,75,75,75,75,75,75,75],"card_choices":[{"not_picked":["Sucker Punch","Caltrops"],"picked":"Cloak And Dagger","floor":1.0},{"not_picked":["Bane","Dagger Throw"],"picked":"All Out Attack","floor":3.0},{"not_picked":["Dodge and Roll","Caltrops"],"picked":"Flying Knee","floor":5.0},{"not_picked":["Setup","Acrobatics"],"picked":"Well Laid Plans","floor":6.0},{"not_picked":["Sucker Punch","Cloak And Dagger"],"picked":"Malaise","floor":8.0},{"not_picked":["Reflex","Outmaneuver"],"picked":"After Image","floor":10.0},{"not_picked":["Acrobatics","Dagger Spray"],"picked":"Accuracy","floor":11.0},{"not_picked":["Corpse Explosion","Bullet Time"],"picked":"A Thousand Cuts","floor":16},{"not_picked":["Acrobatics+1","Catalyst","Deflect"],"picked":"SKIP","floor":18},{"not_picked":["Poisoned Stab","Outmaneuver"],"picked":"Prepared+1","floor":19},{"not_picked":["Leg Sweep","Dagger Throw"],"picked":"PiercingWail","floor":22},{"not_picked":["Dagger Throw","Outmaneuver+1"],"picked":"Cloak And Dagger","floor":24},{"not_picked":["Predator","Acrobatics"],"picked":"Infinite Blades+1","floor":25},{"not_picked":["Dash","Slice"],"picked":"Infinite Blades","floor":27}],"player_experience":137708,"relics_obtained":[{"floor":6.0,"key":"Bronze Scales"},{"floor":7.0,"key":"Blood Vial"},{"floor":8.0,"key":"Kunai"},{"floor":9.0,"key":"Whetstone"},{"floor":10.0,"key":"Bottled Tornado"},{"floor":24,"key":"Orichalcum"},{"floor":26,"key":"Juzu Bracelet"}],"event_choices":[{"event_name":"Liars Game","player_choice":"agreed","floor":2.0,"damage_taken":0.0},{"event_name":"Transmorgrifier","player_choice":"Transform","floor":12.0,"damage_taken":0.0},{"event_name":"Golden Wing","player_choice":"Card Removal","floor":13.0,"damage_taken":0.0},{"event_name":"Forgotten Altar","player_choice":"Shed Blood","floor":20,"damage_taken":0}],"is_beta":false,"boss_relics":[{"not_picked":["Ectoplasm","Tiny House"],"picked":"Empty Cage"}],"items_purged_floors":[],"is_endless":false,"potions_floor_spawned":[1,3,6,8,16,18,27],"killed_by":"Snecko","ascension_level":2}