{"gold_per_floor":[111,4,24,24,99,130,130,130],"floor_reached":8,"playtime":372,"items_purged":[],"score":108,"play_id":"c3fff32f-a2d6-4e02-b301-67d4fd74587a","local_time":"20190316100803","is_ascension_mode":true,"campfire_choices":[],"neow_cost":"NONE","seed_source_timestamp":491683488960883,"circlet_count":0,"master_deck":["AscendersBane","Strike_R","Strike_R","Strike_R","Strike_R","Strike_R","Defend_R","Defend_R","Defend_R","Defend_R","Bash","Corruption+1","Iron Wave","Inflame","Armaments"],"special_seed":0,"relics":["Burning Blood","Singing Bowl","Golden Idol"],"potions_floor_usage":[6],"damage_taken":[{"damage":7.0,"enemies":"Cultist","floor":1.0,"turns":4.0},{"damage":3.0,"enemies":"2 Louse","floor":3.0,"turns":4.0},{"damage":25,"enemies":"Lagavulin","floor":6,"turns":6},{"damage":12,"enemies":"3 Sentries","floor":8,"turns":4}],"seed_played":"6049945766889044690","potions_obtained":[{"floor":3.0,"key":"Poison Potion"}],"is_trial":false,"path_per_floor":["M","$","M","?","?","E","?","E"],"character_chosen":"IRONCLAD","items_purchased":["Inflame","Armaments"],"campfire_rested":0,"item_purchase_floors":[2,2],"current_hp_per_floor":[67,67,70,70,59,42,42,30],"gold":130,"neow_bonus":"THREE_CARDS","is_prod":false,"is_daily":false,"chose_seed":false,"campfire_upgraded":0,"win_rate":0,"timestamp":1552748883,"path_taken":["M","$","M","?","?","E","?","E"],"build_version":"2019-01-23","purchased_purges":0,"victory":false,"max_hp_per_floor":[75,75,75,75,75,77,70,70],"card_choices":[{"not_picked":["Evolve","Combust"],"picked":"Corruption","floor":0.0},{"not_picked":["Body Slam","Headbutt"],"picked":"Iron Wave","floor":1.0},{"not_picked":["Thunderclap","Blood for Blood","Anger"],"picked":"SKIP","floor":3.0},{"not_picked":["Rage","Intimidate","True Grit"],"picked":"Singing Bowl","floor":6}],"player_experience":635304,"relics_obtained":[{"floor":6,"key":"Singing Bowl"}],"event_choices":[{"damage_healed":0.0,"max_hp_gain":0.0,"max_hp_loss":0.0,"gold_gain":0.0,"event_name":"Living Wall","player_choice":"Grow","floor":4.0,"gold_loss":0.0,"damage_taken":0.0,"cards_upgraded":["Corruption"]},{"damage_healed":0.0,"max_hp_gain":0.0,"max_hp_loss":0.0,"gold_gain":75.0,"event_name":"World of Goop","player_choice":"Gather Gold","floor":5.0,"gold_loss":0.0,"damage_taken":11.0},{"damage_healed":0,"gold_gain":0,"player_choice":"Lose Max HP","damage_taken":0,"relics_obtained":["Golden Idol"],"max_hp_gain":0,"max_hp_loss":7,"event_name":"Golden Idol","floor":7,"gold_loss":0}],"is_beta":false,"boss_relics":[],"items_purged_floors":[],"is_endless":false,"potions_floor_spawned":[3],"killed_by":"3 Sentries","ascension_level":20}