{"gold_per_floor":[119,119,3,21,31,65,65,77,77,100,25,58,58,88,88,166,166,184,184,15,28,43,43,43,43,43,43,61,79,79,104,104,182,232,247,247,247,297,310,310,343,643,643,659,659,306,323,154,154,154,154,154,154,56,90,90],"floor_reached":57,"playtime":3517,"items_purged":["Defend_R"],"score":3182,"play_id":"7aa4bd7e-0716-46bd-b6e9-440745d429a3","local_time":"20190416191826","is_ascension_mode":true,"campfire_choices":[{"floor":7.0,"key":"REST"},{"data":"Power Through","floor":13.0,"key":"SMITH"},{"data":"Feel No Pain","floor":15.0,"key":"SMITH"},{"floor":23.0,"key":"REST"},{"data":"Uppercut","floor":25.0,"key":"SMITH"},{"data":"Offering","floor":27.0,"key":"SMITH"},{"data":"Flame Barrier","floor":30.0,"key":"SMITH"},{"data":"Immolate","floor":32.0,"key":"SMITH"},{"floor":40.0,"key":"RECALL"},{"floor":45.0,"key":"REST"},{"floor":49.0,"key":"REST"},{"data":"Immolate","floor":53.0,"key":"SMITH"}],"neow_cost":"NONE","seed_source_timestamp":0,"circlet_count":0,"master_deck":["AscendersBane","Defend_R","Defend_R+1","Defend_R+1","Bash","Corruption","Headbutt","Uppercut+1","Power Through+1","True Grit+1","Seeing Red","Second Wind","Feel No Pain+1","Offering+1","Carnage+1","Exhume+1","Flame Barrier+1","Immolate+1","Immolate+1","Secret Technique","Corruption+1","Power Through+1","Purity","Metallicize"],"special_seed":0,"relics":["Burning Blood","NeowsBlessing","Bronze Scales","Dead Branch","Singing Bowl","Odd Mushroom","Happy Flower","Centennial Puzzle","Astrolabe","War Paint","Ornamental Fan","PreservedInsect","Tiny House","Question Card","Mummified Hand","Ancient Tea Set","Paper Frog"],"potions_floor_usage":[55],"damage_taken":[{"damage":0.0,"enemies":"2 Louse","floor":1.0,"turns":1.0},{"damage":0.0,"enemies":"Small Slimes","floor":4.0,"turns":1.0},{"damage":0.0,"enemies":"Jaw Worm","floor":5.0,"turns":1.0},{"damage":50.0,"enemies":"3 Sentries","floor":6.0,"turns":9.0},{"damage":2.0,"enemies":"Large Slime","floor":8.0,"turns":7.0},{"damage":9.0,"enemies":"The Mushroom Lair","floor":10.0,"turns":4.0},{"damage":0.0,"enemies":"Lagavulin","floor":12.0,"turns":4.0},{"damage":6.0,"enemies":"3 Sentries","floor":14.0,"turns":3.0},{"damage":0.0,"enemies":"Hexaghost","floor":16.0,"turns":8.0},{"damage":17.0,"enemies":"Spheric Guardian","floor":18.0,"turns":4.0},{"damage":11.0,"enemies":"Shell Parasite","floor":21.0,"turns":4.0},{"damage":6.0,"enemies":"Cultist and Chosen","floor":22.0,"turns":5.0},{"damage":12.0,"enemies":"Centurion and Healer","floor":28.0,"turns":3.0},{"damage":6.0,"enemies":"Sentry and Sphere","floor":29.0,"turns":3.0},{"damage":2.0,"enemies":"Gremlin Leader","floor":31.0,"turns":3.0},{"damage":12.0,"enemies":"Automaton","floor":33.0,"turns":7.0},{"damage":9.0,"enemies":"Orb Walker","floor":35.0,"turns":4.0},{"damage":6.0,"enemies":"3 Shapes","floor":39.0,"turns":6.0},{"damage":37.0,"enemies":"Giant Head","floor":41.0,"turns":6.0},{"damage":12.0,"enemies":"Spire Growth","floor":44.0,"turns":2.0},{"damage":6.0,"enemies":"Jaw Worm Horde","floor":47.0,"turns":3.0},{"damage":6.0,"enemies":"Awakened One","floor":50.0,"turns":3.0},{"damage":75.0,"enemies":"Time Eater","floor":51.0,"turns":11.0},{"damage":6,"enemies":"Shield and Spear","floor":55,"turns":1},{"damage":68,"enemies":"The Heart","floor":56,"turns":7}],"seed_played":"-2459232228159928139","potions_obtained":[{"floor":6.0,"key":"GamblersBrew"},{"floor":10.0,"key":"PowerPotion"},{"floor":12.0,"key":"PowerPotion"},{"floor":16.0,"key":"SpeedPotion"},{"floor":18.0,"key":"Ancient Potion"},{"floor":33.0,"key":"BloodPotion"},{"floor":55,"key":"Swift Potion"}],"is_trial":false,"path_per_floor":["M","?","$","M","M","E","R","M","T","?","?","E","R","E","R","B",null,"M","?","$","M","M","R","?","R","T","R","M","M","R","E","R","B",null,"M","?","?","?","M","R","E","?","T","M","R","$","M","$","R","B","B",null,"R","$","E","B",null],"character_chosen":"IRONCLAD","items_purchased":["Corruption","Headbutt","War Paint","Mummified Hand","Ancient Tea Set","Purity"],"campfire_rested":4,"item_purchase_floors":[3,3,20,46,48,54],"current_hp_per_floor":[74,63,63,69,75,31,53,57,57,54,54,62,62,62,62,68,75,66,43,43,38,40,65,65,65,65,65,61,63,63,67,67,61,90,89,89,89,80,80,80,51,51,51,45,75,75,77,77,103,103,34,86,86,86,96,34],"gold":90,"neow_bonus":"THREE_ENEMY_KILL","is_prod":false,"is_daily":false,"chose_seed":false,"campfire_upgraded":7,"win_rate":0,"timestamp":1555456706,"path_taken":["M","?","$","M","M","E","R","M","T","?","?","E","R","E","R","BOSS","M","?","$","M","M","R","?","R","T","R","M","?","R","E","R","BOSS","M","?","?","?","?","R","E","?","T","M","R","?","M","$","R","BOSS","BOSS","R","$","E","BOSS"],"build_version":"2019-01-23","purchased_purges":1,"victory":true,"max_hp_per_floor":[75,75,75,75,75,75,75,75,75,75,75,77,77,77,77,77,77,79,84,84,84,86,86,86,86,86,86,88,90,90,90,90,90,97,99,99,99,99,99,99,101,101,101,101,101,101,103,103,103,103,103,103,103,103,103,103],"card_choices":[{"not_picked":["Body Slam","Clash","Sentinel"],"picked":"SKIP","floor":1.0},{"not_picked":["Heavy Blade","Dual Wield"],"picked":"Uppercut","floor":4.0},{"not_picked":["Corruption","Flame Barrier"],"picked":"Power Through","floor":5.0},{"not_picked":["Shrug It Off","Twin Strike"],"picked":"True Grit","floor":6.0},{"not_picked":["Rage","Sentinel"],"picked":"Seeing Red","floor":8.0},{"not_picked":["Reaper","Inflame"],"picked":"Second Wind","floor":10.0},{"not_picked":["Headbutt","Inflame","Second Wind"],"picked":"Singing Bowl","floor":12.0},{"not_picked":["Sword Boomerang","Headbutt"],"picked":"Feel No Pain","floor":14.0},{"not_picked":["Reaper","Double Tap"],"picked":"Offering","floor":16.0},{"not_picked":["Anger","True Grit","Intimidate"],"picked":"Singing Bowl","floor":18.0},{"not_picked":["Infernal Blade","Thunderclap"],"picked":"Flame Barrier","floor":21.0},{"not_picked":["Wild Strike","Pommel Strike","Headbutt"],"picked":"Singing Bowl","floor":22.0},{"not_picked":["Evolve","Clothesline","Reckless Charge"],"picked":"Singing Bowl","floor":28.0},{"not_picked":["Wild Strike","Perfected Strike","Headbutt"],"picked":"Singing Bowl","floor":29.0},{"not_picked":["Pummel","Thunderclap"],"picked":"Immolate","floor":31.0},{"not_picked":["Demon Form","Feed"],"picked":"Immolate","floor":33.0},{"not_picked":["Armaments","Ghostly Armor","Spot Weakness"],"picked":"Singing Bowl","floor":34.0},{"not_picked":["Flex","Sentinel","Havoc"],"picked":"Singing Bowl","floor":35.0},{"not_picked":["HandOfGreed","Finesse"],"picked":"Secret Technique","floor":37.0},{"not_picked":["Body Slam+1","Uppercut+1"],"picked":"Corruption+1","floor":39.0},{"not_picked":["Headbutt","Heavy Blade+1","Body Slam"],"picked":"Singing Bowl","floor":41.0},{"not_picked":["Headbutt","Warcry+1","Heavy Blade"],"picked":"Power Through+1","floor":44.0},{"not_picked":["Cleave","Bloodletting","Carnage","Hemokinesis"],"picked":"Singing Bowl","floor":47.0},{"not_picked":["Twin Strike+1","Corruption","Clothesline"],"picked":"Metallicize","floor":55}],"player_experience":863794,"relics_obtained":[{"floor":6.0,"key":"Dead Branch"},{"floor":9.0,"key":"Singing Bowl"},{"floor":10.0,"key":"Odd Mushroom"},{"floor":12.0,"key":"Happy Flower"},{"floor":14.0,"key":"Centennial Puzzle"},{"floor":26.0,"key":"Ornamental Fan"},{"floor":31.0,"key":"PreservedInsect"},{"floor":41.0,"key":"Question Card"},{"floor":55,"key":"Paper Frog"}],"event_choices":[{"damage_healed":0.0,"max_hp_gain":0.0,"max_hp_loss":0.0,"gold_gain":0.0,"event_name":"Scrap Ooze","player_choice":"Success","floor":2.0,"gold_loss":0.0,"damage_taken":11.0,"relics_obtained":["Bronze Scales"]},{"damage_healed":0.0,"max_hp_gain":0.0,"max_hp_loss":0.0,"gold_gain":0.0,"event_name":"Mushrooms","player_choice":"Fought Mushrooms","floor":10.0,"gold_loss":0.0,"damage_taken":0.0},{"cards_removed":["Strike_R"],"damage_healed":0.0,"max_hp_gain":0.0,"max_hp_loss":0.0,"gold_gain":0.0,"event_name":"The Cleric","player_choice":"Card Removal","floor":11.0,"gold_loss":75.0,"damage_taken":0.0},{"damage_healed":0.0,"max_hp_gain":5.0,"max_hp_loss":0.0,"gold_gain":0.0,"event_name":"Forgotten Altar","player_choice":"Shed Blood","floor":19.0,"gold_loss":0.0,"damage_taken":28.0},{"cards_removed":["Strike_R"],"damage_healed":0.0,"max_hp_gain":0.0,"max_hp_loss":0.0,"gold_gain":0.0,"event_name":"Bonfire Elementals","player_choice":"Offered Basic","floor":24.0,"gold_loss":0.0,"damage_taken":0.0},{"cards_removed":["Rampage"],"damage_healed":0.0,"max_hp_gain":0.0,"max_hp_loss":0.0,"gold_gain":0.0,"event_name":"Falling","player_choice":"Removed Attack","floor":36.0,"gold_loss":0.0,"damage_taken":0.0},{"damage_healed":0.0,"max_hp_gain":0.0,"max_hp_loss":0.0,"gold_gain":0.0,"event_name":"SensoryStone","player_choice":"Memory 1","floor":37.0,"gold_loss":0.0,"damage_taken":0.0},{"damage_healed":0.0,"max_hp_gain":0.0,"max_hp_loss":0.0,"gold_gain":50.0,"event_name":"FaceTrader","player_choice":"Touch","floor":38.0,"gold_loss":0.0,"damage_taken":9.0},{"damage_healed":0.0,"max_hp_gain":0.0,"max_hp_loss":0.0,"gold_gain":300.0,"event_name":"Wheel of Change","player_choice":"Gold","floor":42.0,"gold_loss":0.0,"damage_taken":0.0}],"is_beta":false,"boss_relics":[{"not_picked":["Orrery","Black Star"],"picked":"Astrolabe"},{"not_picked":["Calling Bell","Coffee Dripper"],"picked":"Tiny House"}],"items_purged_floors":[46],"is_endless":false,"potions_floor_spawned":[6,10,12,14,16,18,22,28,33,47,55],"ascension_level":20}