{"gold_per_floor":[110,125,143,108,124,124,150,179,179,179,189,189,189,33,33,107,107,126,126,126,136,154,154],"floor_reached":23,"playtime":1112,"items_purged":["Strike_B"],"score":363,"play_id":"87a79487-f29a-40c7-8a75-27a1a6262dfa","local_time":"20190228040026","is_ascension_mode":true,"campfire_choices":[{"data":"Zap","floor":6,"key":"SMITH"},{"floor":12,"key":"REST"},{"floor":15,"key":"REST"}],"neow_cost":"NONE","seed_source_timestamp":924377252120904,"circlet_count":0,"master_deck":["AscendersBane","Strike_B","Strike_B","Defend_B","Defend_B","Defend_B","Defend_B","Zap+1","Dualcast","Beam Cell","Cold Snap","White Noise","Echo Form","Self Repair","Ball Lightning","Static Discharge"],"relics":["Cracked Core","Dream Catcher","Ancient Tea Set","Anchor","Bird Faced Urn","Nuclear Battery"],"potions_floor_usage":[5,16,23],"damage_taken":[{"damage":0,"enemies":"2 Louse","floor":1,"turns":2},{"damage":4,"enemies":"Jaw Worm","floor":2,"turns":3},{"damage":4,"enemies":"Small Slimes","floor":3,"turns":3},{"damage":16,"enemies":"Exordium Wildlife","floor":5,"turns":4},{"damage":58,"enemies":"Gremlin Nob","floor":8,"turns":5},{"damage":0,"enemies":"Blue Slaver","floor":11,"turns":2},{"damage":43,"enemies":"The Guardian","floor":16,"turns":10},{"damage":25,"enemies":"Spheric Guardian","floor":18,"turns":5},{"damage":35,"enemies":"3 Byrds","floor":21,"turns":5},{"damage":30,"enemies":"Cultist and Chosen","floor":22,"turns":6},{"damage":28,"enemies":"Book of Stabbing","floor":23,"turns":4}],"seed_played":"-5913608575099639440","potions_obtained":[{"floor":2,"key":"Fruit Juice"},{"floor":8,"key":"LiquidBronze"},{"floor":18,"key":"FocusPotion"}],"is_trial":false,"path_per_floor":["M","M","M","?","M","R","T","E","T","?","M","R","?","$","R","B",null,"M","$","?","M","M","E"],"character_chosen":"DEFECT","items_purchased":["Self Repair"],"campfire_rested":2,"item_purchase_floors":[14],"current_hp_per_floor":[64,60,56,71,60,60,60,2,2,2,2,24,24,24,46,25,63,51,51,51,31,20,0],"gold":154,"neow_bonus":"RANDOM_COMMON_RELIC","is_prod":false,"is_daily":false,"chose_seed":false,"campfire_upgraded":1,"win_rate":0,"timestamp":1551348026,"path_taken":["M","M","M","?","M","R","?","E","T","?","?","R","?","?","R","BOSS","M","$","?","M","M","E"],"build_version":"2019-01-23","purchased_purges":1,"victory":false,"max_hp_per_floor":[71,71,71,71,76,76,76,76,76,76,76,76,76,76,76,76,76,76,76,76,76,76,76],"card_choices":[{"not_picked":["Leap","Storm"],"picked":"Beam Cell","floor":1},{"not_picked":["Redo","Steam","Force Field"],"picked":"SKIP","floor":2},{"not_picked":["Turbo","Steam","Conserve Battery"],"picked":"SKIP","floor":3},{"not_picked":["Force Field","Coolheaded"],"picked":"Cold Snap","floor":5},{"not_picked":["Scrape","Sunder"],"picked":"White Noise","floor":8},{"not_picked":["Conserve Battery","Coolheaded"],"picked":"Echo Form","floor":11},{"not_picked":["Gash","Double Energy"],"picked":"Ball Lightning","floor":15},{"not_picked":["Ball Lightning","Steam"],"picked":"Static Discharge","floor":18},{"not_picked":["Fusion","Compile Driver","Leap"],"picked":"SKIP","floor":21},{"not_picked":["Static Discharge","Ball Lightning","Steam"],"picked":"SKIP","floor":22}],"player_experience":621949,"relics_obtained":[{"floor":7,"key":"Ancient Tea Set"},{"floor":8,"key":"Anchor"},{"floor":9,"key":"Bird Faced Urn"}],"event_choices":[{"damage_healed":17,"gold_gain":0,"player_choice":"Healed","damage_taken":0,"max_hp_gain":0,"max_hp_loss":0,"event_name":"The Cleric","floor":4,"gold_loss":35},{"damage_healed":0,"gold_gain":0,"player_choice":"Ignored","damage_taken":0,"max_hp_gain":0,"max_hp_loss":0,"event_name":"Golden Idol","floor":10,"gold_loss":0},{"damage_healed":0,"gold_gain":0,"player_choice":"Ignored","damage_taken":0,"max_hp_gain":0,"max_hp_loss":0,"event_name":"Shining Light","floor":13,"gold_loss":0},{"cards_removed":["Strike_B"],"damage_healed":0,"gold_gain":0,"player_choice":"Offered Basic","damage_taken":0,"max_hp_gain":0,"max_hp_loss":0,"event_name":"Bonfire Elementals","floor":20,"gold_loss":0}],"is_beta":false,"boss_relics":[{"not_picked":["White Beast Statue","Snecko Eye"],"picked":"Nuclear Battery"}],"items_purged_floors":[14],"is_endless":false,"potions_floor_spawned":[2,8,18],"killed_by":"Book of Stabbing","ascension_level":18}