{"gold_per_floor":[109,127,142,159,179,211,211,224,224,170,170,226,226,259,259,333,333,352,365,365,379,5,30,30,30,81,81,110,53,80,95,95,170,170,180,180,180,194,194,194,223,223,223,223,240,250,26,38,38,38,38],"floor_reached":51,"playtime":4420,"items_purged":[],"score":1515,"play_id":"80ca0e3d-b1d3-4e15-8912-2f9dd1cc8d45","local_time":"20190312215252","is_ascension_mode":true,"campfire_choices":[{"floor":7.0,"key":"DIG"},{"floor":11.0,"key":"REST"},{"floor":13.0,"key":"REST"},{"floor":15.0,"key":"DIG"},{"data":"Fission","floor":24.0,"key":"SMITH"},{"floor":27.0,"key":"REST"},{"floor":32.0,"key":"DIG"},{"floor":40.0,"key":"DIG"},{"floor":42.0,"key":"RECALL"},{"floor":44.0,"key":"DIG"},{"floor":49.0,"key":"DIG"}],"neow_cost":"NONE","seed_source_timestamp":906034199272060,"circlet_count":0,"master_deck":["AscendersBane","Zap+1","Dualcast","Ball Lightning","Go for the Eyes","Cold Snap","Compile Driver+1","Go for the Eyes","Genetic Algorithm","FTL","Loop","Leap","Biased Cognition","Fission+1","Beam Cell","Electrodynamics","Amplify","Skim","Cold Snap+1","Rebound","Steam","Doom and Gloom+1","Conserve Battery","Glacier","Steam","White Noise","Redo+1","Consume","Loop","Echo Form+1","Conserve Battery","Defragment+1","Recycle","Coolheaded+1","Stack+1"],"special_seed":0,"relics":["Cracked Core","Shovel","Dream Catcher","Sundial","Meat on the Bone","Mercury Hourglass","Question Card","Pandora\u0027s Box","MutagenicStrength","Cables","Mango","Whetstone","Anchor","Bird Faced Urn","Frozen Egg 2","Fusion Hammer","Letter Opener","Bronze Scales","Pen Nib","ClockworkSouvenir","Vajra"],"potions_floor_usage":[51,51,51],"damage_taken":[{"damage":7.0,"enemies":"Jaw Worm","floor":1.0,"turns":3.0},{"damage":5.0,"enemies":"2 Louse","floor":2.0,"turns":2.0},{"damage":9.0,"enemies":"Small Slimes","floor":3.0,"turns":4.0},{"damage":3.0,"enemies":"3 Louse","floor":4.0,"turns":4.0},{"damage":2.0,"enemies":"Blue Slaver","floor":5.0,"turns":3.0},{"damage":20.0,"enemies":"3 Sentries","floor":6.0,"turns":7.0},{"damage":1.0,"enemies":"Exordium Thugs","floor":8.0,"turns":4.0},{"damage":25.0,"enemies":"Lagavulin Event","floor":12.0,"turns":4.0},{"damage":15.0,"enemies":"Lagavulin","floor":14.0,"turns":6.0},{"damage":20.0,"enemies":"Hexaghost","floor":16.0,"turns":9.0},{"damage":10.0,"enemies":"2 Thieves","floor":18.0,"turns":4.0},{"damage":33.0,"enemies":"Shell Parasite","floor":19.0,"turns":4.0},{"damage":18.0,"enemies":"Snake Plant","floor":21.0,"turns":4.0},{"damage":13.0,"enemies":"Book of Stabbing","floor":23.0,"turns":5.0},{"damage":0.0,"enemies":"Gremlin Leader","floor":28.0,"turns":4.0},{"damage":26.0,"enemies":"Slavers","floor":30.0,"turns":4.0},{"damage":3.0,"enemies":"Sentry and Sphere","floor":31.0,"turns":5.0},{"damage":58.0,"enemies":"Collector","floor":33.0,"turns":10.0},{"damage":0.0,"enemies":"Orb Walker","floor":35.0,"turns":4.0},{"damage":14.0,"enemies":"3 Shapes","floor":38.0,"turns":3.0},{"damage":0.0,"enemies":"Reptomancer","floor":41.0,"turns":7.0},{"damage":0.0,"enemies":"Jaw Worm Horde","floor":45.0,"turns":2.0},{"damage":10.0,"enemies":"Writhing Mass","floor":46.0,"turns":6.0},{"damage":14.0,"enemies":"Maw","floor":48.0,"turns":8.0},{"damage":48.0,"enemies":"Donu and Deca","floor":50.0,"turns":11.0},{"damage":65,"enemies":"Awakened One","floor":51,"turns":3}],"seed_played":"-3623164080851292485","potions_obtained":[{"floor":1.0,"key":"LiquidBronze"},{"floor":3.0,"key":"Dexterity Potion"},{"floor":6.0,"key":"LiquidBronze"},{"floor":8.0,"key":"SkillPotion"},{"floor":30.0,"key":"EntropicBrew"},{"floor":45.0,"key":"PowerPotion"}],"is_trial":false,"path_per_floor":["M","M","M","M","M","E","R","M","T","?","R","?","R","E","R","B",null,"M","M","?","M","$","E","R","?","T","R","E","$","E","M","R","B",null,"M","?","?","M","?","R","E","R","T","R","M","M","$","M","R","B","B"],"character_chosen":"DEFECT","items_purchased":["Cables","Steam","Poison Potion","Fire Potion","ClockworkSouvenir"],"campfire_rested":3,"item_purchase_floors":[22,22,22,29,47],"current_hp_per_floor":[57,52,43,40,38,18,18,17,17,17,38,13,34,31,31,23,59,49,28,28,22,22,35,35,35,35,60,60,60,46,47,47,13,67,73,73,73,67,67,67,81,81,81,81,81,75,75,71,71,41,0],"gold":38,"neow_bonus":"UPGRADE_CARD","is_prod":false,"is_daily":false,"chose_seed":false,"campfire_upgraded":1,"win_rate":0,"timestamp":1552445572,"path_taken":["M","M","M","M","M","E","R","M","T","?","R","?","R","E","R","BOSS","M","M","?","M","$","E","R","?","T","R","E","$","E","M","R","BOSS","M","?","?","?","?","R","E","R","T","R","?","M","$","?","R","BOSS","BOSS"],"build_version":"2019-01-23","purchased_purges":0,"victory":false,"max_hp_per_floor":[71,71,71,71,71,71,71,71,71,71,71,71,71,71,71,71,71,71,71,71,71,71,85,85,85,85,85,85,85,85,85,85,85,85,85,81,81,81,81,81,81,81,81,81,81,81,81,81,81,81,81],"card_choices":[{"not_picked":["Skim","Aggregate","Steam"],"picked":"SKIP","floor":1.0},{"not_picked":["Gash","Fusion"],"picked":"Ball Lightning","floor":2.0},{"not_picked":["Self Repair","Stack"],"picked":"Go for the Eyes","floor":3.0},{"not_picked":["Compile Driver","Sweeping Beam"],"picked":"Cold Snap","floor":4.0},{"not_picked":["Chill","Stack"],"picked":"Compile Driver","floor":5.0},{"not_picked":["Melter","Storm"],"picked":"Go for the Eyes","floor":6.0},{"not_picked":["Reprogram","Gash"],"picked":"Genetic Algorithm","floor":8.0},{"not_picked":["Lockon","Reinforced Body"],"picked":"FTL","floor":11.0},{"not_picked":["All For One","Hologram"],"picked":"Compile Driver","floor":12.0},{"not_picked":["Leap","Turbo"],"picked":"Loop","floor":13.0},{"not_picked":["Barrage","Sweeping Beam"],"picked":"Leap","floor":14.0},{"not_picked":["Amplify","All For One","Meteor Strike"],"picked":"Biased Cognition","floor":16.0},{"not_picked":["Loop","Scrape","Tempest"],"picked":"Doom and Gloom+1","floor":18.0},{"not_picked":["Sunder","Melter","Stack"],"picked":"Conserve Battery","floor":19.0},{"not_picked":["Streamline","Undo","Conserve Battery"],"picked":"Glacier","floor":21.0},{"not_picked":["Self Repair","Steam","Compile Driver"],"picked":"White Noise","floor":23.0},{"not_picked":["Conserve Battery","Sweeping Beam","Compile Driver+1"],"picked":"Redo+1","floor":27.0},{"not_picked":["Rebound","Amplify","Lockon"],"picked":"Consume","floor":28.0},{"not_picked":["BootSequence","Gash","Self Repair+1","FTL"],"picked":"SKIP","floor":30.0},{"not_picked":["BootSequence","Stack","Heatsinks+1"],"picked":"Loop","floor":31.0},{"not_picked":["Biased Cognition+1","Multi-Cast","Creative AI+1"],"picked":"Echo Form+1","floor":33.0},{"not_picked":["Steam Power","Barrage+1","Stack"],"picked":"Conserve Battery","floor":35.0},{"not_picked":["White Noise","Skim","Coolheaded"],"picked":"Defragment+1","floor":38.0},{"not_picked":["Aggregate+1","Sunder","Recycle+1","FTL+1"],"picked":"SKIP","floor":41.0},{"not_picked":["Turbo","Beam Cell+1","Cold Snap"],"picked":"Coolheaded+1","floor":45.0},{"not_picked":["Go for the Eyes","Recycle","Rebound","White Noise"],"picked":"SKIP","floor":46.0},{"not_picked":["Sweeping Beam","Leap","Reprogram"],"picked":"Stack+1","floor":48.0}],"player_experience":755969,"relics_obtained":[{"floor":6.0,"key":"Shovel"},{"floor":7.0,"key":"Dream Catcher"},{"floor":9.0,"key":"Sundial"},{"floor":12.0,"key":"Meat on the Bone"},{"floor":14.0,"key":"Mercury Hourglass"},{"floor":15.0,"key":"Question Card"},{"floor":23.0,"key":"Mango"},{"floor":26.0,"key":"Whetstone"},{"floor":28.0,"key":"Anchor"},{"floor":30.0,"key":"Bird Faced Urn"},{"floor":32.0,"key":"Frozen Egg 2"},{"floor":40.0,"key":"Letter Opener"},{"floor":41.0,"key":"Bronze Scales"},{"floor":44.0,"key":"Pen Nib"},{"floor":49.0,"key":"Vajra"}],"event_choices":[{"damage_healed":0.0,"max_hp_gain":0.0,"max_hp_loss":0.0,"gold_gain":0.0,"event_name":"World of Goop","player_choice":"Left Gold","floor":10.0,"gold_loss":54.0,"damage_taken":0.0},{"damage_healed":0.0,"max_hp_gain":0.0,"max_hp_loss":0.0,"gold_gain":30.0,"event_name":"Dead Adventurer","player_choice":"Searched \u00273\u0027 times","floor":12.0,"gold_loss":0.0,"damage_taken":0.0},{"damage_healed":0.0,"max_hp_gain":0.0,"max_hp_loss":0.0,"gold_gain":0.0,"event_name":"Drug Dealer","player_choice":"Inject Mutagens","floor":20.0,"gold_loss":0.0,"damage_taken":0.0,"relics_obtained":["MutagenicStrength"]},{"damage_healed":0.0,"max_hp_gain":0.0,"max_hp_loss":0.0,"gold_gain":0.0,"event_name":"Vampires","player_choice":"Ignored","floor":25.0,"gold_loss":0.0,"damage_taken":0.0},{"damage_healed":0.0,"max_hp_gain":0.0,"max_hp_loss":4.0,"gold_gain":0.0,"event_name":"Winding Halls","player_choice":"Max HP","floor":36.0,"gold_loss":0.0,"damage_taken":0.0},{"damage_healed":0.0,"max_hp_gain":0.0,"max_hp_loss":0.0,"gold_gain":0.0,"event_name":"Lab","player_choice":"Got Potions","floor":37.0,"gold_loss":0.0,"damage_taken":0.0},{"damage_healed":0.0,"max_hp_gain":0.0,"max_hp_loss":0.0,"gold_gain":0.0,"cards_transformed":["Compile Driver"],"event_name":"Transmorgrifier","player_choice":"Transformed","floor":39.0,"gold_loss":0.0,"damage_taken":0.0,"cards_obtained":["Recycle"]}],"is_beta":false,"boss_relics":[{"not_picked":["Tiny House","Empty Cage"],"picked":"Pandora\u0027s Box"},{"not_picked":["Coffee Dripper","White Beast Statue"],"picked":"Fusion Hammer"}],"items_purged_floors":[],"is_endless":false,"potions_floor_spawned":[1,3,6,8,30,31,41,45,46,48],"killed_by":"Awakened One","ascension_level":20}