{"gold_per_floor":[117,137,137,137,137,181,181,181,181,216,236,236,236,275,275,406,406,427,427,427,627,627,627],"floor_reached":23,"playtime":1269,"items_purged":[],"score":251,"play_id":"00a39502-3e9e-4990-b4bd-52d3efa4db42","local_time":"20180723200401","is_ascension_mode":true,"campfire_choices":[{"floor":8.0,"key":"REST"},{"floor":12.0,"key":"REST"},{"floor":15.0,"key":"REST"}],"neow_cost":"NONE","seed_source_timestamp":150013281101570,"circlet_count":0,"master_deck":["Strike_B","Strike_B+1","Strike_B","Defend_B","Defend_B","Defend_B","Defend_B+1","Zap","Dualcast","Glacier","Double Energy","Genetic Algorithm","Reprogram","Rainbow","Beam Cell","FTL","Blizzard","Multi-Cast","Self Repair+1","Necronomicurse","Genetic Algorithm"],"special_seed":0,"relics":["Cracked Core","NeowsBlessing","Golden Idol","Dream Catcher","Dead Branch","Torii","Cables","Centennial Puzzle","Black Star","Necronomicon"],"potions_floor_usage":[16,23,23],"damage_taken":[{"damage":0.0,"enemies":"Small Slimes","floor":1.0,"turns":1.0},{"damage":0.0,"enemies":"2 Louse","floor":2.0,"turns":1.0},{"damage":0.0,"enemies":"Gremlin Nob","floor":6.0,"turns":1.0},{"damage":2.0,"enemies":"3 Sentries","floor":10.0,"turns":9.0},{"damage":0.0,"enemies":"Jaw Worm","floor":11.0,"turns":3.0},{"damage":3.0,"enemies":"Gremlin Nob","floor":14.0,"turns":5.0},{"damage":38,"enemies":"The Guardian","floor":16,"turns":11},{"damage":2,"enemies":"Chosen","floor":18,"turns":4},{"damage":70,"enemies":"Gremlin Leader","floor":23,"turns":8}],"seed_played":"-2360720356426052081","potions_obtained":[{"floor":1.0,"key":"Ancient Potion"},{"floor":2.0,"key":"FearPotion"},{"floor":11.0,"key":"Swift Potion"},{"floor":18,"key":"FearPotion"}],"is_trial":false,"path_per_floor":["M","M","?","?","?","E","?","R","T","E","M","R","?","E","R","B",null,"M","?","?","?","?"],"character_chosen":"DEFECT","items_purchased":[],"campfire_rested":3,"item_purchase_floors":[],"current_hp_per_floor":[75,75,57,62,37,37,21,45,45,43,43,67,67,64,80,42,80,78,62,62,62,62,0],"gold":627,"neow_bonus":"THREE_ENEMY_KILL","is_prod":false,"is_daily":false,"chose_seed":false,"campfire_upgraded":0,"win_rate":0,"timestamp":1532390641,"path_taken":["M","M","?","?","?","E","?","R","T","E","?","R","?","E","R","BOSS","M","?","?","?","?","E"],"build_version":"2018-07-19v2","purchased_purges":0,"victory":false,"max_hp_per_floor":[75,75,75,80,80,80,80,80,80,80,80,80,80,80,80,80,80,80,80,80,80,80,80],"card_choices":[{"not_picked":["Rebound","Conserve Battery"],"picked":"Glacier","floor":1.0},{"not_picked":["Barrage","Sweeping Beam"],"picked":"Double Energy","floor":2.0},{"not_picked":["Ball Lightning","Gash"],"picked":"Genetic Algorithm","floor":6.0},{"not_picked":["Go for the Eyes","Stack"],"picked":"Reprogram","floor":8.0},{"not_picked":["Steam Power","Coolheaded","Cold Snap"],"picked":"SKIP","floor":10.0},{"not_picked":["Streamline","Conserve Battery"],"picked":"Rainbow","floor":11.0},{"not_picked":["Consume","Fusion"],"picked":"Beam Cell","floor":12.0},{"not_picked":["Stack","Leap"],"picked":"FTL","floor":14.0},{"not_picked":["Conserve Battery","Streamline"],"picked":"Blizzard","floor":15.0},{"not_picked":["Amplify","Creative AI"],"picked":"Multi-Cast","floor":16},{"not_picked":["Force Field","Tempest"],"picked":"Self Repair+1","floor":18}],"player_experience":127495,"relics_obtained":[{"floor":6.0,"key":"Dead Branch"},{"floor":9.0,"key":"Torii"},{"floor":10.0,"key":"Cables"},{"floor":14.0,"key":"Centennial Puzzle"},{"floor":19,"key":"Necronomicon"}],"event_choices":[{"event_name":"Golden Idol","player_choice":"Take Damage","floor":3.0,"damage_taken":0.0},{"event_name":"Big Fish","player_choice":"Donut","floor":4.0,"damage_taken":0.0},{"event_name":"Scrap Ooze","player_choice":"success","floor":5.0,"damage_taken":25.0},{"event_name":"Shining Light","player_choice":"Entered Light","floor":7.0,"damage_taken":0.0},{"event_name":"Living Wall","player_choice":"Forget","floor":13.0,"damage_taken":0.0},{"event_name":"Cursed Tome","player_choice":"Obtained Book","floor":19,"damage_taken":0},{"event_name":"Vampires","player_choice":"Ignored","floor":20,"damage_taken":0},{"event_name":"The Joust","player_choice":"Bet on Owner","floor":21,"damage_taken":0},{"event_name":"Duplicator","player_choice":"One dupe","floor":22,"damage_taken":0}],"is_beta":false,"boss_relics":[{"not_picked":["Philosopher\u0027s Stone","Empty Cage"],"picked":"Black Star"}],"items_purged_floors":[],"is_endless":false,"potions_floor_spawned":[1,2,11,18],"killed_by":"Gremlin Leader","ascension_level":2}