{"gold_per_floor":[109,123,134,134,144,177,177,211,236,248,279,291,321,144,144,240,240,252,265,279,291,11,11,24,38,38,58,58,74,108,108,108,213,213,230,244,244,41,56,113,113,113,113,63,79,29,41,41,41,41],"floor_reached":51,"playtime":4681,"items_purged":["Regret","Strike_R","Writhe","Strike_R","Strike_R"],"score":888,"play_id":"5baa0c51-c393-4006-99d1-a96041d960d5","local_time":"20190329075831","is_ascension_mode":true,"campfire_choices":[{"data":"Combust","floor":7.0,"key":"SMITH"},{"data":"Barricade","floor":10.0,"key":"SMITH"},{"data":"True Grit","floor":15.0,"key":"SMITH"},{"data":"Bandage Up","floor":23,"key":"SMITH"},{"data":"Disarm","floor":28,"key":"SMITH"},{"data":"Metallicize","floor":32,"key":"SMITH"},{"data":"Juggernaut","floor":41,"key":"SMITH"},{"data":"Chrysalis","floor":49,"key":"SMITH"}],"neow_cost":"NONE","seed_source_timestamp":0,"circlet_count":0,"master_deck":["Strike_R","Strike_R","Defend_R","Defend_R","Defend_R","Defend_R","Clothesline","Combust+1","True Grit+1","Metallicize+1","Burning Pact","Barricade+1","Iron Wave","Juggernaut+1","Offering","Feel No Pain","Bandage Up+1","Shrug It Off","Disarm+1","Exhume","Exhume","Feel No Pain","Chrysalis+1"],"special_seed":0,"relics":["Black Blood","Pear","Anchor","Smiling Mask","MawBank","Pen Nib","Coffee Dripper","Vajra","Thread and Needle","PreservedInsect","Orichalcum","Oddly Smooth Stone","Tiny Chest","Du-Vu Doll"],"potions_floor_usage":[20,21,24,30,33,33,37,40,50,50],"damage_taken":[{"damage":2.0,"enemies":"Cultist","floor":1.0,"turns":4.0},{"damage":0.0,"enemies":"Small Slimes","floor":2.0,"turns":3.0},{"damage":7.0,"enemies":"Jaw Worm","floor":3.0,"turns":4.0},{"damage":10.0,"enemies":"Red Slaver","floor":5.0,"turns":5.0},{"damage":14.0,"enemies":"3 Sentries","floor":6.0,"turns":6.0},{"damage":29.0,"enemies":"Lagavulin","floor":8.0,"turns":9.0},{"damage":4.0,"enemies":"Looter","floor":11.0,"turns":4.0},{"damage":5.0,"enemies":"Blue Slaver","floor":13.0,"turns":5.0},{"damage":33.0,"enemies":"Hexaghost","floor":16.0,"turns":12.0},{"damage":18.0,"enemies":"Spheric Guardian","floor":18.0,"turns":4.0},{"damage":18,"enemies":"2 Thieves","floor":19,"turns":3},{"damage":17,"enemies":"Centurion and Healer","floor":20,"turns":6},{"damage":20,"enemies":"Snake Plant","floor":21,"turns":5},{"damage":19,"enemies":"3 Cultists","floor":24,"turns":6},{"damage":8,"enemies":"Cultist and Chosen","floor":25,"turns":5},{"damage":10,"enemies":"Centurion and Healer","floor":27,"turns":5},{"damage":8,"enemies":"Shelled Parasite and Fungi","floor":29,"turns":7},{"damage":5,"enemies":"Book of Stabbing","floor":30,"turns":5},{"damage":31,"enemies":"Collector","floor":33,"turns":10},{"damage":28,"enemies":"Orb Walker","floor":35,"turns":4},{"damage":27,"enemies":"3 Darklings","floor":36,"turns":7},{"damage":0,"enemies":"Transient","floor":37,"turns":2},{"damage":35,"enemies":"Jaw Worm Horde","floor":39,"turns":4},{"damage":26,"enemies":"Nemesis","floor":40,"turns":7},{"damage":10,"enemies":"Writhing Mass","floor":45,"turns":6},{"damage":13,"enemies":"Sphere and 2 Shapes","floor":47,"turns":6},{"damage":32,"enemies":"Donu and Deca","floor":50,"turns":9}],"seed_played":"6536399004077233800","potions_obtained":[{"floor":1.0,"key":"AttackPotion"},{"floor":2.0,"key":"Dexterity Potion"},{"floor":5.0,"key":"SpeedPotion"},{"floor":6.0,"key":"PowerPotion"},{"floor":16.0,"key":"PowerPotion"},{"floor":20,"key":"Block Potion"},{"floor":21,"key":"Energy Potion"},{"floor":30,"key":"PowerPotion"},{"floor":33,"key":"SmokeBomb"},{"floor":39,"key":"Weak Potion"},{"floor":40,"key":"Poison Potion"},{"floor":45,"key":"GamblersBrew"}],"is_trial":false,"path_per_floor":["M","M","M","T","M","E","R","E","T","R","M","?","M","$","R","B",null,"M","M","M","M","$","R","M","M","T","M","R","M","E","?","R","B",null,"M","M","M","$","M","E","R","?","T","$","M","$","M","?","R","B",null],"character_chosen":"IRONCLAD","items_purchased":["Juggernaut","Bandage Up","Vajra","Oddly Smooth Stone"],"campfire_rested":0,"item_purchase_floors":[14,22,22,38],"current_hp_per_floor":[80,80,79,89,85,77,77,54,54,54,56,56,57,57,57,30,90,78,66,55,41,41,41,34,38,38,40,40,44,51,51,51,38,90,78,73,89,89,70,66,66,66,66,66,78,78,90,90,90,74],"gold":41,"neow_bonus":"TRANSFORM_CARD","is_prod":false,"is_daily":false,"chose_seed":false,"campfire_upgraded":8,"win_rate":0,"timestamp":1553871511,"path_taken":["M","M","M","?","M","E","R","E","T","R","M","?","M","$","R","BOSS","M","M","M","M","$","R","M","M","T","M","R","M","E","?","R","BOSS","M","M","M","$","M","E","R","?","T","$","?","$","M","?","R","BOSS"],"build_version":"2019-01-23","purchased_purges":5,"victory":true,"max_hp_per_floor":[80,80,80,90,90,90,90,90,90,90,90,90,90,90,90,90,90,90,90,90,90,90,90,90,90,90,90,90,90,90,90,90,90,90,90,90,90,90,90,90,90,90,90,90,90,90,90,90,90,90],"card_choices":[{"not_picked":["Clash","Fire Breathing","Anger"],"picked":"SKIP","floor":1.0},{"not_picked":["Armaments","Reckless Charge"],"picked":"Combust","floor":2.0},{"not_picked":["Headbutt","Twin Strike"],"picked":"True Grit","floor":3.0},{"not_picked":["Shrug It Off","Havoc"],"picked":"Metallicize","floor":5.0},{"not_picked":["Searing Blow","Hemokinesis"],"picked":"Burning Pact","floor":6.0},{"not_picked":["Bloodletting","Headbutt"],"picked":"Barricade","floor":8.0},{"not_picked":["Perfected Strike","Havoc"],"picked":"Iron Wave","floor":11.0},{"not_picked":["Headbutt","True Grit","Wild Strike"],"picked":"SKIP","floor":13.0},{"not_picked":["Juggernaut","Berserk"],"picked":"Offering","floor":16.0},{"not_picked":["Clothesline","Clash","Wild Strike"],"picked":"SKIP","floor":18},{"not_picked":["True Grit","Sword Boomerang","Second Wind"],"picked":"SKIP","floor":19},{"not_picked":["Sword Boomerang","Iron Wave+1","Second Wind"],"picked":"SKIP","floor":20},{"not_picked":["Perfected Strike+1","Dual Wield"],"picked":"Feel No Pain","floor":21},{"not_picked":["Sever Soul","Warcry"],"picked":"Shrug It Off","floor":24},{"not_picked":["Dual Wield+1","Searing Blow","Flex+1"],"picked":"SKIP","floor":25},{"not_picked":["Reckless Charge","Thunderclap"],"picked":"Disarm","floor":27},{"not_picked":["Cleave","Headbutt","Dual Wield"],"picked":"SKIP","floor":29},{"not_picked":["Twin Strike+1","Uppercut"],"picked":"Exhume","floor":30},{"not_picked":["Juggernaut","Immolate"],"picked":"Exhume","floor":33},{"not_picked":["Hemokinesis","Iron Wave+1","Inflame"],"picked":"SKIP","floor":35},{"not_picked":["Second Wind+1","Clothesline","Anger"],"picked":"SKIP","floor":36},{"not_picked":["Flex+1","Clash+1","Cleave+1"],"picked":"SKIP","floor":39},{"not_picked":["Bloodletting","Uppercut","Searing Blow"],"picked":"SKIP","floor":40},{"not_picked":["Sever Soul","Fiend Fire","Iron Wave"],"picked":"SKIP","floor":45},{"not_picked":["Reckless Charge+1","Clash+1"],"picked":"Feel No Pain","floor":47},{"not_picked":["Dark Shackles","PanicButton"],"picked":"Chrysalis","floor":48}],"player_experience":219340,"relics_obtained":[{"floor":4.0,"key":"Pear"},{"floor":6.0,"key":"Anchor"},{"floor":8.0,"key":"Smiling Mask"},{"floor":9.0,"key":"MawBank"},{"floor":26,"key":"Thread and Needle"},{"floor":30,"key":"PreservedInsect"},{"floor":40,"key":"Tiny Chest"},{"floor":43,"key":"Du-Vu Doll"}],"event_choices":[{"damage_healed":0.0,"max_hp_gain":0.0,"max_hp_loss":0.0,"gold_gain":0.0,"event_name":"Big Fish","player_choice":"Box","floor":12.0,"gold_loss":0.0,"damage_taken":0.0,"relics_obtained":["Pen Nib"],"cards_obtained":["Regret"]},{"damage_healed":0,"gold_gain":0,"player_choice":"Opened","damage_taken":0,"relics_obtained":["Orichalcum"],"max_hp_gain":0,"max_hp_loss":0,"event_name":"The Mausoleum","floor":31,"gold_loss":0,"cards_obtained":["Writhe"]},{"damage_healed":0,"gold_gain":0,"player_choice":"0 cards matched","damage_taken":0,"max_hp_gain":0,"max_hp_loss":0,"event_name":"Match and Keep!","floor":42,"gold_loss":0,"cards_obtained":[]},{"damage_healed":0,"gold_gain":0,"player_choice":"Memory 1","damage_taken":0,"max_hp_gain":0,"max_hp_loss":0,"event_name":"SensoryStone","floor":48,"gold_loss":0}],"is_beta":false,"boss_relics":[{"not_picked":["Runic Cube","Black Star"],"picked":"Coffee Dripper"},{"not_picked":["Cursed Key","White Beast Statue"],"picked":"Black Blood"}],"items_purged_floors":[14,22,38,44,46],"is_endless":false,"potions_floor_spawned":[1,2,5,6,16,20,21,30,33,39,40,45],"ascension_level":4}