{"gold_per_floor":[116,128,15,190,204,231,231,250,250,250,3,15,39,50,50,151,151,161,6,6,21,38,69,69,82,82,82,82,97,114,141,141,241,241,260,24,36,36,36],"floor_reached":39,"playtime":1368,"items_purged":["Decay","Doubt"],"score":428,"play_id":"7c7c95da-e682-4a39-9ce9-8b0d8a864de7","local_time":"20180909164321","is_ascension_mode":false,"campfire_choices":[{"floor":7,"key":"REST"},{"data":"Armaments","floor":10,"key":"SMITH"},{"data":"Perfected Strike","floor":15,"key":"SMITH"},{"floor":24,"key":"REST"},{"floor":32,"key":"REST"}],"neow_cost":"CURSE","seed_source_timestamp":1848867587776928,"circlet_count":0,"master_deck":["Strike_R","Strike_R","Strike_R","Strike_R","Strike_R","Defend_R","Defend_R","Defend_R","Defend_R","Bash","Immolate","Cleave","Bludgeon","Inflame","Perfected Strike+1","Pommel Strike","Armaments+1","Flex","Pummel","Infernal Blade","Battle Trance","Feed","Evolve+1","Reaper+1","Sword Boomerang","Wild Strike+1","Carnage+1","Pommel Strike+1","Dropkick","Perfected Strike","Clothesline","Immolate","Twin Strike","Twin Strike","Flex","Intimidate+1"],"relics":["Black Blood","Orichalcum","Smiling Mask","Regal Pillow","Odd Mushroom","Eternal Feather","Question Card","Letter Opener","Nilry\u0027s Codex","Red Mask","Whetstone"],"potions_floor_usage":[16,23,30,30,33],"damage_taken":[{"damage":0,"enemies":"2 Louse","floor":1,"turns":1},{"damage":3,"enemies":"Jaw Worm","floor":2,"turns":3},{"damage":10,"enemies":"Small Slimes","floor":5,"turns":2},{"damage":31,"enemies":"Lagavulin","floor":6,"turns":5},{"damage":4,"enemies":"Looter","floor":8,"turns":2},{"damage":0,"enemies":"3 Louse","floor":12,"turns":3},{"damage":3,"enemies":"The Mushroom Lair","floor":13,"turns":2},{"damage":10,"enemies":"Lots of Slimes","floor":14,"turns":3},{"damage":49,"enemies":"The Guardian","floor":16,"turns":8},{"damage":5,"enemies":"Spheric Guardian","floor":18,"turns":3},{"damage":18,"enemies":"3 Byrds","floor":21,"turns":5},{"damage":40,"enemies":"3 Cultists","floor":22,"turns":6},{"damage":21,"enemies":"Gremlin Leader","floor":23,"turns":4},{"damage":0,"enemies":"Snake Plant","floor":25,"turns":2},{"damage":40,"enemies":"Shelled Parasite and Fungi","floor":29,"turns":5},{"damage":10,"enemies":"Centurion and Healer","floor":30,"turns":4},{"damage":3,"enemies":"Masked Bandits","floor":31,"turns":3},{"damage":90,"enemies":"Automaton","floor":33,"turns":9},{"damage":35,"enemies":"3 Darklings","floor":35,"turns":6},{"damage":11,"enemies":"3 Shapes","floor":37,"turns":3},{"damage":63,"enemies":"Transient","floor":39,"turns":5}],"seed_played":"-5086237222448808362","potions_obtained":[{"floor":6,"key":"SpeedPotion"},{"floor":8,"key":"Regen Potion"},{"floor":13,"key":"Dexterity Potion"},{"floor":14,"key":"SteroidPotion"},{"floor":23,"key":"SteroidPotion"},{"floor":25,"key":"SteroidPotion"},{"floor":31,"key":"Energy Potion"}],"is_trial":false,"path_per_floor":["M","M","$","?","M","E","R","M","T","R","$","M","?","M","R","B",null,"M","$","?","M","M","E","R","M","T","?","?","M","M","?","R","B",null,"M","$","M","$"],"character_chosen":"IRONCLAD","items_purchased":["Inflame","Flex","Regal Pillow","Reaper","Whetstone","Twin Strike","Flex"],"campfire_rested":3,"item_purchase_floors":[3,11,11,19,36,36,36],"current_hp_per_floor":[80,80,80,80,76,51,75,77,77,77,77,80,80,76,76,45,80,80,80,65,59,51,36,88,88,88,72,72,38,34,37,88,16,88,63,63,62,62,0],"gold":36,"neow_bonus":"THREE_RARE_CARDS","is_prod":false,"is_daily":false,"chose_seed":false,"campfire_upgraded":2,"win_rate":0,"timestamp":1536504201,"path_taken":["M","M","$","?","M","E","R","M","T","R","$","M","?","?","R","BOSS","M","$","?","M","M","E","R","M","T","?","?","M","?","?","R","BOSS","M","?","M","$","M"],"build_version":"2018-09-06","purchased_purges":2,"victory":false,"max_hp_per_floor":[80,80,80,80,80,80,80,80,80,80,80,80,80,80,80,80,80,80,80,85,85,88,88,88,88,88,88,88,88,88,88,88,88,88,88,88,88,88,88],"card_choices":[{"not_picked":["Exhume","Dark Embrace"],"picked":"Immolate","floor":0},{"not_picked":["Shrug It Off","Havoc"],"picked":"Cleave","floor":1},{"not_picked":["Iron Wave","Shrug It Off"],"picked":"Bludgeon","floor":2},{"not_picked":["Flex","Pommel Strike"],"picked":"Perfected Strike","floor":5},{"not_picked":["Clash","Burning Pact"],"picked":"Pommel Strike","floor":6},{"not_picked":["Seeing Red","Corruption"],"picked":"Armaments","floor":8},{"not_picked":["Thunderclap","Headbutt"],"picked":"Pummel","floor":12},{"not_picked":["Uppercut","Headbutt"],"picked":"Infernal Blade","floor":13},{"not_picked":["Second Wind","Spot Weakness"],"picked":"Battle Trance","floor":14},{"not_picked":["Double Tap","Brutality"],"picked":"Feed","floor":16},{"not_picked":["Feel No Pain+1","Cleave"],"picked":"Evolve+1","floor":18},{"not_picked":["Pommel Strike","Second Wind"],"picked":"Sword Boomerang","floor":21},{"not_picked":["Flex","Whirlwind"],"picked":"Wild Strike+1","floor":22},{"not_picked":["Disarm+1","Entrench"],"picked":"Carnage+1","floor":23},{"not_picked":["Cleave","Anger+1","Feel No Pain"],"picked":"Pommel Strike","floor":25},{"not_picked":["Warcry+1","Body Slam","Pommel Strike+1"],"picked":"Dropkick","floor":29},{"not_picked":["Feel No Pain","Warcry","Fire Breathing"],"picked":"Perfected Strike","floor":30},{"not_picked":["Hemokinesis+1","Dark Embrace","Wild Strike"],"picked":"Clothesline","floor":31},{"not_picked":["Fiend Fire","Limit Break","Offering"],"picked":"Immolate","floor":33},{"not_picked":["Clothesline","Anger+1","Wild Strike"],"picked":"Twin Strike","floor":35},{"not_picked":["Warcry+1","Dual Wield+1","Anger"],"picked":"Intimidate+1","floor":37}],"player_experience":240053,"relics_obtained":[{"floor":6,"key":"Orichalcum"},{"floor":9,"key":"Smiling Mask"},{"floor":13,"key":"Odd Mushroom"},{"floor":23,"key":"Question Card"},{"floor":26,"key":"Letter Opener"},{"floor":27,"key":"Nilry\u0027s Codex"},{"floor":31,"key":"Red Mask"}],"event_choices":[{"event_name":"Liars Game","player_choice":"agreed","floor":4,"damage_taken":0},{"event_name":"Mushrooms","player_choice":"Fought Mushrooms","floor":13,"damage_taken":0},{"event_name":"Forgotten Altar","player_choice":"Shed Blood","floor":20,"damage_taken":0},{"event_name":"Cursed Tome","player_choice":"Obtained Book","floor":27,"damage_taken":0},{"event_name":"Ghosts","player_choice":"Ignored","floor":28,"damage_taken":0},{"event_name":"Masked Bandits","player_choice":"Fought Bandits","floor":31,"damage_taken":0}],"is_beta":false,"boss_relics":[{"not_picked":["Lizard Tail","Velvet Choker"],"picked":"Eternal Feather"},{"not_picked":["Astrolabe","Snecko Eye"],"picked":"Black Blood"}],"items_purged_floors":[3,11],"is_endless":false,"potions_floor_spawned":[6,8,13,14,23,25,31],"killed_by":"Transient","ascension_level":0}