{"gold_per_floor":[109,139,289,306,63,88,88,99,125,125,125,125,149,175,175,175],"floor_reached":16,"playtime":414,"items_purged":["Doubt"],"score":230,"play_id":"e206d0d0-9b2c-4713-acb4-2badfd54a428","local_time":"20190304053027","is_ascension_mode":true,"campfire_choices":[{"data":"Zap","floor":7,"key":"SMITH"},{"data":"Dualcast","floor":10,"key":"SMITH"},{"data":"Gash","floor":12,"key":"SMITH"},{"data":"Self Repair","floor":15,"key":"SMITH"}],"neow_cost":"NONE","seed_source_timestamp":1276084533477205,"circlet_count":0,"master_deck":["AscendersBane","Strike_B","Strike_B","Strike_B","Strike_B","Defend_B","Defend_B+1","Defend_B+1","Defend_B","Zap+1","Dualcast+1","Glacier","Self Repair+1","Gash+1"],"relics":["Cracked Core","NeowsBlessing","Tiny Chest","Bronze Scales","Prayer Wheel","War Paint","Dream Catcher"],"potions_floor_usage":[16],"damage_taken":[{"damage":0,"enemies":"Jaw Worm","floor":1,"turns":1},{"damage":0,"enemies":"Small Slimes","floor":4,"turns":1},{"damage":0,"enemies":"Gremlin Nob","floor":6,"turns":1},{"damage":0,"enemies":"2 Louse","floor":8,"turns":3},{"damage":66,"enemies":"Slime Boss","floor":16,"turns":11}],"seed_played":"-2304331163537682498","potions_obtained":[{"floor":4,"key":"Weak Potion"}],"is_trial":false,"path_per_floor":["M","?","?","M","$","E","R","M","T","R","?","R","T","T","R","B"],"character_chosen":"DEFECT","items_purchased":["Bronze Scales"],"campfire_rested":0,"item_purchase_floors":[5],"current_hp_per_floor":[64,59,59,59,59,59,59,59,59,59,64,64,64,64,64,0],"gold":175,"neow_bonus":"THREE_ENEMY_KILL","is_prod":false,"is_daily":false,"chose_seed":false,"campfire_upgraded":4,"win_rate":0,"timestamp":1551699027,"path_taken":["M","?","?","M","$","E","R","M","T","R","?","R","?","?","R","BOSS"],"build_version":"2019-01-23","purchased_purges":1,"victory":false,"max_hp_per_floor":[71,71,71,71,71,71,71,71,71,71,76,76,76,76,76,76],"card_choices":[{"not_picked":["Redo","White Noise"],"picked":"Glacier","floor":1},{"not_picked":["Rebound","Hello World","Hologram"],"picked":"SKIP","floor":4},{"not_picked":["Coolheaded","Sweeping Beam"],"picked":"Self Repair","floor":6},{"not_picked":["Force Field","Rebound"],"picked":"Gash","floor":8},{"not_picked":["Sweeping Beam","Rebound","Self Repair"],"picked":"SKIP","floor":8}],"player_experience":623615,"relics_obtained":[{"floor":6,"key":"Prayer Wheel"},{"floor":13,"key":"War Paint"},{"floor":14,"key":"Dream Catcher"}],"event_choices":[{"damage_healed":0,"gold_gain":0,"player_choice":"Success","damage_taken":5,"relics_obtained":["Tiny Chest"],"max_hp_gain":0,"max_hp_loss":0,"event_name":"Scrap Ooze","floor":2,"gold_loss":0},{"damage_healed":0,"gold_gain":150,"player_choice":"AGREE","damage_taken":0,"max_hp_gain":0,"max_hp_loss":0,"event_name":"Liars Game","floor":3,"gold_loss":0,"cards_obtained":["Doubt"]},{"damage_healed":0,"gold_gain":0,"player_choice":"Donut","damage_taken":0,"max_hp_gain":5,"max_hp_loss":0,"event_name":"Big Fish","floor":11,"gold_loss":0}],"is_beta":false,"boss_relics":[],"items_purged_floors":[5],"is_endless":false,"potions_floor_spawned":[4],"killed_by":"Slime Boss","ascension_level":18}