{"gold_per_floor":[111,125,125,138,150,169,169,204,204,238,93,123,123,136,136,238,238,254,8,8,25,36,36,36,36,90,100,113,140,140,170,170,269,269,281,294,294,65,84,84,84,114,139,139,155,182,182,194,194,194],"floor_reached":51,"playtime":3184,"items_purged":["Strike_G"],"score":945,"play_id":"0c5ef5a4-face-485a-940c-6695d9c83187","local_time":"20190421183008","is_ascension_mode":true,"campfire_choices":[{"data":"Catalyst","floor":7,"key":"SMITH"},{"floor":15,"key":"REST"},{"data":"Neutralize","floor":23,"key":"SMITH"},{"data":"Envenom","floor":25,"key":"SMITH"},{"data":"Skewer","floor":30,"key":"SMITH"},{"floor":32,"key":"REST"},{"data":"Footwork","floor":40,"key":"SMITH"},{"floor":41,"key":"REST"},{"data":"Well Laid Plans","floor":44,"key":"SMITH"},{"floor":47,"key":"REST"},{"floor":49,"key":"REST"}],"neow_cost":"NONE","seed_source_timestamp":431267617950294,"circlet_count":0,"master_deck":["Defend_G+1","Defend_G","Defend_G","Defend_G","Defend_G","Strike_G","Strike_G","Strike_G","Strike_G","Survivor+1","Neutralize+1","Backflip+1","Deadly Poison","Catalyst+1","Bane","Poisoned Stab","Well Laid Plans+1","Skewer+1","Deadly Poison","Envenom+1","Backflip+1","Terror","Predator+1","Writhe","Footwork+1","Parasite"],"relics":["Ring of the Snake","Anchor","Paper Crane","War Paint","Ice Cream","Bronze Scales","Busted Crown","Shuriken","Calipers","Snake Skull","Art of War","WingedGreaves","Black Star","Regal Pillow","Tough Bandages","Orichalcum","Blood Vial","Sundial","Pen Nib"],"potions_floor_usage":[8,10,12,14,22,31,46,46,50,50],"damage_taken":[{"damage":0,"enemies":"Small Slimes","floor":1,"turns":3},{"damage":0,"enemies":"Cultist","floor":2,"turns":5},{"damage":0,"enemies":"2 Louse","floor":4,"turns":2},{"damage":8,"enemies":"Exordium Wildlife","floor":5,"turns":4},{"damage":4,"enemies":"Large Slime","floor":6,"turns":5},{"damage":17,"enemies":"Lagavulin","floor":8,"turns":5},{"damage":18,"enemies":"3 Sentries","floor":10,"turns":10},{"damage":23,"enemies":"Gremlin Nob","floor":12,"turns":4},{"damage":0,"enemies":"Lots of Slimes","floor":14,"turns":4},{"damage":24,"enemies":"Hexaghost","floor":16,"turns":7},{"damage":5,"enemies":"3 Byrds","floor":18,"turns":6},{"damage":0,"enemies":"Chosen","floor":21,"turns":3},{"damage":10,"enemies":"3 Cultists","floor":22,"turns":6},{"damage":5,"enemies":"Snecko","floor":27,"turns":3},{"damage":0,"enemies":"Snake Plant","floor":28,"turns":3},{"damage":21,"enemies":"Book of Stabbing","floor":29,"turns":4},{"damage":21,"enemies":"Slavers","floor":31,"turns":4},{"damage":10,"enemies":"Champ","floor":33,"turns":6},{"damage":42,"enemies":"3 Darklings","floor":35,"turns":6},{"damage":0,"enemies":"3 Shapes","floor":36,"turns":6},{"damage":11,"enemies":"Writhing Mass","floor":39,"turns":6},{"damage":0,"enemies":"Nemesis","floor":42,"turns":7},{"damage":2,"enemies":"Jaw Worm Horde","floor":45,"turns":6},{"damage":38,"enemies":"Reptomancer","floor":46,"turns":7},{"damage":23,"enemies":"Spire Growth","floor":48,"turns":4},{"damage":44,"enemies":"Time Eater","floor":50,"turns":7}],"seed_played":"6815259690828740921","potions_obtained":[{"floor":5,"key":"FearPotion"},{"floor":6,"key":"LiquidBronze"},{"floor":10,"key":"Regen Potion"},{"floor":12,"key":"EssenceOfSteel"},{"floor":18,"key":"Block Potion"},{"floor":21,"key":"GhostInAJar"},{"floor":28,"key":"LiquidBronze"},{"floor":29,"key":"Energy Potion"},{"floor":42,"key":"Dexterity Potion"},{"floor":46,"key":"AttackPotion"}],"is_trial":false,"path_per_floor":["M","M","?","M","M","M","R","E","T","E","$","E","?","M","R","B",null,"M","$","?","M","M","R","?","R","T","M","M","E","R","E","R","B",null,"M","M","?","$","M","R","R","E","T","R","M","E","R","M","R","B",null],"character_chosen":"THE_SILENT","items_purchased":["Skewer","Shuriken","Footwork","Regal Pillow"],"campfire_rested":5,"item_purchase_floors":[11,19,38,38],"current_hp_per_floor":[77,77,77,77,69,65,65,48,48,30,30,16,9,9,32,8,77,72,72,72,72,62,62,62,62,62,57,57,36,36,15,38,28,77,35,35,54,54,43,43,77,77,77,77,75,39,77,54,77,33],"gold":194,"neow_bonus":"TEN_PERCENT_HP_BONUS","is_prod":false,"is_daily":false,"chose_seed":false,"campfire_upgraded":6,"win_rate":0,"timestamp":1555867808,"path_taken":["M","M","?","M","M","M","R","E","T","E","?","E","?","?","R","BOSS","M","$","?","M","M","R","?","R","T","M","M","E","R","E","R","BOSS","M","?","?","$","M","R","R","E","T","R","M","E","R","M","R","BOSS"],"build_version":"2019-01-23","purchased_purges":1,"victory":true,"max_hp_per_floor":[77,77,77,77,77,77,77,77,77,77,77,77,77,77,77,77,77,77,77,77,77,77,77,77,77,77,77,77,77,77,77,77,77,77,77,77,77,77,77,77,77,77,77,77,77,77,77,77,77,77],"card_choices":[{"not_picked":["Prepared","PiercingWail"],"picked":"Backflip","floor":1},{"not_picked":["PiercingWail","Finisher"],"picked":"Deadly Poison","floor":2},{"not_picked":["Dodge and Roll","Dagger Spray"],"picked":"Catalyst","floor":4},{"not_picked":["Catalyst","Eviscerate"],"picked":"Bane","floor":5},{"not_picked":["Acrobatics","Blade Dance"],"picked":"Poisoned Stab","floor":6},{"not_picked":["Masterful Stab","Underhanded Strike","Sucker Punch"],"picked":"SKIP","floor":8},{"not_picked":["Burst","Flying Knee"],"picked":"Well Laid Plans","floor":10},{"not_picked":["Tactician","Sucker Punch","Backflip"],"picked":"SKIP","floor":12},{"not_picked":["Outmaneuver","Quick Slash"],"picked":"Deadly Poison","floor":14},{"not_picked":["After Image","Die Die Die"],"picked":"Envenom","floor":16},{"not_picked":[],"picked":"Backflip+1","floor":18},{"not_picked":["Reflex"],"picked":"SKIP","floor":21},{"not_picked":["Sucker Punch"],"picked":"SKIP","floor":22},{"not_picked":["Dagger Throw+1"],"picked":"SKIP","floor":27},{"not_picked":[],"picked":"Terror","floor":28},{"not_picked":["Flechettes"],"picked":"SKIP","floor":29},{"not_picked":[],"picked":"Predator+1","floor":31},{"not_picked":["Flechettes"],"picked":"SKIP","floor":35},{"not_picked":["Underhanded Strike"],"picked":"SKIP","floor":36},{"not_picked":["Underhanded Strike"],"picked":"SKIP","floor":39},{"not_picked":["Dodge and Roll"],"picked":"SKIP","floor":42},{"not_picked":["Deflect"],"picked":"SKIP","floor":45},{"not_picked":["Acrobatics"],"picked":"SKIP","floor":46},{"not_picked":["Slice"],"picked":"SKIP","floor":48}],"player_experience":500607,"relics_obtained":[{"floor":8,"key":"Anchor"},{"floor":9,"key":"Paper Crane"},{"floor":10,"key":"War Paint"},{"floor":12,"key":"Ice Cream"},{"floor":26,"key":"Snake Skull"},{"floor":29,"key":"Art of War"},{"floor":31,"key":"WingedGreaves"},{"floor":42,"key":"Tough Bandages"},{"floor":42,"key":"Orichalcum"},{"floor":43,"key":"Blood Vial"},{"floor":46,"key":"Sundial"},{"floor":46,"key":"Pen Nib"}],"event_choices":[{"damage_healed":0,"gold_gain":0,"player_choice":"Upgraded","damage_taken":0,"max_hp_gain":0,"max_hp_loss":0,"event_name":"Upgrade Shrine","floor":3,"gold_loss":0,"cards_upgraded":["Backflip"]},{"damage_healed":0,"gold_gain":0,"player_choice":"Success","damage_taken":7,"relics_obtained":["Bronze Scales"],"max_hp_gain":0,"max_hp_loss":0,"event_name":"Scrap Ooze","floor":13,"gold_loss":0},{"damage_healed":0,"gold_gain":0,"player_choice":"Opened","damage_taken":0,"relics_obtained":["Calipers"],"max_hp_gain":0,"max_hp_loss":0,"event_name":"The Mausoleum","floor":20,"gold_loss":0,"cards_obtained":["Writhe"]},{"cards_removed":["Writhe"],"damage_healed":0,"gold_gain":0,"player_choice":"Purged","damage_taken":0,"max_hp_gain":0,"max_hp_loss":0,"event_name":"Purifier","floor":24,"gold_loss":0},{"damage_healed":19,"gold_gain":0,"player_choice":"Writhe","damage_taken":0,"max_hp_gain":0,"max_hp_loss":0,"event_name":"Winding Halls","floor":37,"gold_loss":0,"cards_obtained":["Writhe"]}],"is_beta":false,"boss_relics":[{"not_picked":["Coffee Dripper","Lizard Tail"],"picked":"Busted Crown"},{"not_picked":["Philosopher\u0027s Stone","WristBlade"],"picked":"Black Star"}],"items_purged_floors":[11],"is_endless":false,"potions_floor_spawned":[5,6,10,12,18,21,28,29,42,45,46],"ascension_level":4}