{"gold_per_floor":[110,110,126,126,137,137,137,195,195,195,208,208,230,248,248,352,352,369,380,380,61,79,109,109,128,128,6,25,25,25,25,25,126,126,136,136,13,25,25,25,40,58,82,82,129,0,0,16,16,16],"floor_reached":51,"playtime":3283,"items_purged":["Heavy Blade","Armaments"],"score":655,"play_id":"e7036a36-4221-4563-ba34-e1bbfebac419","local_time":"20190316155042","is_ascension_mode":false,"campfire_choices":[{"data":"Pommel Strike","floor":6.0,"key":"SMITH"},{"data":"Limit Break","floor":10.0,"key":"SMITH"},{"data":"Flame Barrier","floor":12.0,"key":"SMITH"},{"floor":15.0,"key":"REST"},{"floor":24.0,"key":"REST"},{"data":"Armaments","floor":30.0,"key":"SMITH"},{"data":"Inflame","floor":32.0,"key":"SMITH"},{"data":"Demon Form","floor":40,"key":"SMITH"},{"data":"True Grit","floor":44,"key":"SMITH"},{"data":"Bash","floor":49,"key":"SMITH"}],"neow_cost":"NONE","seed_source_timestamp":79593513406517,"circlet_count":0,"master_deck":["Bash+1","Pommel Strike+1","Limit Break+1","Flame Barrier+1","Inflame+1","Impervious","Reaper","True Grit+1","True Grit+1","Ghostly Armor+1","Searing Blow","Iron Wave","Demon Form+1","Heavy Blade+1","Warcry+1","Spot Weakness+1","Shockwave+1"],"special_seed":0,"relics":["Snecko Eye","Pantograph","WingedGreaves","Bottled Lightning","Odd Mushroom","Pandora\u0027s Box","Boot","Membership Card","Ancient Tea Set","Oddly Smooth Stone","Omamori","Meat on the Bone","Cursed Key","Frozen Egg 2","War Paint","Juzu Bracelet","Incense Burner","Red Mask"],"potions_floor_usage":[50,50],"damage_taken":[{"damage":0.0,"enemies":"Small Slimes","floor":1.0,"turns":3.0},{"damage":0.0,"enemies":"2 Louse","floor":3.0,"turns":3.0},{"damage":0.0,"enemies":"Cultist","floor":5.0,"turns":2.0},{"damage":6.0,"enemies":"Gremlin Nob","floor":8.0,"turns":3.0},{"damage":15.0,"enemies":"Lots of Slimes","floor":11.0,"turns":3.0},{"damage":21.0,"enemies":"The Mushroom Lair","floor":13.0,"turns":4.0},{"damage":3.0,"enemies":"3 Louse","floor":14.0,"turns":3.0},{"damage":28.0,"enemies":"Slime Boss","floor":16.0,"turns":8.0},{"damage":0.0,"enemies":"Chosen","floor":18.0,"turns":6.0},{"damage":0.0,"enemies":"3 Byrds","floor":19.0,"turns":2.0},{"damage":8.0,"enemies":"Centurion and Healer","floor":22.0,"turns":7.0},{"damage":89.0,"enemies":"Gremlin Leader","floor":23.0,"turns":8.0},{"damage":20.0,"enemies":"3 Cultists","floor":25.0,"turns":7.0},{"damage":0.0,"enemies":"Cultist and Chosen","floor":28.0,"turns":8.0},{"damage":2,"enemies":"Champ","floor":33,"turns":12},{"damage":0,"enemies":"Orb Walker","floor":35,"turns":5},{"damage":33,"enemies":"3 Darklings","floor":38,"turns":5},{"damage":1,"enemies":"Maw","floor":41,"turns":5},{"damage":0,"enemies":"Spire Growth","floor":42,"turns":4},{"damage":22,"enemies":"2 Orb Walkers","floor":45,"turns":5},{"damage":1,"enemies":"3 Darklings","floor":48,"turns":3},{"damage":103,"enemies":"Time Eater","floor":50,"turns":13}],"seed_played":"5532780546261131558","potions_obtained":[{"floor":11.0,"key":"FearPotion"},{"floor":13.0,"key":"SpeedPotion"},{"floor":14.0,"key":"Weak Potion"},{"floor":19.0,"key":"Poison Potion"},{"floor":25.0,"key":"SteroidPotion"},{"floor":35,"key":"PowerPotion"}],"is_trial":false,"path_per_floor":["M","?","M","?","M","R","?","?","T","R","M","R","?","M","R","B",null,"M","M","?","$","M","E","R","M","T","$","M","$","R","?","R","B",null,"M","T","$","M","$","R","M","M","T","R","?","?","?","M","R","B",null],"character_chosen":"IRONCLAD","items_purchased":["Membership Card","Ancient Tea Set","Meat on the Bone","War Paint"],"campfire_rested":2,"item_purchase_floors":[21,21,27,37],"current_hp_per_floor":[80,55,55,55,55,55,55,49,49,49,34,34,13,10,34,31,80,80,80,80,80,79,7,31,26,26,26,49,49,49,49,49,80,80,80,80,80,47,47,47,80,80,80,80,80,80,80,80,80,13],"gold":16,"neow_bonus":"BOSS_RELIC","is_prod":false,"is_daily":false,"chose_seed":false,"campfire_upgraded":8,"win_rate":0,"timestamp":1552765842,"path_taken":["M","?","M","?","M","R","?","?","T","R","M","R","?","M","R","BOSS","M","M","?","$","?","E","R","M","T","$","M","?","R","?","R","BOSS","M","?","$","M","$","R","M","M","T","R","?","?","?","M","R","BOSS"],"build_version":"2019-01-23","purchased_purges":2,"victory":true,"max_hp_per_floor":[80,80,80,80,80,80,80,80,80,80,80,80,80,80,80,80,80,80,80,80,80,80,80,80,80,80,80,80,80,80,80,80,80,80,80,80,80,80,80,80,80,80,80,80,80,80,80,80,80,80],"card_choices":[{"not_picked":["Heavy Blade","True Grit"],"picked":"Pommel Strike","floor":1.0},{"not_picked":["Twin Strike","Rampage","Clash"],"picked":"SKIP","floor":3.0},{"not_picked":["Combust","Dual Wield"],"picked":"Limit Break","floor":5.0},{"not_picked":["Clash","Body Slam"],"picked":"Flame Barrier","floor":11.0},{"not_picked":["Intimidate","Thunderclap"],"picked":"Armaments","floor":13.0},{"not_picked":["Shrug It Off","Headbutt"],"picked":"Inflame","floor":14.0},{"not_picked":["Barricade","Feed"],"picked":"Impervious","floor":16.0},{"not_picked":["Fire Breathing+1","Thunderclap","Sword Boomerang"],"picked":"SKIP","floor":18.0},{"not_picked":["Twin Strike","Combust","Iron Wave"],"picked":"SKIP","floor":19.0},{"not_picked":["Clash","Cleave","True Grit"],"picked":"SKIP","floor":22.0},{"not_picked":["Feel No Pain","Clash+1","Brutality"],"picked":"SKIP","floor":23.0},{"not_picked":["Carnage","Sentinel","Clash+1"],"picked":"SKIP","floor":25.0},{"not_picked":["Havoc","Flex","Iron Wave"],"picked":"SKIP","floor":28.0},{"not_picked":["Impervious","Immolate"],"picked":"Demon Form","floor":33},{"not_picked":["Thunderclap","Shrug It Off"],"picked":"Heavy Blade+1","floor":35},{"not_picked":["Clash+1","Rage","True Grit+1"],"picked":"SKIP","floor":38},{"not_picked":["Shrug It Off","Clash+1","Perfected Strike"],"picked":"SKIP","floor":41},{"not_picked":["Flex+1","Sword Boomerang"],"picked":"Warcry+1","floor":42},{"not_picked":["Flex","Rampage"],"picked":"Spot Weakness+1","floor":45},{"not_picked":["Combust+1","Seeing Red+1"],"picked":"Shockwave+1","floor":48}],"player_experience":670280,"relics_obtained":[{"floor":8.0,"key":"WingedGreaves"},{"floor":9.0,"key":"Bottled Lightning"},{"floor":13.0,"key":"Odd Mushroom"},{"floor":23.0,"key":"Oddly Smooth Stone"},{"floor":26.0,"key":"Omamori"},{"floor":36,"key":"Frozen Egg 2"},{"floor":43,"key":"Juzu Bracelet"},{"floor":45,"key":"Incense Burner"}],"event_choices":[{"damage_healed":0.0,"max_hp_gain":0.0,"max_hp_loss":0.0,"gold_gain":0.0,"event_name":"Scrap Ooze","player_choice":"Success","floor":2.0,"gold_loss":0.0,"damage_taken":25.0,"relics_obtained":["Pantograph"]},{"cards_removed":["Strike_R"],"damage_healed":0.0,"max_hp_gain":0.0,"max_hp_loss":0.0,"gold_gain":0.0,"event_name":"Living Wall","player_choice":"Forget","floor":4.0,"gold_loss":0.0,"damage_taken":0.0},{"damage_healed":0.0,"max_hp_gain":0.0,"max_hp_loss":0.0,"gold_gain":0.0,"event_name":"Liars Game","player_choice":"Ignored","floor":7.0,"gold_loss":0.0,"damage_taken":0.0},{"damage_healed":0.0,"max_hp_gain":0.0,"max_hp_loss":0.0,"gold_gain":0.0,"event_name":"Dead Adventurer","player_choice":"Searched \u00271\u0027 times","floor":8.0,"gold_loss":0.0,"damage_taken":0.0},{"damage_healed":0.0,"max_hp_gain":0.0,"max_hp_loss":0.0,"gold_gain":0.0,"event_name":"Mushrooms","player_choice":"Fought Mushrooms","floor":13.0,"gold_loss":0.0,"damage_taken":0.0},{"damage_healed":0.0,"max_hp_gain":0.0,"max_hp_loss":0.0,"gold_gain":0.0,"event_name":"WeMeetAgain","player_choice":"Gave Potion","floor":20.0,"gold_loss":0.0,"damage_taken":0.0,"relics_obtained":["Boot"]},{"cards_removed":["Ghostly Armor"],"damage_healed":0.0,"max_hp_gain":0.0,"max_hp_loss":0.0,"gold_gain":0.0,"event_name":"NoteForYourself","player_choice":"Took Card","floor":31.0,"gold_loss":0.0,"damage_taken":0.0,"cards_obtained":["Iron Wave"]},{"damage_healed":0,"gold_gain":0,"player_choice":"Fight","damage_taken":0,"max_hp_gain":0,"max_hp_loss":0,"event_name":"Mysterious Sphere","floor":45,"gold_loss":0},{"damage_healed":0,"gold_gain":0,"player_choice":"Paid","damage_taken":0,"relics_obtained":["Red Mask"],"max_hp_gain":0,"max_hp_loss":0,"event_name":"Tomb of Lord Red Mask","floor":46,"gold_loss":129},{"cards_removed":["Armaments"],"damage_healed":0,"gold_gain":0,"player_choice":"Removed Skill","damage_taken":0,"max_hp_gain":0,"max_hp_loss":0,"event_name":"Falling","floor":47,"gold_loss":0}],"is_beta":false,"boss_relics":[{"not_picked":["Philosopher\u0027s Stone","White Beast Statue"],"picked":"Pandora\u0027s Box"},{"not_picked":["Tiny House","Orrery"],"picked":"Cursed Key"}],"items_purged_floors":[21,37],"is_endless":false,"potions_floor_spawned":[11,13,14,16,19,25,35,38,41],"ascension_level":0}