{"gold_per_floor":[110,60,70,86,106,106,106,31,31,45,58,58,77,95,95,196,196,215,215,215,233,252,252,177,177,177,205,216,16,31,51,51,148,148,168,168,168,180,30,30,47,47,95,114,131,141,1,12,12,12],"floor_reached":50,"playtime":1067,"items_purged":["Regret","Defend_R"],"score":462,"play_id":"8412f4f0-f5e1-46e5-ab1e-733b1e6155f1","local_time":"20190227171411","is_ascension_mode":false,"campfire_choices":[{"data":"Immolate","floor":6.0,"key":"SMITH"},{"data":"Perfected Strike","floor":12.0,"key":"SMITH"},{"data":"Wild Strike","floor":15.0,"key":"SMITH"},{"data":"Reaper","floor":23.0,"key":"SMITH"},{"data":"Flame Barrier","floor":25.0,"key":"SMITH"},{"floor":32,"key":"REST"},{"data":"Bash","floor":40,"key":"SMITH"},{"floor":42,"key":"REST"},{"floor":49,"key":"REST"}],"neow_cost":"NONE","seed_source_timestamp":761115122990675,"circlet_count":0,"master_deck":["Strike_R","Strike_R","Strike_R","Strike_R","Strike_R","Bash+1","Perfected Strike+1","Twin Strike","True Grit","Immolate+1","Wild Strike+1","Thunderclap","Reaper+1","Warcry+1","Flame Barrier+1","Warcry+1","Dropkick+1","Dropkick+1","Twin Strike+1","Armaments+1","Immolate+1","Twin Strike+1","Feed+1","Parasite","Perfected Strike+1","Corruption","Pommel Strike+1"],"special_seed":0,"relics":["Runic Dome","Meat on the Bone","Oddly Smooth Stone","Sozu","Molten Egg 2","Paper Frog","Orichalcum","Philosopher\u0027s Stone","Bronze Scales"],"potions_floor_usage":[33],"damage_taken":[{"damage":2.0,"enemies":"Small Slimes","floor":1.0,"turns":3.0},{"damage":1.0,"enemies":"Jaw Worm","floor":3.0,"turns":2.0},{"damage":0.0,"enemies":"Cultist","floor":4.0,"turns":2.0},{"damage":0.0,"enemies":"Looter","floor":5.0,"turns":2.0},{"damage":1.0,"enemies":"Blue Slaver","floor":10.0,"turns":2.0},{"damage":13.0,"enemies":"2 Fungi Beasts","floor":11.0,"turns":3.0},{"damage":5.0,"enemies":"Lots of Slimes","floor":13.0,"turns":3.0},{"damage":8.0,"enemies":"Gremlin Gang","floor":14.0,"turns":2.0},{"damage":34.0,"enemies":"Hexaghost","floor":16.0,"turns":6.0},{"damage":10.0,"enemies":"Spheric Guardian","floor":18.0,"turns":3.0},{"damage":0.0,"enemies":"3 Byrds","floor":21.0,"turns":2.0},{"damage":10.0,"enemies":"Cultist and Chosen","floor":22.0,"turns":4.0},{"damage":26.0,"enemies":"Book of Stabbing","floor":27.0,"turns":3.0},{"damage":20.0,"enemies":"Centurion and Healer","floor":28.0,"turns":2.0},{"damage":0,"enemies":"Snake Plant","floor":30,"turns":2},{"damage":9,"enemies":"Snecko","floor":31,"turns":3},{"damage":80,"enemies":"Automaton","floor":33,"turns":9},{"damage":6,"enemies":"3 Darklings","floor":35,"turns":3},{"damage":16,"enemies":"Orb Walker","floor":38,"turns":3},{"damage":46,"enemies":"Writhing Mass","floor":41,"turns":5},{"damage":9,"enemies":"Transient","floor":44,"turns":5},{"damage":9,"enemies":"Sphere and 2 Shapes","floor":45,"turns":3},{"damage":16,"enemies":"4 Shapes","floor":46,"turns":2},{"damage":0,"enemies":"Maw","floor":48,"turns":4},{"damage":105,"enemies":"Donu and Deca","floor":50,"turns":5}],"seed_played":"8093201105470759927","potions_obtained":[{"floor":1.0,"key":"SpeedPotion"},{"floor":3.0,"key":"Swift Potion"},{"floor":10.0,"key":"LiquidBronze"},{"floor":14.0,"key":"LiquidBronze"}],"is_trial":false,"path_per_floor":["M","?","M","M","M","R","?","$","T","M","M","R","M","M","R","B",null,"M","?","?","M","M","R","?","R","T","E","M","$","M","M","R","B",null,"M","?","?","M","$","R","M","R","T","M","M","M","$","M","R","B"],"character_chosen":"IRONCLAD","items_purchased":["Orichalcum","Twin Strike+1","Feed+1","Corruption"],"campfire_rested":3,"item_purchase_floors":[29,29,39,47],"current_hp_per_floor":[78,78,77,77,77,77,77,77,77,76,63,63,58,50,50,28,80,70,70,70,79,74,74,74,74,74,48,50,50,50,49,73,15,80,74,74,86,70,70,70,41,66,66,65,56,55,55,61,86,0],"gold":12,"neow_bonus":"BOSS_RELIC","is_prod":false,"is_daily":false,"chose_seed":false,"campfire_upgraded":6,"win_rate":0,"timestamp":1551305651,"path_taken":["M","?","M","M","M","R","?","$","T","?","M","R","M","M","R","BOSS","M","?","?","M","?","R","?","R","T","E","M","$","M","M","R","BOSS","M","?","?","M","$","R","M","R","T","?","M","M","?","?","R","BOSS"],"build_version":"2019-01-23","purchased_purges":2,"victory":false,"max_hp_per_floor":[80,80,80,80,80,80,80,80,80,80,80,80,80,80,80,80,80,80,80,80,80,80,80,80,80,80,80,80,80,80,80,80,80,80,80,76,86,86,86,86,86,86,86,86,86,86,86,86,86,86],"card_choices":[{"not_picked":["Anger","Battle Trance"],"picked":"Perfected Strike","floor":1.0},{"not_picked":["Warcry","Disarm"],"picked":"Twin Strike","floor":3.0},{"not_picked":["Body Slam","Cleave"],"picked":"True Grit","floor":4.0},{"not_picked":["Heavy Blade","True Grit"],"picked":"Immolate","floor":5.0},{"not_picked":["Whirlwind","Rupture"],"picked":"Wild Strike","floor":10.0},{"not_picked":["Havoc","Thunderclap","Clothesline"],"picked":"SKIP","floor":11.0},{"not_picked":["Sword Boomerang","Sever Soul","Fire Breathing"],"picked":"SKIP","floor":13.0},{"not_picked":["Dual Wield","Flex"],"picked":"Thunderclap","floor":14.0},{"not_picked":["Fiend Fire","Juggernaut"],"picked":"Reaper","floor":16.0},{"not_picked":["Heavy Blade","Pummel"],"picked":"Warcry+1","floor":18.0},{"not_picked":["Anger","Inflame","Armaments"],"picked":"SKIP","floor":21.0},{"not_picked":["Heavy Blade","Shrug It Off"],"picked":"Warcry+1","floor":22.0},{"not_picked":["Carnage+1","Body Slam+1"],"picked":"Dropkick+1","floor":27.0},{"not_picked":["Shrug It Off","Pommel Strike+1"],"picked":"Dropkick+1","floor":28.0},{"not_picked":["Fire Breathing","Sword Boomerang+1"],"picked":"Armaments+1","floor":30},{"not_picked":["Bloodletting+1","Clothesline+1"],"picked":"Immolate+1","floor":31},{"not_picked":["Limit Break","Dark Embrace"],"picked":"Bludgeon+1","floor":33},{"not_picked":["Sword Boomerang+1","Havoc+1"],"picked":"Twin Strike+1","floor":35},{"not_picked":["Headbutt+1","Clash+1","Anger+1"],"picked":"SKIP","floor":38},{"not_picked":["Armaments+1","Searing Blow+1","True Grit+1"],"picked":"SKIP","floor":41},{"not_picked":["Anger+1","Sword Boomerang+1","Body Slam+1"],"picked":"SKIP","floor":44},{"not_picked":["Armaments","Limit Break","Hemokinesis+1"],"picked":"SKIP","floor":45},{"not_picked":["Warcry","Headbutt+1"],"picked":"Perfected Strike+1","floor":46},{"not_picked":["Warcry+1","Twin Strike+1"],"picked":"Pommel Strike+1","floor":48}],"player_experience":666792,"relics_obtained":[{"floor":9.0,"key":"Oddly Smooth Stone"},{"floor":26.0,"key":"Molten Egg 2"},{"floor":27.0,"key":"Paper Frog"},{"floor":43,"key":"Bronze Scales"}],"event_choices":[{"cards_removed":["Defend_R"],"damage_healed":0.0,"max_hp_gain":0.0,"max_hp_loss":0.0,"gold_gain":0.0,"event_name":"The Cleric","player_choice":"Card Removal","floor":2.0,"gold_loss":50.0,"damage_taken":0.0},{"damage_healed":0.0,"max_hp_gain":0.0,"max_hp_loss":0.0,"gold_gain":0.0,"event_name":"Big Fish","player_choice":"Box","floor":7.0,"gold_loss":0.0,"damage_taken":0.0,"relics_obtained":["Meat on the Bone"],"cards_obtained":["Regret"]},{"damage_healed":0.0,"max_hp_gain":0.0,"max_hp_loss":0.0,"gold_gain":0.0,"event_name":"Ghosts","player_choice":"Ignored","floor":19.0,"gold_loss":0.0,"damage_taken":0.0},{"damage_healed":0.0,"max_hp_gain":0.0,"max_hp_loss":0.0,"gold_gain":0.0,"cards_transformed":["Defend_R"],"event_name":"Transmorgrifier","player_choice":"Transformed","floor":20.0,"gold_loss":0.0,"damage_taken":0.0,"cards_obtained":["Flame Barrier"]},{"cards_removed":["Defend_R"],"damage_healed":0.0,"max_hp_gain":0.0,"max_hp_loss":0.0,"gold_gain":0.0,"event_name":"Beggar","player_choice":"Gave Gold","floor":24.0,"gold_loss":75.0,"damage_taken":0.0},{"damage_healed":0,"gold_gain":0,"player_choice":"Max HP","damage_taken":0,"max_hp_gain":0,"max_hp_loss":4,"event_name":"Winding Halls","floor":36,"gold_loss":0},{"cards_removed":["Bludgeon"],"damage_healed":2,"gold_gain":0,"player_choice":"Offered Rare","damage_taken":0,"max_hp_gain":10,"max_hp_loss":0,"event_name":"Bonfire Elementals","floor":37,"gold_loss":0}],"is_beta":false,"boss_relics":[{"not_picked":["Eternal Feather","Runic Pyramid"],"picked":"Sozu"},{"not_picked":["Coffee Dripper","Pandora\u0027s Box"],"picked":"Philosopher\u0027s Stone"}],"items_purged_floors":[8,47],"is_endless":false,"potions_floor_spawned":[1,3,10,14,18,21,28,31,35,41,44,46],"killed_by":"Donu and Deca","ascension_level":0}