{"gold_per_floor":[116,129,184,200,200,200,212,212,237,8,28,28,46,61,61,165,165,184,109,122,133,147,147,247,247,247,247,263,281,295,312,312,312],"floor_reached":33,"playtime":1081,"items_purged":[],"score":245,"play_id":"95fe6aa4-3fec-4a9b-b105-87d3a3a1669f","local_time":"20181206202926","is_ascension_mode":false,"campfire_choices":[{"data":"Clothesline","floor":6,"key":"SMITH"},{"floor":15,"key":"REST"},{"floor":23,"key":"REST"},{"floor":25,"key":"REST"},{"floor":32,"key":"REST"}],"neow_cost":"NONE","seed_source_timestamp":449929101738206,"circlet_count":0,"master_deck":["Strike_R","Strike_R","Strike_R","Strike_R","Strike_R","Defend_R","Defend_R","Defend_R","Defend_R","Bash","Thunderclap","Clothesline+1","Infernal Blade","Disarm","Apotheosis","Pommel Strike","Immolate","Cleave","Perfected Strike","Exhume","Shockwave","Clothesline","Flex","Dropkick","Decay","Clash","Perfected Strike+1","Inflame","Whirlwind"],"relics":["Lizard Tail","Lantern","Letter Opener","Cursed Key","Du-Vu Doll","Paper Frog","Vajra","MutagenicStrength"],"potions_floor_usage":[13,20,21,24,28,33],"damage_taken":[{"damage":1,"enemies":"Cultist","floor":1,"turns":3},{"damage":6,"enemies":"2 Louse","floor":2,"turns":2},{"damage":3,"enemies":"Small Slimes","floor":4,"turns":3},{"damage":6,"enemies":"Blue Slaver","floor":7,"turns":3},{"damage":20,"enemies":"Gremlin Gang","floor":11,"turns":4},{"damage":5,"enemies":"Looter","floor":13,"turns":2},{"damage":6,"enemies":"3 Louse","floor":14,"turns":2},{"damage":37,"enemies":"The Guardian","floor":16,"turns":12},{"damage":6,"enemies":"Spheric Guardian","floor":18,"turns":3},{"damage":12,"enemies":"2 Thieves","floor":20,"turns":3},{"damage":3,"enemies":"Cultist and Chosen","floor":21,"turns":5},{"damage":25,"enemies":"Snake Plant","floor":22,"turns":4},{"damage":13,"enemies":"Colosseum Slavers","floor":24,"turns":4},{"damage":45,"enemies":"Colosseum Nobs","floor":24,"turns":6},{"damage":25,"enemies":"Sentry and Sphere","floor":28,"turns":4},{"damage":0,"enemies":"Chosen and Byrds","floor":29,"turns":3},{"damage":14,"enemies":"Shelled Parasite and Fungi","floor":30,"turns":3},{"damage":28,"enemies":"3 Cultists","floor":31,"turns":5},{"damage":53,"enemies":"Automaton","floor":33,"turns":6}],"seed_played":"1072877544043294052","potions_obtained":[{"floor":4,"key":"FearPotion"},{"floor":11,"key":"Ancient Potion"},{"floor":13,"key":"Explosive Potion"},{"floor":18,"key":"GamblersBrew"},{"floor":21,"key":"SpeedPotion"},{"floor":22,"key":"Regen Potion"}],"is_trial":false,"path_per_floor":["M","M","?","M","?","R","M","?","T","$","M","?","M","M","R","B",null,"M","?","M","M","M","R","?","R","T","?","M","M","M","M","R","B"],"character_chosen":"IRONCLAD","items_purchased":["Apotheosis","Pommel Strike"],"campfire_rested":4,"item_purchase_floors":[10,10],"current_hp_per_floor":[79,73,73,70,67,67,61,61,61,61,41,41,36,30,54,17,80,74,74,62,59,34,58,12,36,36,36,11,11,40,12,36,0],"gold":312,"neow_bonus":"BOSS_RELIC","is_prod":false,"is_daily":false,"chose_seed":false,"campfire_upgraded":1,"win_rate":0,"timestamp":1544124566,"path_taken":["M","?","?","M","?","R","M","?","T","?","?","?","M","M","R","BOSS","M","?","M","M","M","R","?","R","T","?","?","M","?","M","R","BOSS"],"build_version":"2018-11-15","purchased_purges":0,"victory":false,"max_hp_per_floor":[80,80,80,80,80,80,80,80,80,80,80,80,80,80,80,80,80,80,80,80,80,80,80,80,80,80,80,80,80,80,80,80,80],"card_choices":[{"not_picked":["Corruption","Cleave"],"picked":"Thunderclap","floor":1},{"not_picked":["Searing Blow","Corruption"],"picked":"Clothesline","floor":2},{"not_picked":["Pommel Strike","Battle Trance"],"picked":"Infernal Blade","floor":4},{"not_picked":["Uppercut","Searing Blow"],"picked":"Disarm","floor":7},{"not_picked":["Armaments","Anger"],"picked":"Immolate","floor":11},{"not_picked":["Burning Pact","Intimidate"],"picked":"Cleave","floor":13},{"not_picked":["Shockwave","Shrug It Off"],"picked":"Perfected Strike","floor":14},{"not_picked":["Dark Embrace","Berserk"],"picked":"Exhume","floor":16},{"not_picked":["Anger","Heavy Blade"],"picked":"Shockwave","floor":18},{"not_picked":["Shrug It Off","Hemokinesis"],"picked":"Clothesline","floor":20},{"not_picked":["Dual Wield","Clash+1"],"picked":"Flex","floor":21},{"not_picked":["Cleave","Fire Breathing","Anger+1"],"picked":"SKIP","floor":22},{"not_picked":["Cleave","Reckless Charge"],"picked":"Dropkick","floor":24},{"not_picked":["Sever Soul","Bloodletting"],"picked":"Clash","floor":28},{"not_picked":["Cleave+1","Dual Wield"],"picked":"Perfected Strike+1","floor":29},{"not_picked":["Pommel Strike","Spot Weakness"],"picked":"Inflame","floor":30},{"not_picked":["Cleave","Combust"],"picked":"Whirlwind","floor":31}],"player_experience":308116,"relics_obtained":[{"floor":24,"key":"Du-Vu Doll"},{"floor":24,"key":"Paper Frog"},{"floor":26,"key":"Vajra"}],"event_choices":[{"damage_healed":0,"gold_gain":55,"player_choice":"Gained Gold","damage_taken":0,"max_hp_gain":0,"max_hp_loss":0,"event_name":"Golden Wing","floor":3,"gold_loss":0},{"damage_healed":0,"gold_gain":0,"player_choice":"Success","damage_taken":3,"relics_obtained":["Lantern"],"max_hp_gain":0,"max_hp_loss":0,"event_name":"Scrap Ooze","floor":5,"gold_loss":0},{"damage_healed":0,"gold_gain":0,"player_choice":"Box","damage_taken":0,"relics_obtained":["Letter Opener"],"max_hp_gain":0,"max_hp_loss":0,"event_name":"Big Fish","floor":8,"gold_loss":0,"cards_obtained":["Regret"]},{"damage_healed":0,"gold_gain":0,"player_choice":"Leave","damage_taken":0,"max_hp_gain":0,"max_hp_loss":0,"event_name":"The Cleric","floor":12,"gold_loss":0},{"cards_removed":["Regret"],"damage_healed":0,"gold_gain":0,"player_choice":"Gave Gold","damage_taken":0,"max_hp_gain":0,"max_hp_loss":0,"event_name":"Beggar","floor":19,"gold_loss":75},{"damage_healed":0,"gold_gain":0,"player_choice":"Fight","damage_taken":0,"max_hp_gain":0,"max_hp_loss":0,"event_name":"Colosseum","floor":24,"gold_loss":0},{"damage_healed":0,"gold_gain":0,"player_choice":"Fought Nobs","damage_taken":0,"max_hp_gain":0,"max_hp_loss":0,"event_name":"Colosseum","floor":24,"gold_loss":0},{"damage_healed":0,"gold_gain":0,"player_choice":"Inject Mutagens","damage_taken":0,"relics_obtained":["MutagenicStrength"],"max_hp_gain":0,"max_hp_loss":0,"event_name":"Drug Dealer","floor":27,"gold_loss":0}],"is_beta":false,"boss_relics":[{"not_picked":["Orrery","Pandora\u0027s Box"],"picked":"Cursed Key"}],"items_purged_floors":[],"is_endless":false,"potions_floor_spawned":[4,11,13,18,21,22],"killed_by":"Automaton","ascension_level":0}