{"gold_per_floor":[110,124,49,61,61,90,90,90,172,172,184,235,252,268,268,370,370,385,149,149,161,111,111,126,126,203,203,302,96,96,107,107,206,206,221,221,233,59,59,59,59,59,134,46,58,58,68,95,95,95],"floor_reached":51,"playtime":2601,"items_purged":["Defend_R","Strike_R","Strike_R","Strike_R","Madness"],"score":907,"play_id":"a901b476-4dae-4fee-9f11-d5dc27d92c58","local_time":"20190419165801","is_ascension_mode":true,"campfire_choices":[{"data":"Bash","floor":7.0,"key":"SMITH"},{"data":"Dropkick","floor":10.0,"key":"SMITH"},{"floor":15.0,"key":"REST"},{"floor":23.0,"key":"REST"},{"data":"Flame Barrier","floor":25.0,"key":"SMITH"},{"floor":27.0,"key":"REST"},{"data":"Defend_R","floor":30.0,"key":"SMITH"},{"data":"Defend_R","floor":32.0,"key":"SMITH"},{"floor":40.0,"key":"REST"},{"data":"Madness","floor":49.0,"key":"SMITH"}],"neow_cost":"TEN_PERCENT_HP_LOSS","seed_source_timestamp":368333772139400,"circlet_count":0,"master_deck":["Defend_R+1","Bash+1","Dropkick+1","Flame Barrier+1","Shrug It Off+1","Madness+1"],"special_seed":0,"relics":["Burning Blood","Strawberry","Matryoshka","Omamori","Lizard Tail","Membership Card","Enchiridion","Dream Catcher","Molten Egg 2","StoneCalendar","White Beast Statue","TheAbacus","Shuriken","Toxic Egg 2"],"potions_floor_usage":[50,50,50],"damage_taken":[{"damage":0.0,"enemies":"Small Slimes","floor":1.0,"turns":4.0},{"damage":1.0,"enemies":"2 Louse","floor":2.0,"turns":4.0},{"damage":6.0,"enemies":"Jaw Worm","floor":4.0,"turns":4.0},{"damage":50.0,"enemies":"3 Sentries","floor":6.0,"turns":12.0},{"damage":11.0,"enemies":"Lots of Slimes","floor":11.0,"turns":5.0},{"damage":13.0,"enemies":"Exordium Wildlife","floor":13.0,"turns":4.0},{"damage":4.0,"enemies":"Blue Slaver","floor":14.0,"turns":4.0},{"damage":25.0,"enemies":"The Guardian","floor":16.0,"turns":13.0},{"damage":41.0,"enemies":"2 Thieves","floor":18.0,"turns":5.0},{"damage":0.0,"enemies":"Chosen","floor":21.0,"turns":5.0},{"damage":11.0,"enemies":"Snecko","floor":24.0,"turns":5.0},{"damage":10.0,"enemies":"Chosen and Byrds","floor":31.0,"turns":6.0},{"damage":89.0,"enemies":"Automaton","floor":33.0,"turns":13.0},{"damage":10.0,"enemies":"Orb Walker","floor":35.0,"turns":5.0},{"damage":0.0,"enemies":"3 Shapes","floor":37.0,"turns":7.0},{"damage":3.0,"enemies":"Transient","floor":45.0,"turns":5.0},{"damage":4.0,"enemies":"4 Shapes","floor":47.0,"turns":5.0},{"damage":0.0,"enemies":"Reptomancer","floor":48.0,"turns":3.0},{"damage":14,"enemies":"Donu and Deca","floor":50,"turns":7}],"seed_played":"9072065236768904606","potions_obtained":[{"floor":2.0,"key":"LiquidBronze"},{"floor":11.0,"key":"Strength Potion"},{"floor":14.0,"key":"Ancient Potion"},{"floor":16.0,"key":"Explosive Potion"},{"floor":21.0,"key":"BloodPotion"},{"floor":33.0,"key":"Regen Potion"},{"floor":35.0,"key":"Dexterity Potion"},{"floor":37.0,"key":"Fire Potion"},{"floor":45.0,"key":"PowerPotion"},{"floor":47.0,"key":"Ancient Potion"},{"floor":48.0,"key":"Energy Potion"}],"is_trial":false,"path_per_floor":["M","M","$","M","?","E","R","?","T","R","M","T","M","M","R","B",null,"M","$","?","M","$","R","M","R","T","R","?","$","R","M","R","B",null,"M","?","M","$","?","R","?","?","T","$","M","$","M","E","R","B",null],"character_chosen":"IRONCLAD","items_purchased":["Dropkick","Membership Card","StoneCalendar","TheAbacus"],"campfire_rested":4,"item_purchase_floors":[3,19,29,38],"current_hp_per_floor":[72,72,72,72,72,35,35,35,35,35,30,30,23,25,48,29,79,44,44,28,34,34,57,59,59,59,79,79,79,79,75,75,45,79,75,75,79,79,79,79,69,69,69,69,72,72,74,79,79,71],"gold":95,"neow_bonus":"REMOVE_TWO","is_prod":false,"is_daily":false,"chose_seed":false,"campfire_upgraded":6,"win_rate":0,"timestamp":1555707481,"path_taken":["M","M","$","M","?","E","R","?","T","R","M","?","M","M","R","BOSS","M","?","?","M","$","R","M","R","T","R","?","$","R","M","R","BOSS","M","?","M","$","?","R","?","?","T","?","M","$","M","E","R","BOSS"],"build_version":"2019-01-23","purchased_purges":5,"victory":true,"max_hp_per_floor":[72,72,72,72,72,79,79,79,79,79,79,79,79,79,79,79,79,79,79,79,79,79,79,79,79,79,79,79,79,79,79,79,79,79,79,79,79,79,79,79,79,79,79,79,79,79,79,79,79,79],"card_choices":[{"not_picked":["True Grit","Wild Strike","Thunderclap"],"picked":"SKIP","floor":1.0},{"not_picked":["Second Wind","Havoc","Entrench"],"picked":"SKIP","floor":2.0},{"not_picked":["Inflame","Blood for Blood","Havoc"],"picked":"SKIP","floor":4.0},{"not_picked":["Blood for Blood","Anger","Brutality"],"picked":"SKIP","floor":6.0},{"not_picked":["Combust","Clash","Heavy Blade"],"picked":"SKIP","floor":11.0},{"not_picked":["Combust","Clash","Heavy Blade"],"picked":"SKIP","floor":11.0},{"not_picked":["Clash","Headbutt"],"picked":"Flame Barrier","floor":13.0},{"not_picked":["Clash","Warcry","Intimidate"],"picked":"SKIP","floor":14.0},{"not_picked":["Thunderclap","Headbutt"],"picked":"Shrug It Off+1","floor":18.0},{"not_picked":["Clothesline","Bloodletting","Power Through"],"picked":"SKIP","floor":21.0},{"not_picked":["Seeing Red+1","Pommel Strike","Flex"],"picked":"SKIP","floor":24.0},{"not_picked":["Cleave+1","Clothesline+1","Shockwave"],"picked":"SKIP","floor":31.0},{"not_picked":["True Grit","Reckless Charge+1","Power Through"],"picked":"SKIP","floor":35.0},{"not_picked":["Shrug It Off","Headbutt+1","Warcry+1"],"picked":"SKIP","floor":37.0},{"not_picked":["Blood for Blood+1","Disarm","Cleave+1"],"picked":"SKIP","floor":45.0},{"not_picked":["Blood for Blood+1","Disarm","Cleave+1"],"picked":"SKIP","floor":45.0},{"not_picked":["Blood for Blood+1","Disarm","Cleave+1"],"picked":"SKIP","floor":45.0},{"not_picked":["Iron Wave+1","Heavy Blade+1","Ghostly Armor"],"picked":"SKIP","floor":47.0},{"not_picked":["Clash+1","Feel No Pain","Fire Breathing"],"picked":"SKIP","floor":48.0}],"player_experience":677140,"relics_obtained":[{"floor":6.0,"key":"Strawberry"},{"floor":9.0,"key":"Matryoshka"},{"floor":12.0,"key":"Omamori"},{"floor":20.0,"key":"Enchiridion"},{"floor":26.0,"key":"Dream Catcher"},{"floor":26.0,"key":"Molten Egg 2"},{"floor":43.0,"key":"Shuriken"},{"floor":48.0,"key":"Toxic Egg 2"}],"event_choices":[{"damage_healed":0.0,"max_hp_gain":0.0,"max_hp_loss":0.0,"gold_gain":0.0,"event_name":"Liars Game","player_choice":"Ignored","floor":5.0,"gold_loss":0.0,"damage_taken":0.0},{"cards_removed":["Defend_R"],"damage_healed":0.0,"max_hp_gain":0.0,"max_hp_loss":0.0,"gold_gain":0.0,"event_name":"Living Wall","player_choice":"Forget","floor":8.0,"gold_loss":0.0,"damage_taken":0.0},{"damage_healed":0.0,"max_hp_gain":0.0,"max_hp_loss":0.0,"gold_gain":0.0,"event_name":"Cursed Tome","player_choice":"Obtained Book","floor":20.0,"gold_loss":0.0,"damage_taken":16.0},{"damage_healed":0.0,"max_hp_gain":0.0,"max_hp_loss":0.0,"gold_gain":99.0,"event_name":"Nest","player_choice":"Stole From Cult","floor":28.0,"gold_loss":0.0,"damage_taken":0.0},{"damage_healed":0.0,"max_hp_gain":0.0,"max_hp_loss":0.0,"gold_gain":0.0,"event_name":"Tomb of Lord Red Mask","player_choice":"Ignored","floor":36.0,"gold_loss":0.0,"damage_taken":0.0},{"cards_removed":["Defend_R"],"damage_healed":0.0,"max_hp_gain":0.0,"max_hp_loss":0.0,"gold_gain":0.0,"event_name":"Falling","player_choice":"Removed Skill","floor":39.0,"gold_loss":0.0,"damage_taken":0.0},{"damage_healed":0.0,"max_hp_gain":0.0,"max_hp_loss":0.0,"gold_gain":0.0,"event_name":"Winding Halls","player_choice":"Embrace Madness","floor":41.0,"gold_loss":0.0,"damage_taken":10.0,"cards_obtained":["Madness","Madness"]},{"damage_healed":0.0,"max_hp_gain":0.0,"max_hp_loss":0.0,"gold_gain":0.0,"event_name":"SensoryStone","player_choice":"Memory 1","floor":42.0,"gold_loss":0.0,"damage_taken":0.0}],"is_beta":false,"boss_relics":[{"not_picked":["Philosopher\u0027s Stone","Busted Crown"],"picked":"Lizard Tail"},{"not_picked":["Pandora\u0027s Box","Tiny House"],"picked":"White Beast Statue"}],"items_purged_floors":[19,22,29,38,44],"is_endless":false,"potions_floor_spawned":[2,11,14,16,21,33,35,37,45,47,48],"ascension_level":1}