{"gold_per_floor":[212,223,5,16,29,29,59,59,84,6,22,34,34,34,34,137,187,202,202,202,217,233,233,233,5,5,23,23,23,23,1,1,1],"floor_reached":33,"playtime":1177,"items_purged":[],"score":245,"play_id":"11f668e4-0d9f-4c99-b77e-8653e6c1f1f0","local_time":"20180728134942","is_ascension_mode":false,"campfire_choices":[{"data":"Conserve Battery","floor":6,"key":"SMITH"},{"floor":8,"key":"REST"},{"floor":13,"key":"REST"},{"floor":15,"key":"REST"},{"floor":23,"key":"REST"},{"floor":30,"key":"REST"},{"floor":32,"key":"REST"}],"neow_cost":"NONE","seed_source_timestamp":5062799552175,"circlet_count":0,"master_deck":["Strike_B","Strike_B","Strike_B","Strike_B","Defend_B","Defend_B","Defend_B","Defend_B","Zap","Dualcast+1","Conserve Battery+1","Rebound","Heatsinks","Capacitor","Heatsinks","Double Energy","Recycle","Turbo","Dramatic Entrance","Electrodynamics","Defragment","Streamline+1","FTL","Genetic Algorithm+1","White Noise+1","Auto Shields","Go for the Eyes","Streamline"],"relics":["Cracked Core","Oddly Smooth Stone","DataDisk","Happy Flower","Juzu Bracelet","Tiny House","Blood Vial","Cables","Ornamental Fan"],"potions_floor_usage":[5,7,16,21,22,22,33],"damage_taken":[{"damage":0,"enemies":"Small Slimes","floor":1,"turns":3},{"damage":1,"enemies":"Cultist","floor":2,"turns":3},{"damage":3,"enemies":"2 Louse","floor":4,"turns":2},{"damage":12,"enemies":"Exordium Thugs","floor":5,"turns":4},{"damage":35,"enemies":"Lagavulin","floor":7,"turns":8},{"damage":17,"enemies":"Large Slime","floor":11,"turns":5},{"damage":7,"enemies":"Blue Slaver","floor":12,"turns":3},{"damage":64,"enemies":"The Guardian","floor":16,"turns":12},{"damage":30,"enemies":"Spheric Guardian","floor":18,"turns":4},{"damage":0,"enemies":"Chosen","floor":21,"turns":4},{"damage":32,"enemies":"Sentry and Sphere","floor":22,"turns":4},{"damage":21,"enemies":"Centurion and Healer","floor":27,"turns":6},{"damage":69,"enemies":"Collector","floor":33,"turns":5}],"seed_played":"7457365375868094379","potions_obtained":[{"floor":1,"key":"Poison Potion"},{"floor":5,"key":"Regen Potion"},{"floor":12,"key":"LiquidBronze"},{"floor":16,"key":"Explosive Potion"},{"floor":17,"key":"Strength Potion"},{"floor":21,"key":"LiquidBronze"},{"floor":27,"key":"Energy Potion"}],"is_trial":false,"path_per_floor":["M","M","$","M","M","R","E","R","T","?","M","M","R","?","R","B",null,"M","?","?","M","M","R","?","$","T","M","T","?","R","$","R"],"character_chosen":"DEFECT","items_purchased":["Oddly Smooth Stone","Heatsinks","Blood Vial","Auto Shields","Streamline"],"campfire_rested":6,"item_purchase_floors":[3,3,25,25,31],"current_hp_per_floor":[75,74,74,71,59,59,39,61,61,61,44,37,59,59,75,11,80,50,50,35,35,3,28,28,28,28,16,16,16,41,41,66,0],"gold":1,"neow_bonus":"HUNDRED_GOLD","is_prod":false,"is_daily":false,"chose_seed":false,"campfire_upgraded":1,"win_rate":0,"timestamp":1532778582,"path_taken":["M","M","$","M","M","R","E","R","T","?","M","M","R","?","R","BOSS","M","?","?","M","M","R","?","$","T","M","?","?","R","?","R","BOSS"],"build_version":"2018-07-26","purchased_purges":0,"victory":false,"max_hp_per_floor":[75,75,75,75,75,75,75,75,75,75,75,75,75,75,75,75,80,80,80,85,85,85,85,85,85,85,85,85,85,85,85,85,85],"card_choices":[{"not_picked":["Chill","Redo"],"picked":"Conserve Battery","floor":1},{"not_picked":["Compile Driver","Barrage"],"picked":"Rebound","floor":2},{"not_picked":["Gash","Compile Driver"],"picked":"Capacitor","floor":4},{"not_picked":["Go for the Eyes","Barrage"],"picked":"Heatsinks","floor":5},{"not_picked":["Fusion","Cold Snap"],"picked":"Double Energy","floor":7},{"not_picked":["Consume","Scrape"],"picked":"Recycle","floor":11},{"not_picked":["Lockon","Rip and Tear"],"picked":"Turbo","floor":12},{"not_picked":["Core Surge","Meteor Strike"],"picked":"Electrodynamics","floor":16},{"not_picked":["Go for the Eyes","Compile Driver"],"picked":"Defragment","floor":17},{"not_picked":["Go for the Eyes+1","Tempest"],"picked":"Streamline+1","floor":18},{"not_picked":["Barrage","Force Field"],"picked":"Genetic Algorithm+1","floor":21},{"not_picked":["Tempest+1","Capacitor"],"picked":"White Noise","floor":22},{"not_picked":["Gash","Rainbow"],"picked":"Go for the Eyes","floor":27}],"player_experience":130914,"relics_obtained":[{"floor":7,"key":"DataDisk"},{"floor":9,"key":"Happy Flower"},{"floor":26,"key":"Cables"},{"floor":28,"key":"Ornamental Fan"}],"event_choices":[{"event_name":"WeMeetAgain","player_choice":"Gold","floor":10,"damage_taken":0},{"event_name":"Match and Keep!","player_choice":"1 cards matched","floor":14,"damage_taken":0},{"event_name":"The Library","player_choice":"Read","floor":19,"damage_taken":0},{"event_name":"Forgotten Altar","player_choice":"Shed Blood","floor":20,"damage_taken":0},{"event_name":"Upgrade Shrine","player_choice":"Upgraded","floor":24,"damage_taken":0},{"event_name":"Beggar","player_choice":"Ignored","floor":29,"damage_taken":0}],"is_beta":false,"boss_relics":[{"not_picked":["White Beast Statue","Velvet Choker"],"picked":"Tiny House"}],"items_purged_floors":[],"is_endless":false,"potions_floor_spawned":[1,5,12,16,21,27],"killed_by":"Collector","ascension_level":0}