{"gold_per_floor":[15,27,27,37,47,47,67,77,77,103,117,117,147,163,163,163],"floor_reached":16,"playtime":477,"items_purged":[],"score":228,"play_id":"148de8c6-8744-4220-a0f2-a267b16d0523","local_time":"20190314191800","is_ascension_mode":true,"campfire_choices":[{"data":"Wild Strike","floor":6.0,"key":"SMITH"},{"data":"Cleave","floor":12.0,"key":"SMITH"},{"data":"True Grit","floor":15,"key":"SMITH"}],"neow_cost":"NO_GOLD","seed_source_timestamp":7782540127069,"circlet_count":0,"master_deck":["AscendersBane","Strike_R+1","Strike_R","Strike_R","Strike_R","Strike_R","Defend_R","Defend_R","Defend_R","Defend_R","Bash+1","Cleave+1","Wild Strike+1","Ghostly Armor","Feel No Pain","True Grit+1","Flame Barrier","Warcry","Juggernaut"],"special_seed":0,"relics":["Burning Blood","Odd Mushroom","PreservedInsect","Whetstone","Toxic Egg 2"],"potions_floor_usage":[13],"damage_taken":[{"damage":2.0,"enemies":"2 Louse","floor":1.0,"turns":3.0},{"damage":5.0,"enemies":"Small Slimes","floor":2.0,"turns":4.0},{"damage":1.0,"enemies":"Cultist","floor":4.0,"turns":3.0},{"damage":21.0,"enemies":"Blue Slaver","floor":5.0,"turns":4.0},{"damage":28.0,"enemies":"The Mushroom Lair","floor":7.0,"turns":4.0},{"damage":6.0,"enemies":"Lots of Slimes","floor":8.0,"turns":3.0},{"damage":27.0,"enemies":"Lagavulin","floor":10.0,"turns":7.0},{"damage":6.0,"enemies":"2 Fungi Beasts","floor":11.0,"turns":3.0},{"damage":5,"enemies":"Gremlin Nob","floor":13,"turns":3},{"damage":10,"enemies":"3 Louse","floor":14,"turns":4},{"damage":30,"enemies":"Hexaghost","floor":16,"turns":9}],"seed_played":"2490471821071023037","potions_obtained":[{"floor":2.0,"key":"Swift Potion"},{"floor":7.0,"key":"Swift Potion"},{"floor":11.0,"key":"FearPotion"}],"is_trial":false,"path_per_floor":["M","M","?","M","M","R","?","M","T","E","M","R","E","M","R","B"],"character_chosen":"IRONCLAD","items_purchased":[],"campfire_rested":0,"item_purchase_floors":[],"current_hp_per_floor":[86,87,87,89,74,74,52,52,52,31,31,31,32,28,28,0],"gold":163,"neow_bonus":"TWENTY_PERCENT_HP_BONUS","is_prod":false,"is_daily":false,"chose_seed":false,"campfire_upgraded":3,"win_rate":0,"timestamp":1552605480,"path_taken":["M","M","?","M","M","R","?","M","T","E","M","R","E","M","R","BOSS"],"build_version":"2019-01-23","purchased_purges":0,"victory":false,"max_hp_per_floor":[89,89,89,89,89,89,89,89,89,89,89,89,89,89,89,89],"card_choices":[{"not_picked":["Warcry","Shrug It Off"],"picked":"Cleave","floor":1.0},{"not_picked":["Sever Soul","Sword Boomerang"],"picked":"Wild Strike","floor":2.0},{"not_picked":["Heavy Blade","Body Slam"],"picked":"Ghostly Armor","floor":4.0},{"not_picked":["Heavy Blade","Sentinel","Dark Embrace"],"picked":"SKIP","floor":5.0},{"not_picked":["Pommel Strike","Thunderclap"],"picked":"Feel No Pain","floor":7.0},{"not_picked":["Inflame","Warcry"],"picked":"True Grit","floor":8.0},{"not_picked":["Combust","Exhume"],"picked":"Flame Barrier","floor":10.0},{"not_picked":["Feel No Pain","Pommel Strike"],"picked":"Warcry","floor":11.0},{"not_picked":["Limit Break","Headbutt"],"picked":"Juggernaut","floor":13},{"not_picked":["Thunderclap","Blood for Blood","Pummel"],"picked":"SKIP","floor":14}],"player_experience":846043,"relics_obtained":[{"floor":7.0,"key":"Odd Mushroom"},{"floor":9.0,"key":"PreservedInsect"},{"floor":10.0,"key":"Whetstone"},{"floor":13,"key":"Toxic Egg 2"}],"event_choices":[{"damage_healed":0.0,"max_hp_gain":0.0,"max_hp_loss":0.0,"gold_gain":0.0,"event_name":"Liars Game","player_choice":"Ignored","floor":3.0,"gold_loss":0.0,"damage_taken":0.0},{"damage_healed":0.0,"max_hp_gain":0.0,"max_hp_loss":0.0,"gold_gain":0.0,"event_name":"Mushrooms","player_choice":"Fought Mushrooms","floor":7.0,"gold_loss":0.0,"damage_taken":0.0}],"is_beta":false,"boss_relics":[],"items_purged_floors":[],"is_endless":false,"potions_floor_spawned":[2,7,11],"killed_by":"Hexaghost","ascension_level":20}