{"gold_per_floor":[119,135,67,67,87,121,121,135,135,150,150,161,190,204,204,204],"floor_reached":16,"playtime":1105,"items_purged":[],"score":104,"play_id":"dd67e0e6-0af1-4a65-8aca-9af6d8aeda4e","local_time":"20190504033302","is_ascension_mode":false,"campfire_choices":[{"floor":7,"key":"REST"},{"floor":15,"key":"REST"}],"neow_cost":"NONE","seed_source_timestamp":197230672913800,"circlet_count":0,"master_deck":["Strike_R","Strike_R","Strike_R","Strike_R","Strike_R","Defend_R","Defend_R","Defend_R","Defend_R","Bash","Cleave","Clothesline","Whirlwind","Juggernaut","Bash","Power Through","Anger","Armaments","Cleave","True Grit","Ghostly Armor","Feel No Pain"],"relics":["Burning Blood","Letter Opener","Meat on the Bone","Odd Mushroom"],"potions_floor_usage":[16,16,16],"damage_taken":[{"damage":7,"enemies":"Cultist","floor":1,"turns":5},{"damage":1,"enemies":"2 Louse","floor":2,"turns":2},{"damage":8,"enemies":"Small Slimes","floor":5,"turns":2},{"damage":43,"enemies":"Gremlin Nob","floor":6,"turns":5},{"damage":12,"enemies":"Looter","floor":8,"turns":5},{"damage":22,"enemies":"Large Slime","floor":10,"turns":9},{"damage":4,"enemies":"Exordium Wildlife","floor":12,"turns":7},{"damage":22,"enemies":"The Mushroom Lair","floor":13,"turns":3},{"damage":7,"enemies":"3 Louse","floor":14,"turns":3},{"damage":105,"enemies":"Hexaghost","floor":16,"turns":16}],"seed_played":"2122227416049489495","potions_obtained":[{"floor":2,"key":"Ancient Potion"},{"floor":6,"key":"SkillPotion"},{"floor":10,"key":"Dexterity Potion"},{"floor":12,"key":"Regen Potion"}],"is_trial":false,"path_per_floor":["M","M","$","?","M","E","R","M","T","M","?","M","?","M","R","B"],"character_chosen":"IRONCLAD","items_purchased":["Whirlwind"],"campfire_rested":2,"item_purchase_floors":[3],"current_hp_per_floor":[87,88,88,88,86,49,75,69,69,53,53,55,51,62,88,0],"gold":204,"neow_bonus":"TEN_PERCENT_HP_BONUS","is_prod":false,"is_daily":false,"chose_seed":false,"campfire_upgraded":0,"win_rate":0.0,"timestamp":1556933582,"path_taken":["M","?","$","?","M","E","R","M","T","?","?","M","?","M","R","BOSS"],"build_version":"2019-01-23","purchased_purges":0,"victory":false,"max_hp_per_floor":[88,88,88,88,88,88,88,88,88,88,88,88,88,88,88,88],"card_choices":[{"not_picked":["Armaments","Twin Strike"],"picked":"Cleave","floor":1},{"not_picked":["Clash","Cleave"],"picked":"Clothesline","floor":2},{"not_picked":["Uppercut","Dual Wield"],"picked":"Power Through","floor":5},{"not_picked":["Pummel","Clothesline"],"picked":"Anger","floor":6},{"not_picked":["Corruption","Power Through"],"picked":"Armaments","floor":8},{"not_picked":["Seeing Red","Dark Embrace"],"picked":"Cleave","floor":10},{"not_picked":["Armaments","Warcry"],"picked":"True Grit","floor":12},{"not_picked":["Anger","Burning Pact"],"picked":"Ghostly Armor","floor":13},{"not_picked":["Burning Pact","Sever Soul"],"picked":"Feel No Pain","floor":14}],"player_experience":880,"relics_obtained":[{"floor":6,"key":"Letter Opener"},{"floor":9,"key":"Meat on the Bone"},{"floor":13,"key":"Odd Mushroom"}],"event_choices":[{"damage_healed":0,"gold_gain":0,"player_choice":"2 cards matched","damage_taken":0,"max_hp_gain":0,"max_hp_loss":0,"event_name":"Match and Keep!","floor":4,"gold_loss":0,"cards_obtained":["Juggernaut","Bash"]},{"damage_healed":0,"gold_gain":0,"player_choice":"Ignored","damage_taken":0,"max_hp_gain":0,"max_hp_loss":0,"event_name":"Liars Game","floor":11,"gold_loss":0},{"damage_healed":0,"gold_gain":0,"player_choice":"Fought Mushrooms","damage_taken":0,"max_hp_gain":0,"max_hp_loss":0,"event_name":"Mushrooms","floor":13,"gold_loss":0}],"is_beta":false,"boss_relics":[],"items_purged_floors":[],"is_endless":false,"potions_floor_spawned":[2,6,10,12],"killed_by":"Hexaghost","ascension_level":0}