{"gold_per_floor":[117,127,144,155,155,189,202,234,234,234,264,274,274,309,309,410,410,428,428,428,378,477,477,494,454,454,454,479,479,18,35,35,132,132,151,165,125,141,141,141,172,172,172,207,207,207,0,16,16,16],"floor_reached":51,"playtime":6789,"items_purged":[],"score":1125,"play_id":"8bc22159-1b2a-400f-a4bc-efc536b86113","local_time":"20181012184216","is_ascension_mode":true,"campfire_choices":[{"floor":10,"key":"REST"},{"floor":13,"key":"REST"},{"floor":15,"key":"REST"},{"floor":23,"key":"REST"},{"floor":27,"key":"REST"},{"floor":29,"key":"REST"},{"floor":32,"key":"REST"},{"floor":40,"key":"REST"},{"floor":42,"key":"REST"},{"floor":49,"key":"REST"}],"neow_cost":"NONE","seed_source_timestamp":169844708712742,"circlet_count":0,"master_deck":["Strike_B+1","Strike_B+1","Strike_B+1","Defend_B+1","Defend_B+1","Defend_B+1","Defend_B+1","Zap","Dualcast","Chill","Genetic Algorithm","Cold Snap","Cold Snap","Cold Snap","Hello World","Echo Form","Storm+1","Coolheaded","Defragment+1","Multi-Cast","Reinforced Body","Conserve Battery","Blizzard","Apotheosis+1","Double Energy","Machine Learning+1","Conserve Battery+1","Hologram+1"],"relics":["Runic Dome","Centennial Puzzle","Kunai","Frozen Egg 2","Letter Opener","Bronze Scales","Fusion Hammer","Nilry\u0027s Codex","Sundial","Orichalcum","DataDisk","Philosopher\u0027s Stone","Juzu Bracelet","Toxic Egg 2","StoneCalendar","Cauldron"],"potions_floor_usage":[4,6,16,28,38,44,47,50,50,50,50,50,50],"damage_taken":[{"damage":7,"enemies":"Jaw Worm","floor":1,"turns":3},{"damage":1,"enemies":"2 Louse","floor":2,"turns":4},{"damage":6,"enemies":"Small Slimes","floor":3,"turns":5},{"damage":0,"enemies":"Blue Slaver","floor":4,"turns":5},{"damage":12,"enemies":"Gremlin Nob","floor":6,"turns":6},{"damage":0,"enemies":"Red Slaver","floor":7,"turns":5},{"damage":11,"enemies":"Lagavulin","floor":8,"turns":9},{"damage":10,"enemies":"Gremlin Nob","floor":11,"turns":5},{"damage":11,"enemies":"2 Fungi Beasts","floor":12,"turns":4},{"damage":1,"enemies":"Lagavulin","floor":14,"turns":7},{"damage":11,"enemies":"Slime Boss","floor":16,"turns":8},{"damage":13,"enemies":"2 Thieves","floor":18,"turns":4},{"damage":0,"enemies":"Spheric Guardian","floor":24,"turns":4},{"damage":27,"enemies":"Slavers","floor":28,"turns":3},{"damage":0,"enemies":"Snecko","floor":31,"turns":4},{"damage":0,"enemies":"Champ","floor":33,"turns":11},{"damage":0,"enemies":"Orb Walker","floor":35,"turns":2},{"damage":0,"enemies":"3 Darklings","floor":36,"turns":6},{"damage":0,"enemies":"Transient","floor":38,"turns":5},{"damage":0,"enemies":"Nemesis","floor":41,"turns":8},{"damage":27,"enemies":"Giant Head","floor":44,"turns":7},{"damage":17,"enemies":"Maw","floor":48,"turns":7},{"damage":1,"enemies":"Time Eater","floor":50,"turns":9}],"seed_played":"5049341305812703287","potions_obtained":[{"floor":1,"key":"Fire Potion"},{"floor":3,"key":"Block Potion"},{"floor":6,"key":"Energy Potion"},{"floor":24,"key":"FocusPotion"},{"floor":25,"key":"LiquidBronze"},{"floor":25,"key":"Explosive Potion"},{"floor":28,"key":"AttackPotion"},{"floor":38,"key":"Energy Potion"},{"floor":44,"key":"FearPotion"},{"floor":47,"key":"Fruit Juice"},{"floor":47,"key":"EntropicBrew"},{"floor":47,"key":"FocusPotion"}],"is_trial":false,"path_per_floor":["M","M","M","M","?","E","M","E","T","R","E","M","R","E","R","B",null,"M","?","?","?","?","R","M","?","T","R","E","R","$","M","R","B",null,"M","M","?","M","?","R","E","R","T","E","$","?","$","M","R","B"],"character_chosen":"DEFECT","items_purchased":["DataDisk","Blizzard","Apotheosis","Self Repair+1","Cauldron"],"campfire_rested":10,"item_purchase_floors":[30,30,30,30,47],"current_hp_per_floor":[61,60,54,54,47,35,35,24,24,46,36,25,47,46,68,57,71,58,42,42,42,42,64,64,64,64,75,48,70,70,75,75,75,75,75,75,75,75,75,75,75,75,75,48,48,48,53,36,60,59],"gold":16,"neow_bonus":"BOSS_RELIC","is_prod":false,"is_daily":false,"chose_seed":false,"campfire_upgraded":0,"win_rate":0,"timestamp":1539384136,"path_taken":["M","M","M","M","?","E","?","E","T","R","E","M","R","E","R","BOSS","M","?","?","?","?","R","?","?","T","R","E","R","$","M","R","BOSS","M","M","?","?","?","R","E","R","T","E","$","?","$","M","R","BOSS"],"build_version":"2018-10-11","purchased_purges":0,"victory":true,"max_hp_per_floor":[75,75,75,75,75,75,75,75,75,75,75,75,75,75,75,75,75,75,75,75,75,75,75,75,75,75,75,75,75,75,75,75,75,75,75,75,75,75,75,75,75,75,75,75,75,75,80,80,80,80],"card_choices":[{"not_picked":["Aggregate","Hologram"],"picked":"Chill","floor":1},{"not_picked":["Streamline","Loop"],"picked":"Genetic Algorithm","floor":2},{"not_picked":["Rebound","Gash"],"picked":"Cold Snap","floor":3},{"not_picked":["Stack","Chill"],"picked":"Cold Snap","floor":4},{"not_picked":["Force Field","Chaos"],"picked":"Cold Snap","floor":6},{"not_picked":["Leap","Doom and Gloom"],"picked":"Hello World","floor":7},{"not_picked":["Loop","Leap"],"picked":"Echo Form","floor":8},{"not_picked":["Conserve Battery","Force Field"],"picked":"Storm+1","floor":11},{"not_picked":["Hologram","Recycle"],"picked":"Coolheaded","floor":12},{"not_picked":["Redo","Heatsinks+1"],"picked":"Defragment+1","floor":14},{"not_picked":["Hyperbeam","All For One"],"picked":"Multi-Cast","floor":16},{"not_picked":["Coolheaded","Rip and Tear","Sunder"],"picked":"SKIP","floor":18},{"not_picked":["Leap","Beam Cell"],"picked":"Reinforced Body","floor":24},{"not_picked":["Doom and Gloom+1","Ball Lightning"],"picked":"Conserve Battery","floor":28},{"not_picked":["Undo+1","Hyperbeam"],"picked":"Double Energy","floor":31},{"not_picked":["Amplify","Electrodynamics+1"],"picked":"Machine Learning+1","floor":33},{"not_picked":["Redo","Coolheaded+1"],"picked":"Conserve Battery+1","floor":35},{"not_picked":["Compile Driver","Gash"],"picked":"Hologram+1","floor":36},{"not_picked":["White Noise","Turbo","Steam+1"],"picked":"SKIP","floor":38},{"not_picked":["Beam Cell+1","Meteor Strike","Hologram+1"],"picked":"SKIP","floor":41},{"not_picked":["Lockon+1","Tempest+1","Skim+1"],"picked":"SKIP","floor":44},{"not_picked":["Stack+1","Consume+1","Sweeping Beam"],"picked":"SKIP","floor":48}],"player_experience":331428,"relics_obtained":[{"floor":6,"key":"Centennial Puzzle"},{"floor":8,"key":"Kunai"},{"floor":9,"key":"Frozen Egg 2"},{"floor":11,"key":"Letter Opener"},{"floor":14,"key":"Bronze Scales"},{"floor":19,"key":"Nilry\u0027s Codex"},{"floor":26,"key":"Sundial"},{"floor":28,"key":"Orichalcum"},{"floor":41,"key":"Juzu Bracelet"},{"floor":43,"key":"Toxic Egg 2"},{"floor":44,"key":"StoneCalendar"}],"event_choices":[{"event_name":"Golden Wing","player_choice":"Card Removal","floor":5,"damage_taken":0},{"event_name":"Cursed Tome","player_choice":"Obtained Book","floor":19,"damage_taken":0},{"event_name":"Back to Basics","player_choice":"Simplicity","floor":20,"damage_taken":0},{"event_name":"The Joust","player_choice":"Bet on Murderer","floor":21,"damage_taken":0},{"event_name":"Nest","player_choice":"Stole From Cult","floor":22,"damage_taken":0},{"event_name":"The Woman in Blue","player_choice":"Bought 3 Potions","floor":25,"damage_taken":0},{"event_name":"Designer","player_choice":"Upgrade Card","floor":37,"damage_taken":0},{"event_name":"Falling","player_choice":"Removed Power","floor":39,"damage_taken":0},{"event_name":"SensoryStone","player_choice":"Memory 1","floor":46,"damage_taken":0}],"is_beta":false,"boss_relics":[{"not_picked":["Calling Bell","Astrolabe"],"picked":"Fusion Hammer"},{"not_picked":["Tiny House","Lizard Tail"],"picked":"Philosopher\u0027s Stone"}],"items_purged_floors":[],"is_endless":false,"potions_floor_spawned":[1,3,6,24,28,38,44],"ascension_level":9}