{"gold_per_floor":[119,119,135,135,210,210,233,233,233,271,271,305,341,353,365,500,512,538,550,583,595,623,635],"floor_reached":23,"playtime":1136,"items_purged":[],"score":224,"play_id":"6830d3d4-22b0-4975-834a-0f831963d0da","local_time":"20190410235526","is_ascension_mode":false,"campfire_choices":[{"data":"Neutralize","floor":6,"key":"SMITH"},{"data":"Poisoned Stab","floor":8,"key":"SMITH"},{"data":"Flying Knee","floor":11,"key":"SMITH"},{"floor":15,"key":"REST"}],"neow_cost":"NONE","seed_source_timestamp":148380780631197,"circlet_count":0,"master_deck":["Defend_G","Defend_G","Defend_G","Survivor","Neutralize+1","Poisoned Stab","Poisoned Stab+1","Flying Knee+1","Poisoned Stab","Acrobatics","Sucker Punch","Backflip","Deflect+1","Bite","Bite","Bite","Bite","Bite","Reflex","Flying Knee"],"relics":["Ring of the Snake","Golden Idol","Smiling Mask","Juzu Bracelet","MawBank","Orrery"],"potions_floor_usage":[16,22,22],"damage_taken":[{"damage":0,"enemies":"Small Slimes","floor":1,"turns":4},{"damage":1,"enemies":"2 Louse","floor":3,"turns":3},{"damage":0,"enemies":"Cultist","floor":7,"turns":3},{"damage":10,"enemies":"Gremlin Nob","floor":10,"turns":4},{"damage":16,"enemies":"3 Sentries","floor":12,"turns":10},{"damage":3,"enemies":"2 Fungi Beasts","floor":13,"turns":3},{"damage":45,"enemies":"Slime Boss","floor":16,"turns":14},{"damage":31,"enemies":"Spheric Guardian","floor":18,"turns":6},{"damage":3,"enemies":"Shell Parasite","floor":20,"turns":6},{"damage":26,"enemies":"Chosen and Byrds","floor":22,"turns":6},{"damage":48,"enemies":"Book of Stabbing","floor":23,"turns":6}],"seed_played":"7543964711198118519","potions_obtained":[{"floor":7,"key":"Dexterity Potion"},{"floor":10,"key":"Swift Potion"},{"floor":18,"key":"Poison Potion"},{"floor":20,"key":"Strength Potion"},{"floor":22,"key":"Ancient Potion"}],"is_trial":false,"path_per_floor":["M","?","M","?","?","R","M","R","T","E","R","E","M","?","R","B",null,"M","?","M","?","M","E"],"character_chosen":"THE_SILENT","items_purchased":[],"campfire_rested":1,"item_purchase_floors":[],"current_hp_per_floor":[77,58,57,62,51,51,51,51,51,41,41,25,22,22,46,1,82,51,51,56,56,38,0],"gold":635,"neow_bonus":"TEN_PERCENT_HP_BONUS","is_prod":false,"is_daily":false,"chose_seed":false,"campfire_upgraded":3,"win_rate":0,"timestamp":1554936926,"path_taken":["M","?","M","?","?","R","M","R","T","E","R","E","M","?","R","BOSS","M","?","M","?","M","E"],"build_version":"2019-01-23","purchased_purges":0,"victory":false,"max_hp_per_floor":[77,77,77,82,82,82,82,82,82,82,82,82,82,82,82,82,82,82,57,57,57,57,57],"card_choices":[{"not_picked":["Flying Knee","Acrobatics"],"picked":"Poisoned Stab","floor":1},{"not_picked":["Deflect","Prepared"],"picked":"Poisoned Stab","floor":3},{"not_picked":["Leg Sweep","Tools of the Trade"],"picked":"Flying Knee","floor":10},{"not_picked":["Adrenaline","Blade Dance"],"picked":"Poisoned Stab","floor":12},{"not_picked":["Deadly Poison","Underhanded Strike"],"picked":"Acrobatics","floor":13},{"not_picked":["Footwork","Dash"],"picked":"Sucker Punch","floor":17},{"not_picked":["Riddle With Holes","Crippling Poison"],"picked":"Backflip","floor":17},{"not_picked":["Backflip","Deadly Poison"],"picked":"Deflect+1","floor":18}],"player_experience":426245,"relics_obtained":[{"floor":9,"key":"Smiling Mask"},{"floor":10,"key":"Juzu Bracelet"},{"floor":12,"key":"MawBank"}],"event_choices":[{"damage_healed":0,"gold_gain":0,"player_choice":"Take Damage","damage_taken":19,"relics_obtained":["Golden Idol"],"max_hp_gain":0,"max_hp_loss":0,"event_name":"Golden Idol","floor":2,"gold_loss":0},{"damage_healed":0,"gold_gain":0,"player_choice":"Donut","damage_taken":0,"max_hp_gain":5,"max_hp_loss":0,"event_name":"Big Fish","floor":4,"gold_loss":0},{"damage_healed":0,"gold_gain":75,"player_choice":"Gather Gold","damage_taken":11,"max_hp_gain":0,"max_hp_loss":0,"event_name":"World of Goop","floor":5,"gold_loss":0},{"damage_healed":0,"gold_gain":0,"player_choice":"Ignored","damage_taken":0,"max_hp_gain":0,"max_hp_loss":0,"event_name":"NoteForYourself","floor":14,"gold_loss":0},{"damage_healed":0,"gold_gain":0,"player_choice":"Became a vampire","damage_taken":0,"max_hp_gain":0,"max_hp_loss":25,"event_name":"Vampires","floor":19,"gold_loss":0,"cards_obtained":["Bite","Bite","Bite","Bite","Bite"]},{"damage_healed":0,"gold_gain":0,"cards_transformed":["Defend_G","Defend_G"],"player_choice":"Became Test Subject","damage_taken":0,"max_hp_gain":0,"max_hp_loss":0,"event_name":"Drug Dealer","floor":21,"gold_loss":0,"cards_obtained":["Reflex","Flying Knee"]}],"is_beta":false,"boss_relics":[{"not_picked":["Ring of the Serpent","Eternal Feather"],"picked":"Orrery"}],"items_purged_floors":[],"is_endless":false,"potions_floor_spawned":[7,10,18,20,22],"killed_by":"Book of Stabbing","ascension_level":0}