{"gold_per_floor":[363,363,374,3,14,14,32,32,32,32,32,71,142,167,167,167],"floor_reached":16,"playtime":536,"items_purged":[],"score":200,"play_id":"f3c3b26a-3749-4da0-8869-32c8f20446a4","local_time":"20190406220522","is_ascension_mode":true,"campfire_choices":[{"data":"Uppercut","floor":6,"key":"SMITH"},{"data":"Evolve","floor":8,"key":"SMITH"},{"data":"Inflame","floor":10,"key":"SMITH"},{"floor":15,"key":"REST"}],"neow_cost":"TEN_PERCENT_HP_LOSS","seed_source_timestamp":45859677140706,"circlet_count":0,"master_deck":["AscendersBane","Strike_R","Strike_R","Strike_R","Strike_R","Strike_R","Defend_R","Defend_R","Defend_R","Defend_R","Bash","Uppercut+1","Wild Strike","Evolve+1","True Grit","Fiend Fire","True Grit","Corruption","Inflame+1","Clothesline","Shrug It Off"],"relics":["Burning Blood","Lantern","Juzu Bracelet","Golden Idol","Letter Opener","Singing Bowl"],"potions_floor_usage":[12,13,14],"damage_taken":[{"damage":6,"enemies":"Cultist","floor":1,"turns":3},{"damage":14,"enemies":"Jaw Worm","floor":3,"turns":4},{"damage":1,"enemies":"2 Louse","floor":5,"turns":3},{"damage":6,"enemies":"Exordium Wildlife","floor":7,"turns":4},{"damage":21,"enemies":"Gremlin Nob","floor":12,"turns":4},{"damage":6,"enemies":"Gremlin Nob","floor":13,"turns":3},{"damage":27,"enemies":"Exordium Thugs","floor":14,"turns":7},{"damage":33,"enemies":"Slime Boss","floor":16,"turns":3}],"seed_played":"599477239034299145","potions_obtained":[{"floor":1,"key":"EssenceOfSteel"},{"floor":3,"key":"GamblersBrew"},{"floor":12,"key":"SteroidPotion"}],"is_trial":false,"path_per_floor":["M","?","M","$","M","R","M","R","T","R","?","E","?","M","R","B"],"character_chosen":"IRONCLAD","items_purchased":["Lantern","Fiend Fire","True Grit"],"campfire_rested":1,"item_purchase_floors":[4,4,4],"current_hp_per_floor":[68,68,60,60,65,65,65,65,65,65,42,27,29,8,29,0],"gold":167,"neow_bonus":"TWO_FIFTY_GOLD","is_prod":false,"is_daily":false,"chose_seed":false,"campfire_upgraded":3,"win_rate":0,"timestamp":1554602722,"path_taken":["M","?","M","$","?","R","M","R","T","R","?","E","?","M","R","BOSS"],"build_version":"2019-01-23","purchased_purges":0,"victory":false,"max_hp_per_floor":[68,68,68,68,68,68,68,68,68,68,68,68,70,70,70,70],"card_choices":[{"not_picked":["Disarm","Infernal Blade"],"picked":"Uppercut","floor":1},{"not_picked":["Body Slam","Cleave"],"picked":"True Grit","floor":3},{"not_picked":["Shrug It Off","Evolve"],"picked":"Corruption","floor":5},{"not_picked":["True Grit","Armaments"],"picked":"Inflame","floor":7},{"not_picked":["Headbutt","Iron Wave"],"picked":"Clothesline","floor":12},{"not_picked":["Fiend Fire","Perfected Strike","Clash"],"picked":"Singing Bowl","floor":13},{"not_picked":["Flex","Body Slam"],"picked":"Shrug It Off","floor":14}],"player_experience":858583,"relics_obtained":[{"floor":9,"key":"Juzu Bracelet"},{"floor":12,"key":"Letter Opener"},{"floor":13,"key":"Singing Bowl"}],"event_choices":[{"damage_healed":0,"gold_gain":0,"player_choice":"2 cards matched","damage_taken":0,"max_hp_gain":0,"max_hp_loss":0,"event_name":"Match and Keep!","floor":2,"gold_loss":0,"cards_obtained":["Wild Strike","Evolve"]},{"damage_healed":0,"gold_gain":0,"player_choice":"Take Damage","damage_taken":23,"relics_obtained":["Golden Idol"],"max_hp_gain":0,"max_hp_loss":0,"event_name":"Golden Idol","floor":11,"gold_loss":0},{"damage_healed":0,"gold_gain":30,"player_choice":"Searched \u00272\u0027 times","damage_taken":0,"max_hp_gain":0,"max_hp_loss":0,"event_name":"Dead Adventurer","floor":13,"gold_loss":0}],"is_beta":false,"boss_relics":[],"items_purged_floors":[],"is_endless":false,"potions_floor_spawned":[1,3,12],"killed_by":"Slime Boss","ascension_level":20}