{"gold_per_floor":[113,38,48,48,23,23,48,68,68,87,106,106,162,196,196,273,273,289,299,299,299,299,299],"floor_reached":23,"playtime":761,"items_purged":["Regret"],"score":398,"play_id":"fa3b15e9-da10-4809-9e34-af9f71ad79b1","local_time":"20190503103624","is_ascension_mode":true,"campfire_choices":[{"data":"Bash","floor":6.0,"key":"SMITH"},{"floor":12.0,"key":"REST"},{"data":"Inflame","floor":15.0,"key":"SMITH"}],"neow_cost":"CURSE","seed_source_timestamp":0,"circlet_count":0,"master_deck":["AscendersBane","Strike_R","Strike_R","Strike_R","Strike_R","Strike_R","Defend_R","Defend_R","Defend_R","Defend_R","Bash+1","Inflame+1","Pommel Strike","Anger","Whirlwind","Second Wind+1","Warcry+1","Shrug It Off+1","Heavy Blade","Evolve","Demon Form","Shrug It Off+1","Ghostly+1","Ghostly+1","Ghostly+1"],"special_seed":0,"relics":["Burning Blood","WingedGreaves","Toxic Egg 2","Centennial Puzzle","Lantern","Bag of Preparation","Black Star","MutagenicStrength"],"potions_floor_usage":[23],"damage_taken":[{"damage":12.0,"enemies":"Cultist","floor":1.0,"turns":4.0},{"damage":7.0,"enemies":"Jaw Worm","floor":3.0,"turns":3.0},{"damage":35.0,"enemies":"3 Sentries","floor":7.0,"turns":9.0},{"damage":0.0,"enemies":"Small Slimes","floor":8.0,"turns":2.0},{"damage":9.0,"enemies":"2 Fungi Beasts","floor":10.0,"turns":3.0},{"damage":16.0,"enemies":"Blue Slaver","floor":11.0,"turns":4.0},{"damage":20.0,"enemies":"3 Sentries","floor":13.0,"turns":6.0},{"damage":15.0,"enemies":"Lagavulin","floor":14.0,"turns":4.0},{"damage":34.0,"enemies":"Hexaghost","floor":16.0,"turns":8.0},{"damage":18.0,"enemies":"Chosen","floor":18.0,"turns":4.0},{"damage":22.0,"enemies":"Shell Parasite","floor":19.0,"turns":4.0},{"damage":40,"enemies":"Book of Stabbing","floor":23,"turns":4}],"seed_played":"-6314284164383211042","potions_obtained":[{"floor":8.0,"key":"GamblersBrew"},{"floor":11.0,"key":"Strength Potion"},{"floor":13.0,"key":"BloodPotion"},{"floor":19.0,"key":"SpeedPotion"}],"is_trial":false,"path_per_floor":["M","$","M","?","$","R","E","M","T","M","M","R","?","E","R","B",null,"M","M","?","?","?","E"],"character_chosen":"IRONCLAD","items_purchased":["Anger"],"campfire_rested":1,"item_purchase_floors":[5],"current_hp_per_floor":[62,62,61,66,66,66,37,43,43,40,30,54,40,31,31,11,63,51,35,35,35,35,0],"gold":299,"neow_bonus":"ONE_RARE_RELIC","is_prod":false,"is_daily":false,"chose_seed":false,"campfire_upgraded":2,"win_rate":0,"timestamp":1556894184,"path_taken":["M","$","?","?","$","R","E","M","T","M","M","R","?","E","R","BOSS","M","M","?","?","?","E"],"build_version":"2019-04-23","purchased_purges":1,"victory":false,"max_hp_per_floor":[75,75,75,80,80,80,80,80,80,80,80,80,80,80,80,80,80,80,80,40,40,40,40],"card_choices":[{"not_picked":["Havoc","Cleave"],"picked":"Inflame","floor":1.0},{"not_picked":["Wild Strike","True Grit"],"picked":"Pommel Strike","floor":3.0},{"not_picked":["Body Slam","Pummel"],"picked":"Whirlwind","floor":7.0},{"not_picked":["Shrug It Off+1","Twin Strike"],"picked":"Second Wind+1","floor":8.0},{"not_picked":["Twin Strike","Rupture"],"picked":"Warcry+1","floor":10.0},{"not_picked":["Flex+1","Warcry+1"],"picked":"Shrug It Off+1","floor":11.0},{"not_picked":["Sword Boomerang","Body Slam"],"picked":"Heavy Blade","floor":13.0},{"not_picked":["Blood for Blood","Reckless Charge"],"picked":"Evolve","floor":14.0},{"not_picked":["Exhume+1","Bludgeon"],"picked":"Demon Form","floor":16.0},{"not_picked":["Entrench+1","Body Slam","Cleave"],"picked":"SKIP","floor":18.0},{"not_picked":["Hemokinesis","Heavy Blade"],"picked":"Shrug It Off+1","floor":19.0}],"player_experience":1610689,"relics_obtained":[{"floor":7.0,"key":"Toxic Egg 2"},{"floor":9.0,"key":"Centennial Puzzle"},{"floor":13.0,"key":"Lantern"},{"floor":14.0,"key":"Bag of Preparation"}],"event_choices":[{"damage_healed":0.0,"max_hp_gain":5.0,"max_hp_loss":0.0,"gold_gain":0.0,"event_name":"Big Fish","player_choice":"Donut","floor":4.0,"gold_loss":0.0,"damage_taken":0.0},{"damage_healed":0.0,"max_hp_gain":0.0,"max_hp_loss":0.0,"gold_gain":0.0,"event_name":"Dead Adventurer","player_choice":"Searched \u00271\u0027 times","floor":13.0,"gold_loss":0.0,"damage_taken":0.0},{"damage_healed":0.0,"max_hp_gain":0.0,"max_hp_loss":40.0,"gold_gain":0.0,"event_name":"Ghosts","player_choice":"Became a Ghost","floor":20.0,"gold_loss":0.0,"damage_taken":0.0,"cards_obtained":["Ghostly","Ghostly","Ghostly"]},{"damage_healed":0.0,"max_hp_gain":0.0,"max_hp_loss":0.0,"gold_gain":0.0,"event_name":"Drug Dealer","player_choice":"Inject Mutagens","floor":21.0,"gold_loss":0.0,"damage_taken":0.0,"relics_obtained":["MutagenicStrength"]},{"damage_healed":0.0,"max_hp_gain":0.0,"max_hp_loss":0.0,"gold_gain":0.0,"event_name":"The Mausoleum","player_choice":"Ignored","floor":22.0,"gold_loss":0.0,"damage_taken":0.0}],"is_beta":true,"boss_relics":[{"not_picked":["Runic Cube","Empty Cage"],"picked":"Black Star"}],"items_purged_floors":[2],"is_endless":false,"potions_floor_spawned":[8,11,13,19],"killed_by":"Book of Stabbing","ascension_level":20}