{"gold_per_floor":[109,129,129,147,162,162,174,184,208,234,244,319,319,319,319,418,418,434,75,94,9,28,53,71,71,71,101,101,135,135,135,135,235,235,247,257,257,16,31,31,61,71,71,97,97,132,149,199,199,199,199,199,18,45,45],"floor_reached":56,"playtime":3168,"items_purged":["Strike_B"],"score":1322,"play_id":"597a1789-5532-4c23-9880-026e595fa8cd","local_time":"20190317214819","is_ascension_mode":false,"campfire_choices":[{"data":"Genetic Algorithm","floor":6,"key":"SMITH"},{"floor":13,"key":"REST"},{"data":"Sunder","floor":15,"key":"SMITH"},{"data":"Electrodynamics","floor":25,"key":"SMITH"},{"data":"Thunder Strike","floor":28,"key":"SMITH"},{"data":"Seek","floor":32,"key":"SMITH"},{"floor":40,"key":"RECALL"},{"data":"Barricade","floor":45,"key":"SMITH"},{"floor":49,"key":"REST"},{"data":"Conserve Battery","floor":52,"key":"SMITH"}],"neow_cost":"TEN_PERCENT_HP_LOSS","seed_source_timestamp":277572799470799,"circlet_count":0,"master_deck":["Strike_B+1","Strike_B+1","Defend_B+1","Defend_B","Defend_B","Defend_B","Zap","Dualcast","Conserve Battery+1","Genetic Algorithm+1","Cold Snap+1","Sunder+1","Capacitor","Thunder Strike+1","Self Repair","Buffer","Doom and Gloom+1","Electrodynamics+1","Prepared","Body Slam+1","Conserve Battery+1","Seek+1","Barricade+1","Chaos","Predator+1","Adrenaline","Tempest+1","Meteor Strike+1","Static Discharge"],"relics":["Cracked Core","Thread and Needle","Bag of Preparation","Art of War","DataDisk","Sozu","PrismaticShard","Dream Catcher","Strawberry","Molten Egg 2","Centennial Puzzle","Oddly Smooth Stone","Nilry\u0027s Codex","Nuclear Battery","Bottled Lightning","Pear","Whetstone","Blood Vial","PreservedInsect","Anchor"],"potions_floor_usage":[2,10,16,16,18],"damage_taken":[{"damage":0,"enemies":"Small Slimes","floor":1,"turns":3},{"damage":0,"enemies":"2 Louse","floor":2,"turns":2},{"damage":0,"enemies":"Jaw Worm","floor":4,"turns":4},{"damage":8,"enemies":"Exordium Thugs","floor":5,"turns":5},{"damage":0,"enemies":"Exordium Wildlife","floor":7,"turns":1},{"damage":0,"enemies":"3 Louse","floor":8,"turns":3},{"damage":9,"enemies":"Lagavulin","floor":10,"turns":6},{"damage":0,"enemies":"Looter","floor":11,"turns":4},{"damage":11,"enemies":"Slime Boss","floor":16,"turns":8},{"damage":6,"enemies":"2 Thieves","floor":18,"turns":5},{"damage":0,"enemies":"Shell Parasite","floor":20,"turns":6},{"damage":17,"enemies":"Snake Plant","floor":22,"turns":4},{"damage":7,"enemies":"Slavers","floor":23,"turns":3},{"damage":10,"enemies":"Chosen and Byrds","floor":24,"turns":5},{"damage":20,"enemies":"Book of Stabbing","floor":27,"turns":6},{"damage":11,"enemies":"Slavers","floor":29,"turns":3},{"damage":2,"enemies":"Automaton","floor":33,"turns":10},{"damage":3,"enemies":"Orb Walker","floor":35,"turns":3},{"damage":0,"enemies":"3 Darklings","floor":36,"turns":2},{"damage":0,"enemies":"Jaw Worm Horde","floor":39,"turns":3},{"damage":0,"enemies":"Reptomancer","floor":41,"turns":5},{"damage":0,"enemies":"Maw","floor":42,"turns":8},{"damage":30,"enemies":"Giant Head","floor":44,"turns":10},{"damage":14,"enemies":"Nemesis","floor":46,"turns":9},{"damage":0,"enemies":"Transient","floor":47,"turns":5},{"damage":9,"enemies":"Time Eater","floor":50,"turns":11},{"damage":0,"enemies":"Shield and Spear","floor":54,"turns":4},{"damage":49,"enemies":"The Heart","floor":55,"turns":13}],"seed_played":"-436049290765717199","potions_obtained":[{"floor":2,"key":"Fruit Juice"},{"floor":4,"key":"Block Potion"},{"floor":5,"key":"Fire Potion"},{"floor":8,"key":"Strength Potion"},{"floor":16,"key":"Block Potion"}],"is_trial":false,"path_per_floor":["M","M","?","M","M","R","M","M","T","E","M","?","R","?","R","B",null,"M","$","M","?","M","E","M","R","T","E","R","E","?","?","R","B",null,"M","M","?","$","M","R","E","M","T","E","R","E","M","T","R","B",null,"R","$","E","B",null],"character_chosen":"DEFECT","items_purchased":["Electrodynamics","PrismaticShard","Bottled Lightning","Meteor Strike+1","Static Discharge"],"campfire_rested":2,"item_purchase_floors":[19,19,38,53,53],"current_hp_per_floor":[68,73,58,58,50,50,50,50,50,41,41,30,51,48,48,37,73,73,73,73,73,63,70,67,67,67,54,54,50,34,60,60,65,80,80,80,80,80,80,80,90,90,90,67,67,60,69,69,90,81,90,90,90,90,48],"gold":45,"neow_bonus":"ONE_RARE_RELIC","is_prod":false,"is_daily":false,"chose_seed":false,"campfire_upgraded":7,"win_rate":0,"timestamp":1552855699,"path_taken":["M","M","?","M","M","R","M","M","T","E","M","?","R","?","R","BOSS","M","$","M","?","M","E","M","R","T","E","R","E","?","?","R","BOSS","M","M","?","?","M","R","E","M","T","E","R","E","M","?","R","BOSS","R","$","E","BOSS"],"build_version":"2019-01-23","purchased_purges":1,"victory":true,"max_hp_per_floor":[68,73,73,73,73,73,73,73,73,73,73,73,73,73,73,73,73,73,73,73,73,73,80,80,80,80,80,80,80,80,80,80,80,80,80,80,80,80,80,80,90,90,90,90,90,90,90,90,90,90,90,90,90,90,90],"card_choices":[{"not_picked":["Ball Lightning","Consume"],"picked":"Conserve Battery","floor":1},{"not_picked":["Doom and Gloom","Rebound"],"picked":"Genetic Algorithm","floor":2},{"not_picked":["Gash","Recycle"],"picked":"Cold Snap","floor":4},{"not_picked":["Beam Cell","Scrape"],"picked":"Sunder","floor":5},{"not_picked":["Sunder","Leap"],"picked":"Capacitor","floor":7},{"not_picked":["Conserve Battery","Barrage","Rebound"],"picked":"SKIP","floor":8},{"not_picked":["Heatsinks","Biased Cognition"],"picked":"Thunder Strike","floor":10},{"not_picked":["Fusion","Sweeping Beam"],"picked":"Self Repair","floor":11},{"not_picked":["All For One","Thunder Strike"],"picked":"Buffer","floor":16},{"not_picked":["BootSequence","Hologram+1"],"picked":"Doom and Gloom+1","floor":18},{"not_picked":["Cold Snap","Thunderclap+1"],"picked":"Prepared","floor":20},{"not_picked":["Auto Shields+1","Iron Wave"],"picked":"Body Slam+1","floor":22},{"not_picked":["Underhanded Strike+1","Reaper","Dagger Spray"],"picked":"SKIP","floor":23},{"not_picked":["Dagger Throw+1","Setup"],"picked":"Conserve Battery+1","floor":24},{"not_picked":["Havoc","Flex","Conserve Battery"],"picked":"SKIP","floor":27},{"not_picked":["Headbutt+1","Poisoned Stab+1"],"picked":"Seek","floor":29},{"not_picked":["Corpse Explosion","Master of Strategy"],"picked":"Barricade","floor":33},{"not_picked":["Coolheaded+1","Rupture+1","True Grit"],"picked":"SKIP","floor":35},{"not_picked":["Go for the Eyes+1","Deflect","Storm"],"picked":"SKIP","floor":36},{"not_picked":["Deep Breath","Perfected Strike+1","Finesse"],"picked":"SKIP","floor":39},{"not_picked":["Ball Lightning+1","Secret Weapon","Sweeping Beam+1"],"picked":"SKIP","floor":41},{"not_picked":["Iron Wave+1","Havoc+1","Recycle"],"picked":"SKIP","floor":42},{"not_picked":["Undo","Cloak And Dagger"],"picked":"Predator+1","floor":44},{"not_picked":["Cold Snap+1","Poisoned Stab+1"],"picked":"Adrenaline","floor":46},{"not_picked":["Beam Cell+1","Enlightenment+1"],"picked":"Tempest+1","floor":47},{"not_picked":["Bane+1","Thunderclap+1","Blur+1"],"picked":"SKIP","floor":54}],"player_experience":334536,"relics_obtained":[{"floor":9,"key":"Bag of Preparation"},{"floor":10,"key":"Art of War"},{"floor":23,"key":"Strawberry"},{"floor":26,"key":"Molten Egg 2"},{"floor":27,"key":"Centennial Puzzle"},{"floor":29,"key":"Oddly Smooth Stone"},{"floor":30,"key":"Nilry\u0027s Codex"},{"floor":41,"key":"Pear"},{"floor":44,"key":"Whetstone"},{"floor":46,"key":"Blood Vial"},{"floor":48,"key":"PreservedInsect"},{"floor":54,"key":"Anchor"}],"event_choices":[{"damage_healed":0,"gold_gain":0,"player_choice":"Entered Light","damage_taken":15,"max_hp_gain":0,"max_hp_loss":0,"event_name":"Shining Light","floor":3,"gold_loss":0,"cards_upgraded":["Defend_B","Strike_B"]},{"damage_healed":0,"gold_gain":75,"player_choice":"Gather Gold","damage_taken":11,"max_hp_gain":0,"max_hp_loss":0,"event_name":"World of Goop","floor":12,"gold_loss":0},{"damage_healed":0,"gold_gain":0,"player_choice":"Success","damage_taken":3,"relics_obtained":["DataDisk"],"max_hp_gain":0,"max_hp_loss":0,"event_name":"Scrap Ooze","floor":14,"gold_loss":0},{"damage_healed":0,"gold_gain":0,"player_choice":"Obtained Relic","damage_taken":0,"relics_obtained":["Dream Catcher"],"max_hp_gain":0,"max_hp_loss":0,"event_name":"Addict","floor":21,"gold_loss":85},{"damage_healed":0,"gold_gain":0,"player_choice":"Obtained Book","damage_taken":16,"max_hp_gain":0,"max_hp_loss":0,"event_name":"Cursed Tome","floor":30,"gold_loss":0},{"damage_healed":26,"gold_gain":0,"player_choice":"Heal","damage_taken":0,"max_hp_gain":0,"max_hp_loss":0,"event_name":"The Library","floor":31,"gold_loss":0},{"damage_healed":0,"gold_gain":0,"cards_transformed":["Strike_B"],"player_choice":"Transformed","damage_taken":0,"max_hp_gain":0,"max_hp_loss":0,"event_name":"Transmorgrifier","floor":37,"gold_loss":0,"cards_obtained":["Chaos"]}],"is_beta":false,"boss_relics":[{"not_picked":["Coffee Dripper","Pandora\u0027s Box"],"picked":"Sozu"},{"not_picked":["Eternal Feather","Lizard Tail"],"picked":"Nuclear Battery"}],"items_purged_floors":[19],"is_endless":false,"potions_floor_spawned":[2,4,5,8,16,23,24,29,35,41,46,47,54],"ascension_level":0}