{"gold_per_floor":[119,119,139,104,118,152,3,61,85,85,117,117,117,133,133,133],"floor_reached":16,"playtime":646,"items_purged":[],"score":159,"play_id":"727ac36a-5238-4332-8a9a-d22f96bca43e","local_time":"20180920134119","is_ascension_mode":true,"campfire_choices":[{"floor":10,"key":"REST"},{"floor":12,"key":"REST"},{"data":"Blur","floor":15,"key":"SMITH"}],"neow_cost":"NONE","seed_source_timestamp":164585151933043,"circlet_count":0,"master_deck":["Defend_G","Defend_G","Defend_G","Defend_G","Defend_G","Strike_G","Strike_G+1","Strike_G","Strike_G+1","Strike_G","Survivor","Neutralize","Quick Slash","Dagger Spray","Backflip","Blur+1","Cloak And Dagger","PiercingWail","Blade Dance","Cloak And Dagger","Backflip"],"relics":["Ring of the Snake","NeowsBlessing","Dream Catcher","PreservedInsect","Tiny Chest","Potion Belt","Prayer Wheel","Smiling Mask"],"potions_floor_usage":[6,8],"damage_taken":[{"damage":0,"enemies":"Jaw Worm","floor":1,"turns":1},{"damage":0,"enemies":"2 Louse","floor":3,"turns":1},{"damage":0,"enemies":"Cultist","floor":5,"turns":1},{"damage":28,"enemies":"Gremlin Nob","floor":6,"turns":4},{"damage":26,"enemies":"Lagavulin","floor":8,"turns":9},{"damage":15,"enemies":"3 Sentries","floor":11,"turns":6},{"damage":0,"enemies":"2 Fungi Beasts","floor":14,"turns":4},{"damage":52,"enemies":"The Guardian","floor":16,"turns":20}],"seed_played":"522653555581330331","potions_obtained":[{"floor":3,"key":"Poison Potion"},{"floor":6,"key":"Block Potion"}],"is_trial":false,"path_per_floor":["M","?","M","?","M","E","$","E","T","R","E","R","T","M","R"],"character_chosen":"THE_SILENT","items_purchased":["PreservedInsect"],"campfire_rested":2,"item_purchase_floors":[7],"current_hp_per_floor":[63,49,49,66,66,38,38,12,12,33,18,39,39,39,39,0],"gold":133,"neow_bonus":"THREE_ENEMY_KILL","is_prod":false,"is_daily":false,"chose_seed":false,"campfire_upgraded":1,"win_rate":0,"timestamp":1537465279,"path_taken":["M","?","?","?","M","E","?","E","T","R","E","R","?","M","R","BOSS"],"build_version":"2018-09-06","purchased_purges":0,"victory":false,"max_hp_per_floor":[70,70,70,70,70,70,70,70,70,70,70,70,70,70,70,70],"card_choices":[{"not_picked":["Dagger Throw","Acrobatics"],"picked":"Quick Slash","floor":1},{"not_picked":["Acrobatics","Tactician"],"picked":"Dagger Spray","floor":3},{"not_picked":["Flying Knee","Underhanded Strike"],"picked":"Backflip","floor":5},{"not_picked":["Outmaneuver","Skewer"],"picked":"Blur","floor":6},{"not_picked":["Dagger Throw","Grand Finale"],"picked":"Cloak And Dagger","floor":8},{"not_picked":["Concentrate","Bane"],"picked":"PiercingWail","floor":10},{"not_picked":["Bane","PiercingWail","Dagger Throw"],"picked":"SKIP","floor":11},{"not_picked":["Acrobatics","Concentrate"],"picked":"Blade Dance","floor":12},{"not_picked":["Prepared","Well Laid Plans"],"picked":"Cloak And Dagger","floor":14},{"not_picked":["Dash","Sucker Punch"],"picked":"Backflip","floor":14}],"player_experience":266542,"relics_obtained":[{"floor":6,"key":"Dream Catcher"},{"floor":8,"key":"Tiny Chest"},{"floor":9,"key":"Potion Belt"},{"floor":11,"key":"Prayer Wheel"},{"floor":13,"key":"Smiling Mask"}],"event_choices":[{"event_name":"Shining Light","player_choice":"Entered Light","floor":2,"damage_taken":0},{"event_name":"The Cleric","player_choice":"Healed","floor":4,"damage_taken":0}],"is_beta":false,"boss_relics":[],"items_purged_floors":[],"is_endless":false,"potions_floor_spawned":[3,6],"killed_by":"The Guardian","ascension_level":7}