{"gold_per_floor":[119,133,133,153,172,172,231,231,258,268,224,235,266,284,284,382,382,401,401,401,420,15,15],"floor_reached":23,"playtime":1012,"items_purged":[],"score":244,"play_id":"33bc8de1-01c1-4706-a338-87e1099acd72","local_time":"20180815225443","is_ascension_mode":true,"campfire_choices":[{"data":"Chill","floor":6.0,"key":"SMITH"},{"floor":8.0,"key":"REST"},{"floor":15.0,"key":"REST"}],"neow_cost":"","seed_source_timestamp":13948027001586,"circlet_count":0,"master_deck":["Strike_B","Strike_B","Strike_B","Strike_B","Defend_B","Defend_B","Defend_B","Defend_B","Zap","Dualcast","Sweeping Beam","Sunder","Chill+1","Double Energy","Reinforced Body","Reboot","Consume","Leap","Doom and Gloom","Meteor Strike","Loop+1","Self Repair+1"],"special_seed":0,"relics":["Cracked Core","Tiny Chest","Omamori","Potion Belt","Sozu","Regal Pillow","Bag of Preparation","Meat on the Bone"],"potions_floor_usage":[],"damage_taken":[{"damage":3.0,"enemies":"2 Louse","floor":1.0,"turns":2.0},{"damage":0.0,"enemies":"Small Slimes","floor":2.0,"turns":2.0},{"damage":4.0,"enemies":"Jaw Worm","floor":4.0,"turns":3.0},{"damage":6.0,"enemies":"Lots of Slimes","floor":5.0,"turns":2.0},{"damage":44.0,"enemies":"Lagavulin","floor":7.0,"turns":9.0},{"damage":6.0,"enemies":"Gremlin Gang","floor":10.0,"turns":4.0},{"damage":6.0,"enemies":"3 Louse","floor":12.0,"turns":2.0},{"damage":5.0,"enemies":"3 Sentries","floor":13.0,"turns":4.0},{"damage":0.0,"enemies":"2 Fungi Beasts","floor":14.0,"turns":4.0},{"damage":27.0,"enemies":"Hexaghost","floor":16.0,"turns":12.0},{"damage":27.0,"enemies":"Chosen","floor":18.0,"turns":5.0},{"damage":0.0,"enemies":"Spheric Guardian","floor":21.0,"turns":3.0},{"damage":53,"enemies":"Gremlin Leader","floor":23,"turns":6}],"seed_played":"6283771537798782840","potions_obtained":[{"floor":2.0,"key":"Dexterity Potion"},{"floor":7.0,"key":"PowerPotion"},{"floor":12.0,"key":"Swift Potion"},{"floor":13.0,"key":"Energy Potion"},{"floor":14.0,"key":"SpeedPotion"}],"is_trial":false,"path_per_floor":["M","M","?","M","M","R","E","R","T","M","?","M","E","M","R","B",null,"M","?","T","M","$"],"character_chosen":"DEFECT","items_purchased":["Bag of Preparation","Meat on the Bone"],"campfire_rested":2,"item_purchase_floors":[22,22],"current_hp_per_floor":[72,72,77,73,67,67,23,47,47,41,41,35,30,30,54,27,80,53,53,53,53,53,0],"gold":15,"neow_bonus":"","is_prod":false,"is_daily":false,"chose_seed":false,"campfire_upgraded":1,"win_rate":0,"timestamp":1534388083,"path_taken":["M","M","?","M","?","R","E","R","T","?","?","M","E","M","R","BOSS","M","?","?","M","$","E"],"build_version":"2018-08-09","purchased_purges":0,"victory":false,"max_hp_per_floor":[75,75,80,80,80,80,80,80,80,80,80,80,80,80,80,80,80,80,80,80,80,80,80],"card_choices":[{"not_picked":["Turbo","Conserve Battery"],"picked":"Sweeping Beam","floor":1.0},{"not_picked":["Recycle","Static Discharge"],"picked":"Sunder","floor":2.0},{"not_picked":["Rebound","Scrape"],"picked":"Chill","floor":4.0},{"not_picked":["Scrape","Skim"],"picked":"Double Energy","floor":5.0},{"not_picked":["Double Energy","Storm"],"picked":"Reinforced Body","floor":7.0},{"not_picked":["Ball Lightning","Compile Driver"],"picked":"Reboot","floor":10.0},{"not_picked":["Skim","Blizzard"],"picked":"Consume","floor":12.0},{"not_picked":["Coolheaded","Barrage"],"picked":"Leap","floor":13.0},{"not_picked":["Lockon","Coolheaded"],"picked":"Doom and Gloom","floor":14.0},{"not_picked":["Multi-Cast","Machine Learning"],"picked":"Meteor Strike","floor":16.0},{"not_picked":["Streamline","Cold Snap"],"picked":"Loop+1","floor":18.0},{"not_picked":["Hello World+1","Ball Lightning"],"picked":"Self Repair+1","floor":21.0}],"player_experience":199782,"relics_obtained":[{"floor":7.0,"key":"Tiny Chest"},{"floor":9.0,"key":"Omamori"},{"floor":13.0,"key":"Potion Belt"},{"floor":20.0,"key":"Regal Pillow"}],"event_choices":[{"event_name":"Big Fish","player_choice":"Donut","floor":3.0,"damage_taken":0.0},{"event_name":"World of Goop","player_choice":"Left","floor":11.0,"damage_taken":0.0},{"event_name":"Drug Dealer","player_choice":"Ignored","floor":19.0,"damage_taken":0.0}],"is_beta":false,"boss_relics":[{"not_picked":["Tiny House","Black Star"],"picked":"Sozu"}],"items_purged_floors":[],"is_endless":false,"potions_floor_spawned":[2,7,12,13,14,18],"killed_by":"Gremlin Leader","ascension_level":4}