{"gold_per_floor":[115,190,205,216,232,258,258,292,292,292,302,316,316,335,335,436,436,448,548,561,577,37,37,56,56,56,56],"floor_reached":27,"playtime":1660,"items_purged":["Strike_R"],"score":284,"play_id":"36282ea6-9dd5-4aab-bbbf-0dd3d48640c4","local_time":"20190404085322","is_ascension_mode":true,"campfire_choices":[{"data":"Havoc","floor":7.0,"key":"SMITH"},{"floor":10.0,"key":"REST"},{"data":"True Grit","floor":13.0,"key":"SMITH"},{"data":"Juggernaut","floor":15.0,"key":"SMITH"},{"data":"Armaments","floor":23,"key":"SMITH"},{"floor":25,"key":"REST"}],"neow_cost":"NONE","seed_source_timestamp":0,"circlet_count":0,"master_deck":["Strike_R","Strike_R","Strike_R","Strike_R","Defend_R","Defend_R","Defend_R","Defend_R","Bash","Pommel Strike","Seeing Red","Havoc+1","Shrug It Off","Rupture","Juggernaut+1","True Grit+1","Shrug It Off","Juggernaut","Iron Wave+1","Armaments+1","Flame Barrier","Shrug It Off"],"special_seed":0,"relics":["Burning Blood","Bird Faced Urn","Ornamental Fan","Peace Pipe","Black Star","Paper Frog","HandDrill","Kunai"],"potions_floor_usage":[],"damage_taken":[{"damage":11.0,"enemies":"Jaw Worm","floor":1.0,"turns":5.0},{"damage":1.0,"enemies":"Cultist","floor":3.0,"turns":3.0},{"damage":10.0,"enemies":"Small Slimes","floor":4.0,"turns":4.0},{"damage":9.0,"enemies":"2 Fungi Beasts","floor":5.0,"turns":3.0},{"damage":32.0,"enemies":"3 Sentries","floor":6.0,"turns":9.0},{"damage":41.0,"enemies":"Lagavulin","floor":8.0,"turns":9.0},{"damage":0.0,"enemies":"3 Louse","floor":11.0,"turns":3.0},{"damage":3.0,"enemies":"Blue Slaver","floor":12.0,"turns":4.0},{"damage":5.0,"enemies":"Red Slaver","floor":14.0,"turns":4.0},{"damage":23.0,"enemies":"Hexaghost","floor":16.0,"turns":9.0},{"damage":19,"enemies":"Chosen","floor":18,"turns":5},{"damage":30,"enemies":"Spheric Guardian","floor":20,"turns":5},{"damage":22,"enemies":"Shelled Parasite and Fungi","floor":21,"turns":9},{"damage":39,"enemies":"Centurion and Healer","floor":24,"turns":9},{"damage":45,"enemies":"Book of Stabbing","floor":27,"turns":5}],"seed_played":"7295915911168021406","potions_obtained":[{"floor":3.0,"key":"SteroidPotion"},{"floor":8.0,"key":"LiquidBronze"},{"floor":12.0,"key":"AttackPotion"},{"floor":16.0,"key":"FearPotion"}],"is_trial":false,"path_per_floor":["M","?","M","M","M","E","R","E","T","R","M","M","R","M","R","B",null,"M","?","M","M","$","R","M","R","T","E"],"character_chosen":"IRONCLAD","items_purchased":["Paper Frog","HandDrill","Flame Barrier"],"campfire_rested":2,"item_purchase_floors":[22,22,22],"current_hp_per_floor":[83,75,80,76,73,47,47,14,14,40,46,53,53,58,58,43,77,68,68,50,36,36,36,9,35,35,0],"gold":56,"neow_bonus":"TEN_PERCENT_HP_BONUS","is_prod":false,"is_daily":false,"chose_seed":false,"campfire_upgraded":4,"win_rate":0,"timestamp":1554393202,"path_taken":["M","?","M","?","M","E","R","E","T","R","M","M","R","M","R","BOSS","M","?","M","M","$","R","?","R","T","E"],"build_version":"2019-01-23","purchased_purges":1,"victory":false,"max_hp_per_floor":[88,88,88,88,88,88,88,88,88,88,88,88,88,88,88,88,88,88,88,88,88,88,88,88,88,88,88],"card_choices":[{"not_picked":["Clothesline","Rupture"],"picked":"Pommel Strike","floor":1.0},{"not_picked":["Clash","Pommel Strike"],"picked":"Seeing Red","floor":3.0},{"not_picked":["Reckless Charge","Clash"],"picked":"Havoc","floor":4.0},{"not_picked":["Thunderclap","Headbutt"],"picked":"Shrug It Off","floor":5.0},{"not_picked":["Headbutt","Second Wind"],"picked":"Rupture","floor":6.0},{"not_picked":["Uppercut","Seeing Red"],"picked":"Juggernaut","floor":8.0},{"not_picked":["Armaments","Wild Strike"],"picked":"True Grit","floor":11.0},{"not_picked":["Havoc","Perfected Strike"],"picked":"Shrug It Off","floor":12.0},{"not_picked":["Heavy Blade","Warcry","Cleave"],"picked":"SKIP","floor":14.0},{"not_picked":["Impervious","Reaper"],"picked":"Juggernaut","floor":16.0},{"not_picked":["Armaments","Body Slam","Headbutt"],"picked":"SKIP","floor":18},{"not_picked":["Armaments","Rampage"],"picked":"Iron Wave+1","floor":20},{"not_picked":["Havoc","Infernal Blade"],"picked":"Armaments","floor":21},{"not_picked":["Bludgeon","Headbutt"],"picked":"Shrug It Off","floor":24}],"player_experience":248475,"relics_obtained":[{"floor":6.0,"key":"Bird Faced Urn"},{"floor":8.0,"key":"Ornamental Fan"},{"floor":9.0,"key":"Peace Pipe"},{"floor":26,"key":"Kunai"}],"event_choices":[{"damage_healed":0.0,"max_hp_gain":0.0,"max_hp_loss":0.0,"gold_gain":75.0,"event_name":"FaceTrader","player_choice":"Touch","floor":2.0,"gold_loss":0.0,"damage_taken":8.0},{"damage_healed":0,"gold_gain":100,"player_choice":"Pray","damage_taken":0,"max_hp_gain":0,"max_hp_loss":0,"event_name":"Golden Shrine","floor":19,"gold_loss":0}],"is_beta":false,"boss_relics":[{"not_picked":["Eternal Feather","Empty Cage"],"picked":"Black Star"}],"items_purged_floors":[22],"is_endless":false,"potions_floor_spawned":[3,8,12,16],"killed_by":"Book of Stabbing","ascension_level":5}