{"gold_per_floor":[114,134,149,169,244,244,259,259,259,269,297,328,328,361,361,465,465,465,190,190,190,190,190,190,190,190,190,190,190,190,190,190,190,190,190,190,139,139,139,139,0,0,0,0,0,0,0,0,0,0],"floor_reached":51,"playtime":4850,"items_purged":[],"score":978,"play_id":"c29bf481-9fba-4a2d-a54f-5726191a3784","local_time":"20190429192826","is_ascension_mode":true,"campfire_choices":[{"data":"Perfected Strike","floor":6.0,"key":"SMITH"},{"data":"Inflame","floor":8.0,"key":"SMITH"},{"data":"Perfected Strike","floor":13.0,"key":"SMITH"},{"data":"Uppercut","floor":15.0,"key":"SMITH"},{"data":"RitualDagger","floor":23.0,"key":"SMITH"},{"data":"Perfected Strike","floor":25.0,"key":"SMITH"},{"data":"Disarm","floor":27.0,"key":"SMITH"},{"floor":32.0,"key":"REST"},{"data":"Pommel Strike","floor":40,"key":"SMITH"},{"data":"Burning Pact","floor":42,"key":"SMITH"},{"data":"Pummel","floor":45,"key":"SMITH"},{"floor":49,"key":"REST"}],"neow_cost":"NONE","seed_source_timestamp":0,"circlet_count":0,"master_deck":["Strike_R","Strike_R","Strike_R","Strike_R","Defend_R+1","Defend_R+1","Perfected Strike+1","Burning Pact+1","Perfected Strike+1","Inflame+1","Power Through","Perfected Strike+1","Pummel+1","Uppercut+1","Barricade","Disarm+1","Pommel Strike+1","RitualDagger+1","Pommel Strike","Bloodletting+1","Power Through","Power Through+1","Impervious","Uppercut+1","Demon Form+1","Wild Strike+1","Power Through+1","Power Through","Burning Pact+1","Feel No Pain","Evolve+1"],"special_seed":0,"relics":["Burning Blood","Bird Faced Urn","Odd Mushroom","Kunai","Incense Burner","Ectoplasm","War Paint","Old Coin","Blue Candle","Happy Flower","MawBank","MutagenicStrength","Astrolabe","Shovel","Red Mask","Letter Opener","Darkstone Periapt"],"potions_floor_usage":[46,50],"damage_taken":[{"damage":5.0,"enemies":"Jaw Worm","floor":1.0,"turns":6.0},{"damage":5.0,"enemies":"Small Slimes","floor":2.0,"turns":4.0},{"damage":0.0,"enemies":"2 Louse","floor":3.0,"turns":2.0},{"damage":14.0,"enemies":"Blue Slaver","floor":4.0,"turns":5.0},{"damage":10.0,"enemies":"Large Slime","floor":7.0,"turns":7.0},{"damage":8.0,"enemies":"Exordium Wildlife","floor":10.0,"turns":6.0},{"damage":0.0,"enemies":"The Mushroom Lair","floor":11.0,"turns":4.0},{"damage":18.0,"enemies":"Gremlin Nob","floor":12.0,"turns":4.0},{"damage":15.0,"enemies":"3 Sentries","floor":14.0,"turns":8.0},{"damage":48.0,"enemies":"Slime Boss","floor":16.0,"turns":14.0},{"damage":6.0,"enemies":"3 Byrds","floor":18.0,"turns":7.0},{"damage":2.0,"enemies":"Colosseum Slavers","floor":22.0,"turns":3.0},{"damage":24.0,"enemies":"Colosseum Nobs","floor":22.0,"turns":4.0},{"damage":24.0,"enemies":"Book of Stabbing","floor":24.0,"turns":4.0},{"damage":7.0,"enemies":"Shell Parasite","floor":28.0,"turns":3.0},{"damage":12.0,"enemies":"Snecko","floor":29.0,"turns":4.0},{"damage":7.0,"enemies":"Cultist and Chosen","floor":30.0,"turns":5.0},{"damage":37.0,"enemies":"Champ","floor":33.0,"turns":9.0},{"damage":0.0,"enemies":"Orb Walker","floor":35.0,"turns":3.0},{"damage":6.0,"enemies":"3 Darklings","floor":36.0,"turns":8.0},{"damage":1.0,"enemies":"Maw","floor":38.0,"turns":10.0},{"damage":22,"enemies":"Mind Bloom Boss Battle","floor":39,"turns":5},{"damage":4,"enemies":"Giant Head","floor":44,"turns":7},{"damage":9,"enemies":"Jaw Worm Horde","floor":46,"turns":4},{"damage":2,"enemies":"Writhing Mass","floor":47,"turns":7},{"damage":40,"enemies":"3 Darklings","floor":48,"turns":9},{"damage":51,"enemies":"Awakened One","floor":50,"turns":12}],"seed_played":"979552667256582645","potions_obtained":[{"floor":4.0,"key":"Strength Potion"},{"floor":7.0,"key":"LiquidBronze"},{"floor":10.0,"key":"SteroidPotion"},{"floor":18.0,"key":"SkillPotion"},{"floor":29.0,"key":"PowerPotion"},{"floor":30.0,"key":"LiquidBronze"},{"floor":38,"key":"Regen Potion"},{"floor":46,"key":"SmokeBomb"},{"floor":47,"key":"Ancient Potion"}],"is_trial":false,"path_per_floor":["M","M","M","M","?","R","M","R","T","M","?","E","R","E","R","B",null,"M","$","?","?","?","R","E","R","T","R","M","M","M","?","R","B",null,"M","M","$","M","?","R","?","R","T","E","R","M","M","M","R","B",null],"character_chosen":"IRONCLAD","items_purchased":["Disarm","Pommel Strike","War Paint","Block Potion"],"campfire_rested":2,"item_purchase_floors":[19,19,19,37],"current_hp_per_floor":[73,74,80,72,61,61,57,57,57,57,65,55,55,48,48,8,62,64,64,58,58,48,48,32,32,32,32,33,29,30,30,54,29,67,75,80,80,80,68,68,68,68,68,76,76,75,80,50,74,37],"gold":0,"neow_bonus":"REMOVE_CARD","is_prod":false,"is_daily":false,"chose_seed":false,"campfire_upgraded":10,"win_rate":0,"timestamp":1556591306,"path_taken":["M","M","M","M","?","R","M","R","T","M","?","E","R","E","R","BOSS","M","$","?","?","?","R","E","R","T","R","M","M","?","?","R","BOSS","M","M","$","M","?","R","?","R","T","E","R","M","M","M","R","BOSS"],"build_version":"2019-01-23","purchased_purges":0,"victory":true,"max_hp_per_floor":[80,80,80,80,80,80,80,80,80,80,80,80,80,80,80,80,80,80,80,80,80,80,80,80,80,80,80,80,80,80,80,80,80,80,80,80,80,80,80,80,80,80,80,80,80,80,80,80,80,80],"card_choices":[{"not_picked":["Heavy Blade","Flame Barrier"],"picked":"Perfected Strike","floor":1.0},{"not_picked":["Heavy Blade","Clothesline"],"picked":"Burning Pact","floor":2.0},{"not_picked":["Sword Boomerang","Seeing Red"],"picked":"Perfected Strike","floor":3.0},{"not_picked":["Body Slam","Havoc"],"picked":"Inflame","floor":4.0},{"not_picked":["Clash","Whirlwind"],"picked":"Power Through","floor":7.0},{"not_picked":["Iron Wave","Pommel Strike"],"picked":"Perfected Strike","floor":10.0},{"not_picked":["Dual Wield","Sever Soul"],"picked":"Pummel","floor":12.0},{"not_picked":["Clothesline","Bludgeon"],"picked":"Uppercut","floor":14.0},{"not_picked":["Fiend Fire","Exhume"],"picked":"Barricade","floor":16.0},{"not_picked":["Anger","True Grit","Armaments"],"picked":"SKIP","floor":18.0},{"not_picked":["True Grit","Combust"],"picked":"Bloodletting+1","floor":22.0},{"not_picked":["Thunderclap","Sever Soul"],"picked":"Power Through","floor":24.0},{"not_picked":["Infernal Blade","Searing Blow+1","Armaments"],"picked":"SKIP","floor":28.0},{"not_picked":["Spot Weakness","Cleave+1"],"picked":"Power Through+1","floor":29.0},{"not_picked":["Inflame","Entrench","Spot Weakness"],"picked":"SKIP","floor":30.0},{"not_picked":["Exhume","Feed"],"picked":"Impervious","floor":33.0},{"not_picked":["Rage","Blood for Blood+1"],"picked":"Power Through+1","floor":35.0},{"not_picked":["Hemokinesis+1","Cleave"],"picked":"Power Through","floor":36.0},{"not_picked":["Flex","Clothesline","Bloodletting"],"picked":"SKIP","floor":38},{"not_picked":["Clothesline","Body Slam"],"picked":"Burning Pact+1","floor":39},{"not_picked":["Uppercut+1","Cleave+1"],"picked":"Feel No Pain","floor":44},{"not_picked":["Armaments","Thunderclap"],"picked":"Evolve+1","floor":46},{"not_picked":["Twin Strike","Headbutt","Cleave"],"picked":"SKIP","floor":47},{"not_picked":["Intimidate","Juggernaut","Hemokinesis"],"picked":"SKIP","floor":48}],"player_experience":359093,"relics_obtained":[{"floor":9.0,"key":"Bird Faced Urn"},{"floor":11.0,"key":"Odd Mushroom"},{"floor":12.0,"key":"Kunai"},{"floor":14.0,"key":"Incense Burner"},{"floor":22.0,"key":"Old Coin"},{"floor":22.0,"key":"Blue Candle"},{"floor":24.0,"key":"Happy Flower"},{"floor":26.0,"key":"MawBank"},{"floor":39,"key":"Shovel"},{"floor":43,"key":"Letter Opener"},{"floor":44,"key":"Darkstone Periapt"}],"event_choices":[{"damage_healed":0.0,"max_hp_gain":0.0,"max_hp_loss":0.0,"gold_gain":75.0,"event_name":"World of Goop","player_choice":"Gather Gold","floor":5.0,"gold_loss":0.0,"damage_taken":11.0},{"damage_healed":0.0,"max_hp_gain":0.0,"max_hp_loss":0.0,"gold_gain":0.0,"event_name":"Mushrooms","player_choice":"Fought Mushrooms","floor":11.0,"gold_loss":0.0,"damage_taken":0.0},{"damage_healed":0.0,"max_hp_gain":0.0,"max_hp_loss":0.0,"gold_gain":0.0,"event_name":"Nest","player_choice":"Joined the Cult","floor":20.0,"gold_loss":0.0,"damage_taken":6.0,"cards_obtained":["RitualDagger"]},{"damage_healed":0.0,"max_hp_gain":0.0,"max_hp_loss":0.0,"gold_gain":0.0,"event_name":"The Library","player_choice":"Read","floor":21.0,"gold_loss":0.0,"damage_taken":0.0,"cards_obtained":["Pommel Strike"]},{"damage_healed":0.0,"max_hp_gain":0.0,"max_hp_loss":0.0,"gold_gain":0.0,"event_name":"Colosseum","player_choice":"Fight","floor":22.0,"gold_loss":0.0,"damage_taken":0.0},{"damage_healed":0.0,"max_hp_gain":0.0,"max_hp_loss":0.0,"gold_gain":0.0,"event_name":"Colosseum","player_choice":"Fought Nobs","floor":22.0,"gold_loss":0.0,"damage_taken":0.0},{"damage_healed":0.0,"max_hp_gain":0.0,"max_hp_loss":0.0,"gold_gain":0.0,"event_name":"Drug Dealer","player_choice":"Inject Mutagens","floor":31.0,"gold_loss":0.0,"damage_taken":0.0,"relics_obtained":["MutagenicStrength"]},{"damage_healed":0,"gold_gain":0,"player_choice":"Fight","damage_taken":0,"max_hp_gain":0,"max_hp_loss":0,"event_name":"MindBloom","floor":39,"gold_loss":0},{"damage_healed":0,"gold_gain":0,"player_choice":"Paid","damage_taken":0,"relics_obtained":["Red Mask"],"max_hp_gain":0,"max_hp_loss":0,"event_name":"Tomb of Lord Red Mask","floor":41,"gold_loss":139}],"is_beta":false,"boss_relics":[{"not_picked":["Fusion Hammer","Calling Bell"],"picked":"Ectoplasm"},{"not_picked":["Busted Crown","Empty Cage"],"picked":"Astrolabe"}],"items_purged_floors":[],"is_endless":false,"potions_floor_spawned":[4,7,10,18,22,29,30,38,46,47],"ascension_level":9}