{"gold_per_floor":[114,132,146,156,156,188,188,188,188,215,215,215,234,250,250,350,350,364,117,148,168,168,194,214,214,260,185,185,185,214,230,230,230],"floor_reached":33,"playtime":1864,"items_purged":[],"score":297,"play_id":"81bf95ca-dbb6-4cf8-a5ae-e3b040c5edad","local_time":"20180708220340","is_ascension_mode":false,"campfire_choices":[{"floor":8.0,"key":"REST"},{"floor":15.0,"key":"REST"},{"floor":28.0,"key":"REST"},{"floor":32,"key":"REST"}],"neow_cost":"TEN_PERCENT_HP_LOSS","seed_source_timestamp":61888701325344,"circlet_count":0,"master_deck":["Strike_R","Strike_R","Strike_R","Strike_R","Strike_R","Defend_R+1","Defend_R","Bash","Seeing Red+1","Combust","Sword Boomerang+1","Bloodletting","Sword Boomerang","Headbutt","Cleave","Corruption","Armaments","Thunderclap","Armaments","Exhume","Decay","Feel No Pain","Power Through","Dramatic Entrance","Warcry","Thunderclap+1","Offering","Warcry+1","Dropkick","Power Through+1","Intimidate"],"special_seed":0,"relics":["Burning Blood","Omamori","Mercury Hourglass","Prayer Wheel","Bird Faced Urn","Calling Bell","Regal Pillow","Darkstone Periapt","Torii","Juzu Bracelet","Red Mask","Bag of Preparation","Lantern","Ornamental Fan"],"potions_floor_usage":[29,33,33],"damage_taken":[{"damage":3.0,"enemies":"Small Slimes","floor":1.0,"turns":3.0},{"damage":3.0,"enemies":"Cultist","floor":2.0,"turns":3.0},{"damage":5.0,"enemies":"2 Louse","floor":3.0,"turns":2.0},{"damage":5.0,"enemies":"Blue Slaver","floor":4.0,"turns":2.0},{"damage":37.0,"enemies":"Lagavulin","floor":6.0,"turns":5.0},{"damage":15.0,"enemies":"3 Sentries","floor":10.0,"turns":4.0},{"damage":9.0,"enemies":"Red Slaver","floor":13.0,"turns":2.0},{"damage":10.0,"enemies":"Looter","floor":14.0,"turns":3.0},{"damage":24.0,"enemies":"Slime Boss","floor":16.0,"turns":7.0},{"damage":13.0,"enemies":"3 Byrds","floor":18.0,"turns":4.0},{"damage":25.0,"floor":20.0,"turns":3.0},{"damage":21.0,"enemies":"2 Thieves","floor":21.0,"turns":3.0},{"damage":25.0,"enemies":"Gremlin Leader","floor":23.0,"turns":8.0},{"damage":16.0,"enemies":"Snecko","floor":24.0,"turns":6.0},{"damage":0,"enemies":"Snake Plant","floor":29,"turns":1},{"damage":32,"enemies":"Book of Stabbing","floor":30,"turns":5},{"damage":26,"enemies":"Centurion and Healer","floor":31,"turns":5},{"damage":73,"enemies":"Champ","floor":33,"turns":9}],"seed_played":"-990642886947058648","potions_obtained":[{"floor":3.0,"key":"Fire Potion"},{"floor":4.0,"key":"SmokeBomb"},{"floor":6.0,"key":"Block Potion"},{"floor":10.0,"key":"Weak Potion"},{"floor":18.0,"key":"Energy Potion"},{"floor":20.0,"key":"GamblersBrew"}],"is_trial":false,"path_per_floor":["M","M","M","M","?","E","?","R","T","E","?","?","M","M","R","B",null,"M","$","?","M","?","E","M","?","T","?","R","M","E","M","R"],"character_chosen":"IRONCLAD","items_purchased":["Juzu Bracelet","Dramatic Entrance"],"campfire_rested":4,"item_purchase_floors":[19,19],"current_hp_per_floor":[72,72,72,72,72,41,41,62,62,53,53,39,36,34,55,41,72,67,67,50,37,37,22,16,7,7,7,43,49,29,15,51,0],"gold":230,"neow_bonus":"TRANSFORM_TWO_CARDS","is_prod":false,"is_daily":false,"chose_seed":false,"campfire_upgraded":0,"win_rate":0,"timestamp":1531101820,"path_taken":["M","M","M","M","?","E","?","R","T","E","?","?","M","?","R","BOSS","M","$","?","M","?","E","M","?","T","?","R","M","E","M","R","BOSS"],"build_version":"2018-07-05","purchased_purges":0,"victory":false,"max_hp_per_floor":[72,72,72,72,72,72,72,72,72,72,72,72,72,72,72,72,72,72,72,72,72,72,72,72,72,72,72,72,72,72,72,72,72],"card_choices":[{"not_picked":["Havoc","Disarm"],"picked":"Sword Boomerang","floor":1.0},{"not_picked":["Iron Wave","Second Wind"],"picked":"Bloodletting","floor":2.0},{"not_picked":["Flex","Whirlwind"],"picked":"Sword Boomerang","floor":3.0},{"not_picked":["Inflame","Burning Pact"],"picked":"Headbutt","floor":4.0},{"not_picked":["Clash","Flex"],"picked":"Cleave","floor":6.0},{"not_picked":["True Grit","Disarm"],"picked":"Corruption","floor":10.0},{"not_picked":["Evolve","Disarm"],"picked":"Armaments","floor":13.0},{"not_picked":["Dual Wield","Heavy Blade","True Grit"],"picked":"SKIP","floor":13.0},{"not_picked":["Berserk","Headbutt"],"picked":"Thunderclap","floor":14.0},{"not_picked":["Thunderclap","Flame Barrier"],"picked":"Armaments","floor":14.0},{"not_picked":["Berserk","Fiend Fire"],"picked":"Exhume","floor":16.0},{"not_picked":["Armaments","Entrench+1"],"picked":"Feel No Pain","floor":18.0},{"not_picked":["Clash","True Grit"],"picked":"Power Through","floor":18.0},{"not_picked":["Iron Wave","Body Slam+1"],"picked":"Warcry","floor":20.0},{"not_picked":["Body Slam","Rage","Clash"],"picked":"SKIP","floor":21.0},{"not_picked":["Intimidate","Fire Breathing","Carnage"],"picked":"SKIP","floor":21.0},{"not_picked":["Rupture","Headbutt"],"picked":"Thunderclap+1","floor":23.0},{"not_picked":["Twin Strike","Anger"],"picked":"Offering","floor":24.0},{"not_picked":["Evolve","Blood for Blood"],"picked":"Warcry+1","floor":24.0},{"not_picked":["Cleave","Flame Barrier"],"picked":"Dropkick","floor":30},{"not_picked":["Carnage","Pommel Strike"],"picked":"Power Through+1","floor":31},{"not_picked":["True Grit","Sword Boomerang"],"picked":"Intimidate","floor":31}],"player_experience":35807,"relics_obtained":[{"floor":6.0,"key":"Omamori"},{"floor":9.0,"key":"Mercury Hourglass"},{"floor":10.0,"key":"Prayer Wheel"},{"floor":17.0,"key":"Regal Pillow"},{"floor":17.0,"key":"Darkstone Periapt"},{"floor":17.0,"key":"Torii"},{"floor":20.0,"key":"Red Mask"},{"floor":23.0,"key":"Bag of Preparation"},{"floor":26.0,"key":"Lantern"},{"floor":30,"key":"Ornamental Fan"}],"event_choices":[{"event_name":"Upgrade Shrine","player_choice":"Upgraded","floor":5.0,"damage_taken":0.0},{"event_name":"The Woman in Blue","player_choice":"Bought 0 Potions","floor":7.0,"damage_taken":0.0},{"event_name":"Accursed Blacksmith","player_choice":"Rummage","floor":11.0,"damage_taken":0.0},{"event_name":"Shining Light","player_choice":"Entered Light","floor":12.0,"damage_taken":0.0},{"event_name":"Masked Bandits","player_choice":"Fought over 117 gold","floor":20.0,"damage_taken":0.0},{"event_name":"Ghosts","player_choice":"Ignored","floor":22.0,"damage_taken":0.0},{"event_name":"Cursed Tome","player_choice":"Stopped","floor":25.0,"damage_taken":0.0},{"event_name":"Beggar","player_choice":"Gave Gold","floor":27.0,"damage_taken":0.0}],"boss_relics":[{"not_picked":["Coffee Dripper","Philosopher\u0027s Stone"],"picked":"Calling Bell"}],"items_purged_floors":[],"is_endless":false,"potions_floor_spawned":[3,4,6,10,18,20,21],"killed_by":"Champ","ascension_level":0}