{"gold_per_floor":[112,126,126,143,65,65,86,98,124,159,174,192,4,23,23,128,128,143,143,153,68,68,96,16,16,16,16,45,45,45,57,57,57],"floor_reached":33,"playtime":1467,"items_purged":["Regret"],"score":285,"play_id":"7c72038e-e260-4ede-8e4d-f146fa8319f6","local_time":"20180718193546","is_ascension_mode":false,"campfire_choices":[{"data":"Perfected Strike","floor":6,"key":"SMITH"},{"data":"Armaments","floor":15,"key":"SMITH"},{"floor":27,"key":"REST"},{"floor":30,"key":"REST"},{"data":"Shrug It Off","floor":32,"key":"SMITH"}],"neow_cost":"NONE","seed_source_timestamp":0,"circlet_count":0,"master_deck":["Strike_R+1","Strike_R","Strike_R+1","Strike_R","Strike_R","Defend_R","Defend_R","Defend_R","Defend_R","Bash","Second Wind","Spot Weakness","Whirlwind","Perfected Strike+1","Cleave","Metallicize","Armaments+1","Shrug It Off+1","Bludgeon","Perfected Strike","Blood for Blood","Rampage","Flex","Impervious","Clothesline","Infernal Blade+1","Infernal Blade","Carnage","Flex","Perfected Strike+1"],"special_seed":17730,"relics":["Burning Blood","Whetstone","Bronze Scales","Odd Mushroom","Anchor","Gremlin Horn","Runic Cube","Vajra","Juzu Bracelet","Boot","Centennial Puzzle"],"potions_floor_usage":[7,10,16,23,23,31,31,33],"damage_taken":[{"damage":11,"enemies":"Small Slimes","floor":1,"turns":2},{"damage":5,"enemies":"2 Louse","floor":2,"turns":3},{"damage":4,"enemies":"Jaw Worm","floor":4,"turns":3},{"damage":5,"floor":7,"turns":3},{"damage":13,"enemies":"Blue Slaver","floor":8,"turns":3},{"damage":7,"enemies":"3 Sentries","floor":10,"turns":5},{"damage":11,"enemies":"Large Slime","floor":11,"turns":4},{"damage":0,"enemies":"3 Louse","floor":12,"turns":1},{"damage":0,"enemies":"Looter","floor":14,"turns":2},{"damage":45,"enemies":"The Guardian","floor":16,"turns":9},{"damage":22,"enemies":"Shell Parasite","floor":18,"turns":5},{"damage":17,"enemies":"2 Thieves","floor":20,"turns":3},{"damage":37,"enemies":"Gremlin Leader","floor":23,"turns":7},{"damage":15,"enemies":"Book of Stabbing","floor":28,"turns":5},{"damage":6,"enemies":"Snake Plant","floor":31,"turns":2},{"damage":69,"enemies":"Champ","floor":33,"turns":9}],"seed_played":"-3893125077617489196","potions_obtained":[{"floor":1,"key":"Regen Potion"},{"floor":2,"key":"Block Potion"},{"floor":4,"key":"GamblersBrew"},{"floor":11,"key":"SpeedPotion"},{"floor":14,"key":"Regen Potion"},{"floor":16,"key":"FearPotion"},{"floor":23,"key":"Explosive Potion"},{"floor":28,"key":"FearPotion"}],"is_trial":false,"path_per_floor":["M","M","?","M","$","R","?","M","T","E","M","M","$","M","R","B",null,"M","?","M","?","?","E","$","?","T","R","E","?","R","M","R"],"character_chosen":"IRONCLAD","items_purchased":["Perfected Strike","Cleave","Blood for Blood","Rampage","Carnage"],"campfire_rested":2,"item_purchase_floors":[5,5,13,13,24],"current_hp_per_floor":[75,76,76,78,78,78,79,72,72,80,75,80,80,80,80,55,80,64,64,53,53,53,22,22,22,22,46,37,37,61,61,61,0],"gold":57,"neow_bonus":"RANDOM_COMMON_RELIC","is_prod":false,"is_daily":false,"chose_seed":false,"campfire_upgraded":3,"win_rate":0,"timestamp":1531935346,"path_taken":["M","M","?","M","$","R","?","M","T","E","M","M","$","M","R","BOSS","M","?","M","?","?","E","$","?","T","R","E","?","R","M","R","BOSS"],"build_version":"2018-07-12","purchased_purges":1,"victory":false,"max_hp_per_floor":[80,80,80,80,80,80,80,80,80,80,80,80,80,80,80,80,80,80,80,80,80,80,80,80,80,80,80,80,80,80,80,80,80],"card_choices":[{"not_picked":["Dual Wield","Power Through"],"picked":"Second Wind","floor":1},{"not_picked":["Flex","True Grit"],"picked":"Spot Weakness","floor":2},{"not_picked":["Headbutt","Burning Pact"],"picked":"Whirlwind","floor":4},{"not_picked":["Burning Pact","Entrench"],"picked":"Metallicize","floor":7},{"not_picked":["True Grit","Clash"],"picked":"Armaments","floor":8},{"not_picked":["Searing Blow","Twin Strike"],"picked":"Shrug It Off","floor":10},{"not_picked":["Flex","Clothesline"],"picked":"Bludgeon","floor":11},{"not_picked":["Wild Strike","Warcry"],"picked":"Perfected Strike","floor":12},{"not_picked":["True Grit","Reckless Charge"],"picked":"Flex","floor":14},{"not_picked":["Berserk","Bludgeon"],"picked":"Impervious","floor":16},{"not_picked":["Flame Barrier+1","Anger"],"picked":"Clothesline","floor":18},{"not_picked":["Pommel Strike","Wild Strike"],"picked":"Infernal Blade+1","floor":20},{"not_picked":["Clash","Ghostly Armor+1"],"picked":"Infernal Blade","floor":23},{"not_picked":["Body Slam+1","Spot Weakness+1"],"picked":"Flex","floor":28},{"not_picked":["Fire Breathing","Anger+1","Reckless Charge"],"picked":"SKIP","floor":31}],"player_experience":91875,"relics_obtained":[{"floor":7,"key":"Odd Mushroom"},{"floor":9,"key":"Anchor"},{"floor":10,"key":"Gremlin Horn"},{"floor":23,"key":"Juzu Bracelet"},{"floor":26,"key":"Boot"},{"floor":28,"key":"Centennial Puzzle"}],"event_choices":[{"event_name":"Big Fish","player_choice":"Box","floor":3,"damage_taken":0},{"event_name":"Mushrooms","player_choice":"Fought Mushrooms","floor":7,"damage_taken":0},{"event_name":"Vampires","player_choice":"Ignored","floor":19,"damage_taken":0},{"event_name":"Addict","player_choice":"Obtained Relic","floor":21,"damage_taken":0},{"event_name":"Drug Dealer","player_choice":"Ignored","floor":22,"damage_taken":0},{"event_name":"Accursed Blacksmith","player_choice":"Ignore","floor":25,"damage_taken":0},{"event_name":"Duplicator","player_choice":"One dupe","floor":29,"damage_taken":0}],"boss_relics":[{"not_picked":["Runic Pyramid","Coffee Dripper"],"picked":"Runic Cube"}],"items_purged_floors":[13],"is_endless":false,"potions_floor_spawned":[1,2,4,11,14,16,23,28],"killed_by":"Champ","ascension_level":0}