{"gold_per_floor":[17,32,51,21,35,35,45,55,55,55,66,66,66,76,76,76],"floor_reached":16,"playtime":1037,"items_purged":[],"score":130,"play_id":"b70c995c-4ecd-4c44-8f9b-8bb14f2c2888","local_time":"20190413154313","is_ascension_mode":true,"campfire_choices":[{"data":"Pommel Strike","floor":6,"key":"SMITH"},{"floor":10,"key":"REST"},{"data":"Intimidate","floor":13,"key":"SMITH"},{"floor":15,"key":"REST"}],"neow_cost":"NO_GOLD","seed_source_timestamp":198323673619047,"circlet_count":0,"master_deck":["Strike_R","Strike_R","Strike_R","Strike_R","Defend_R","Defend_R","Defend_R","Defend_R","Bash","Panache","Trip","Feel No Pain","Warcry","Pommel Strike+1","Juggernaut","Iron Wave","Intimidate+1","Flame Barrier"],"relics":["Burning Blood","Calipers"],"potions_floor_usage":[5,14,16,16],"damage_taken":[{"damage":6,"enemies":"Cultist","floor":1,"turns":4},{"damage":8,"enemies":"2 Louse","floor":2,"turns":5},{"damage":0,"enemies":"Small Slimes","floor":3,"turns":3},{"damage":9,"enemies":"Looter","floor":4,"turns":4},{"damage":32,"enemies":"Gremlin Gang","floor":5,"turns":10},{"damage":22,"enemies":"Large Slime","floor":7,"turns":7},{"damage":11,"enemies":"3 Louse","floor":8,"turns":4},{"damage":22,"enemies":"Exordium Thugs","floor":11,"turns":5},{"damage":7,"enemies":"Gremlin Gang","floor":14,"turns":6},{"damage":52,"enemies":"Slime Boss","floor":16,"turns":10}],"seed_played":"-8463067096602078741","potions_obtained":[{"floor":1,"key":"Block Potion"},{"floor":2,"key":"FearPotion"},{"floor":7,"key":"AttackPotion"},{"floor":11,"key":"Block Potion"}],"is_trial":false,"path_per_floor":["M","M","M","M","M","R","M","M","T","R","M","?","R","M","R","B"],"character_chosen":"IRONCLAD","items_purchased":[],"campfire_rested":2,"item_purchase_floors":[],"current_hp_per_floor":[72,70,76,73,47,47,31,26,26,50,34,27,27,26,50,0],"gold":76,"neow_bonus":"RANDOM_COLORLESS_2","is_prod":false,"is_daily":false,"chose_seed":false,"campfire_upgraded":2,"win_rate":0,"timestamp":1555195393,"path_taken":["M","M","M","M","M","R","?","M","T","R","M","?","R","M","R","BOSS"],"build_version":"2019-01-23","purchased_purges":0,"victory":false,"max_hp_per_floor":[80,80,80,80,80,80,80,80,80,80,80,80,80,80,80,80],"card_choices":[{"not_picked":["Seeing Red","Clothesline"],"picked":"Feel No Pain","floor":1},{"not_picked":["Thunderclap","Twin Strike"],"picked":"Warcry","floor":2},{"not_picked":["Havoc","Sword Boomerang","Clash"],"picked":"SKIP","floor":3},{"not_picked":["Flex","Clash","Heavy Blade"],"picked":"SKIP","floor":4},{"not_picked":["Infernal Blade","Clash"],"picked":"Pommel Strike","floor":5},{"not_picked":["Body Slam","Pommel Strike"],"picked":"Juggernaut","floor":7},{"not_picked":["Searing Blow","Anger"],"picked":"Iron Wave","floor":8},{"not_picked":["Searing Blow","Twin Strike"],"picked":"Intimidate","floor":11},{"not_picked":["Clash","Armaments"],"picked":"Flame Barrier","floor":14}],"player_experience":307693,"relics_obtained":[{"floor":9,"key":"Calipers"}],"event_choices":[{"cards_removed":["Strike_R"],"damage_healed":0,"gold_gain":0,"player_choice":"Card Removal","damage_taken":7,"max_hp_gain":0,"max_hp_loss":0,"event_name":"Golden Wing","floor":12,"gold_loss":0}],"is_beta":false,"boss_relics":[],"items_purged_floors":[],"is_endless":false,"potions_floor_spawned":[1,2,7,11],"killed_by":"Slime Boss","ascension_level":7}