{"gold_per_floor":[113,38,53,71,71,106,131,131,131,131,149,182,182,6,6,135,135,150,150,150,169,169,169,185,185,185,7,7,27,27,51,51,175,175,199,199,199,215,215],"floor_reached":39,"playtime":1661,"items_purged":[],"score":414,"play_id":"85963cb3-afc0-41f6-a23d-daf811e4bbdf","local_time":"20180909102259","is_ascension_mode":false,"campfire_choices":[{"floor":8,"key":"REST"},{"floor":13,"key":"REST"},{"floor":15,"key":"REST"},{"data":"Double Energy","floor":23,"key":"SMITH"},{"floor":28,"key":"REST"},{"data":"Mind Blast","floor":32,"key":"SMITH"}],"neow_cost":"NONE","seed_source_timestamp":1825756453609763,"circlet_count":0,"master_deck":["Strike_B","Strike_B","Strike_B","Defend_B","Defend_B","Defend_B","Defend_B","Zap","Dualcast","Amplify","Aggregate","Rebound","Stack","BootSequence","Sweeping Beam","Glacier","White Noise","Meteor Strike","Hello World","Conserve Battery","Mind Blast+1","Defragment","Biased Cognition","Barrage+1","Conserve Battery+1","Double Energy+1","Melter+1","Mayhem","Barrage","Redo","Fission","Hello World","Madness","Madness","Consume"],"relics":["Cracked Core","Golden Idol","Gremlin Horn","Ornamental Fan","Bottled Tornado","Nuclear Battery","Meat on the Bone","Enchiridion","Singing Bowl","Sozu"],"potions_floor_usage":[12,31,33,33],"damage_taken":[{"damage":1,"enemies":"Cultist","floor":1,"turns":3},{"damage":8,"enemies":"Jaw Worm","floor":3,"turns":3},{"damage":7,"enemies":"Small Slimes","floor":4,"turns":3},{"damage":39,"enemies":"Lagavulin","floor":6,"turns":9},{"damage":4,"enemies":"Exordium Thugs","floor":7,"turns":4},{"damage":2,"enemies":"Large Slime","floor":11,"turns":7},{"damage":26,"enemies":"3 Sentries","floor":12,"turns":5},{"damage":8,"enemies":"Hexaghost","floor":16,"turns":15},{"damage":0,"enemies":"Chosen","floor":18,"turns":5},{"damage":0,"enemies":"Spheric Guardian","floor":21,"turns":3},{"damage":22,"enemies":"Snake Plant","floor":24,"turns":4},{"damage":2,"enemies":"Shelled Parasite and Fungi","floor":29,"turns":4},{"damage":3,"enemies":"Snecko","floor":31,"turns":4},{"damage":25,"enemies":"Champ","floor":33,"turns":16},{"damage":17,"enemies":"3 Darklings","floor":35,"turns":7},{"damage":8,"enemies":"3 Shapes","floor":38,"turns":3},{"damage":47,"enemies":"Transient","floor":39,"turns":4}],"seed_played":"-8576291053370883847","potions_obtained":[{"floor":1,"key":"Swift Potion"},{"floor":7,"key":"Strength Potion"},{"floor":12,"key":"Fire Potion"},{"floor":21,"key":"Weak Potion"},{"floor":29,"key":"Strength Potion"}],"is_trial":false,"path_per_floor":["M","$","M","M","?","E","M","R","T","?","M","E","R","$","R","B",null,"M","?","?","M","?","R","M","?","T","$","R","M","?","M","R","B",null,"M","?","?","M"],"character_chosen":"DEFECT","items_purchased":["Rebound","Stack","Mind Blast","Defragment","Mayhem"],"campfire_rested":4,"item_purchase_floors":[2,2,14,14,27],"current_hp_per_floor":[74,74,66,59,59,20,16,36,36,36,34,8,28,28,48,40,69,69,69,53,53,53,53,43,43,43,43,63,61,61,58,58,45,69,52,43,43,35,0],"gold":215,"neow_bonus":"ONE_RANDOM_RARE_CARD","is_prod":false,"is_daily":false,"chose_seed":false,"campfire_upgraded":2,"win_rate":0,"timestamp":1536481379,"path_taken":["M","$","M","M","?","E","M","R","T","?","?","E","R","$","R","BOSS","M","?","?","M","?","R","M","?","T","$","R","M","?","M","R","BOSS","M","?","?","?","M"],"build_version":"2018-09-06","purchased_purges":0,"victory":false,"max_hp_per_floor":[75,75,75,75,69,69,69,69,69,69,69,69,69,69,69,69,69,69,69,69,69,69,69,69,69,69,69,69,69,69,69,69,69,69,69,69,69,69,69],"card_choices":[{"not_picked":["Doom and Gloom","Steam Power"],"picked":"Aggregate","floor":1},{"not_picked":["Heatsinks","Gash"],"picked":"BootSequence","floor":3},{"not_picked":["Tempest","Beam Cell"],"picked":"Sweeping Beam","floor":4},{"not_picked":["Lockon","Multi-Cast"],"picked":"Glacier","floor":6},{"not_picked":["Coolheaded","Compile Driver"],"picked":"White Noise","floor":7},{"not_picked":["Fusion","Ball Lightning"],"picked":"Hello World","floor":11},{"not_picked":["Skim","Chill"],"picked":"Conserve Battery","floor":12},{"not_picked":["Amplify","Reboot"],"picked":"Biased Cognition","floor":16},{"not_picked":["Gash","Steam+1"],"picked":"Barrage+1","floor":18},{"not_picked":["Redo+1","Aggregate"],"picked":"Conserve Battery+1","floor":21},{"not_picked":["Ball Lightning","Sweeping Beam"],"picked":"Melter+1","floor":24},{"not_picked":["Cold Snap+1","Compile Driver"],"picked":"Barrage","floor":29},{"not_picked":["Gash+1","BootSequence+1"],"picked":"Redo","floor":31},{"not_picked":["Reboot","Rainbow"],"picked":"Fission","floor":33},{"not_picked":["Gash+1","Steam Power+1"],"picked":"Hello World","floor":35},{"not_picked":["Barrage","Leap"],"picked":"Consume","floor":38}],"player_experience":237743,"relics_obtained":[{"floor":6,"key":"Gremlin Horn"},{"floor":9,"key":"Ornamental Fan"},{"floor":12,"key":"Bottled Tornado"},{"floor":20,"key":"Enchiridion"},{"floor":26,"key":"Singing Bowl"}],"event_choices":[{"event_name":"Golden Idol","player_choice":"Lose Max HP","floor":5,"damage_taken":0},{"event_name":"Transmorgrifier","player_choice":"Transform","floor":10,"damage_taken":0},{"event_name":"The Mausoleum","player_choice":"Yes","floor":19,"damage_taken":0},{"event_name":"Cursed Tome","player_choice":"Obtained Book","floor":20,"damage_taken":0},{"event_name":"The Library","player_choice":"Read","floor":22,"damage_taken":0},{"event_name":"Fountain of Cleansing","player_choice":"Removed Curse","floor":25,"damage_taken":0},{"event_name":"Ghosts","player_choice":"Ignored","floor":30,"damage_taken":0},{"event_name":"Winding Halls","player_choice":"Embrace Madness","floor":36,"damage_taken":0},{"event_name":"The Woman in Blue","player_choice":"Bought 0 Potions","floor":37,"damage_taken":0}],"is_beta":false,"boss_relics":[{"not_picked":["Empty Cage","Coffee Dripper"],"picked":"Nuclear Battery"},{"not_picked":["Snecko Eye","Runic Dome"],"picked":"Sozu"}],"items_purged_floors":[],"is_endless":false,"potions_floor_spawned":[1,7,12,21,24,29,35],"killed_by":"Transient","ascension_level":0}