{"gold_per_floor":[119,119,130,205,269,299,299,318,318,9,22,49,49,60,60,164,164,179,179,179,191,191,191,203,74,74,4,17,27,27,46,46,147,147,161,261,281,281,295,330,330,330],"floor_reached":42,"playtime":2634,"items_purged":["Strike_R"],"score":488,"play_id":"6a111596-e704-401e-986d-eb08f634c871","local_time":"20190504233836","is_ascension_mode":false,"campfire_choices":[{"floor":7,"key":"REST"},{"data":"Apotheosis","floor":15,"key":"SMITH"},{"data":"Reaper","floor":23,"key":"SMITH"},{"floor":32,"key":"REST"},{"floor":41,"key":"REST"}],"neow_cost":"TEN_PERCENT_HP_LOSS","seed_source_timestamp":268034010463500,"circlet_count":0,"master_deck":["Strike_R","Strike_R","Defend_R","Defend_R","Defend_R","Defend_R","Demon Form+1","Battle Trance","Heavy Blade","Disarm","Headbutt","Apotheosis+1","Shrug It Off","Pommel Strike","Barricade","Flex","Reaper+1","Pommel Strike","Anger","Heavy Blade","Feed","Shrug It Off","Rampage","Inflame","Warcry+1","Bludgeon","Sever Soul","Bloodletting","Demon Form","Armaments+1","Disarm","Heavy Blade+1","Body Slam+1","Second Wind"],"relics":["Black Blood","Sundial","Ornamental Fan","Omamori","Sozu","CultistMask","Bronze Scales","Ginger","Champion Belt"],"potions_floor_usage":[28],"damage_taken":[{"damage":4,"enemies":"2 Louse","floor":1,"turns":3},{"damage":0,"enemies":"Jaw Worm","floor":3,"turns":6},{"damage":31,"enemies":"3 Sentries","floor":6,"turns":6},{"damage":0,"enemies":"Small Slimes","floor":8,"turns":3},{"damage":5,"enemies":"3 Louse","floor":11,"turns":5},{"damage":0,"enemies":"Lagavulin","floor":12,"turns":4},{"damage":6,"enemies":"Large Slime","floor":14,"turns":9},{"damage":40,"enemies":"The Guardian","floor":16,"turns":8},{"damage":17,"enemies":"3 Byrds","floor":18,"turns":6},{"damage":28,"enemies":"2 Thieves","floor":21,"turns":5},{"damage":12,"enemies":"3 Cultists","floor":24,"turns":4},{"damage":2,"enemies":"Cultist and Chosen","floor":28,"turns":5},{"damage":15,"enemies":"Snake Plant","floor":29,"turns":4},{"damage":40,"enemies":"3 Cultists","floor":31,"turns":5},{"damage":95,"enemies":"Automaton","floor":33,"turns":7},{"damage":26,"enemies":"3 Darklings","floor":35,"turns":5},{"damage":32,"enemies":"Mind Bloom Boss Battle","floor":36,"turns":7},{"damage":24,"enemies":"3 Shapes","floor":37,"turns":6},{"damage":64,"enemies":"Jaw Worm Horde","floor":39,"turns":4},{"damage":14,"enemies":"Nemesis","floor":40,"turns":9},{"damage":74,"enemies":"Spire Growth","floor":42,"turns":5}],"seed_played":"-2075770520678414728","potions_obtained":[{"floor":3,"key":"Weak Potion"},{"floor":8,"key":"GamblersBrew"},{"floor":16,"key":"FearPotion"}],"is_trial":false,"path_per_floor":["M","?","M","?","?","E","R","M","T","$","M","E","?","M","R","B",null,"M","?","?","M","?","R","M","$","T","$","M","M","?","M","R","B",null,"M","?","M","?","M","E","R","M"],"character_chosen":"IRONCLAD","items_purchased":["Apotheosis","Shrug It Off","Feed","Shrug It Off","Rampage"],"campfire_rested":3,"item_purchase_floors":[10,10,25,25,27],"current_hp_per_floor":[72,72,72,61,61,36,57,63,63,63,64,70,72,72,72,38,72,72,72,72,62,62,62,66,66,66,66,74,69,69,49,73,23,80,77,78,64,64,37,34,58,0],"gold":330,"neow_bonus":"THREE_RARE_CARDS","is_prod":false,"is_daily":false,"chose_seed":false,"campfire_upgraded":2,"win_rate":0.0,"timestamp":1557005916,"path_taken":["M","?","M","?","?","E","R","M","T","$","?","E","?","M","R","BOSS","M","?","?","M","?","R","?","$","T","?","M","M","?","M","R","BOSS","M","?","M","?","M","E","R","M"],"build_version":"2019-01-23","purchased_purges":1,"victory":false,"max_hp_per_floor":[72,72,72,72,72,72,72,72,72,72,72,72,72,72,72,72,72,72,72,72,72,72,72,72,72,72,72,76,80,80,80,80,80,80,80,80,80,80,80,80,80,80],"card_choices":[{"not_picked":["Berserk","Double Tap"],"picked":"Demon Form","floor":0},{"not_picked":["True Grit","Heavy Blade"],"picked":"Battle Trance","floor":1},{"not_picked":["Metallicize","Warcry"],"picked":"Heavy Blade","floor":3},{"not_picked":["Anger","Clash"],"picked":"Disarm","floor":6},{"not_picked":["Perfected Strike","Pummel"],"picked":"Headbutt","floor":8},{"not_picked":["Anger","True Grit"],"picked":"Pommel Strike","floor":11},{"not_picked":["Body Slam","Iron Wave"],"picked":"Barricade","floor":12},{"not_picked":["Clash","Entrench"],"picked":"Flex","floor":14},{"not_picked":["Bludgeon","Fiend Fire"],"picked":"Reaper","floor":16},{"not_picked":["Hemokinesis","Flame Barrier"],"picked":"Pommel Strike","floor":18},{"not_picked":["Headbutt+1","Sword Boomerang"],"picked":"Anger","floor":21},{"not_picked":["Metallicize","Twin Strike+1"],"picked":"Heavy Blade","floor":24},{"not_picked":["Cleave+1","Perfected Strike+1"],"picked":"Inflame","floor":28},{"not_picked":["Iron Wave+1","Clash+1"],"picked":"Warcry+1","floor":29},{"not_picked":["Twin Strike+1","Seeing Red"],"picked":"Bloodletting","floor":31},{"not_picked":["Berserk","Impervious"],"picked":"Demon Form","floor":33},{"not_picked":["Perfected Strike","Entrench"],"picked":"Armaments+1","floor":35},{"not_picked":["Twin Strike+1","Warcry"],"picked":"Disarm","floor":36},{"not_picked":["Body Slam+1","Rupture"],"picked":"Heavy Blade+1","floor":37},{"not_picked":["Warcry","Combust"],"picked":"Body Slam+1","floor":39},{"not_picked":["Flex","Bloodletting+1"],"picked":"Second Wind","floor":40}],"player_experience":17924,"relics_obtained":[{"floor":6,"key":"Sundial"},{"floor":9,"key":"Ornamental Fan"},{"floor":12,"key":"Omamori"},{"floor":26,"key":"Bronze Scales"},{"floor":36,"key":"Ginger"},{"floor":40,"key":"Champion Belt"}],"event_choices":[{"damage_healed":0,"gold_gain":0,"player_choice":"Grow","damage_taken":0,"max_hp_gain":0,"max_hp_loss":0,"event_name":"Living Wall","floor":2,"gold_loss":0,"cards_upgraded":["Demon Form"]},{"damage_healed":0,"gold_gain":75,"player_choice":"Gather Gold","damage_taken":11,"max_hp_gain":0,"max_hp_loss":0,"event_name":"World of Goop","floor":4,"gold_loss":0},{"damage_healed":0,"gold_gain":64,"player_choice":"Gained Gold","damage_taken":0,"max_hp_gain":0,"max_hp_loss":0,"event_name":"Golden Wing","floor":5,"gold_loss":0},{"damage_healed":18,"gold_gain":0,"player_choice":"Healed and dodged fight","damage_taken":0,"max_hp_gain":0,"max_hp_loss":0,"event_name":"Mushrooms","floor":13,"gold_loss":0,"cards_obtained":["Parasite"]},{"damage_healed":0,"gold_gain":0,"player_choice":"Ignored","damage_taken":0,"max_hp_gain":0,"max_hp_loss":0,"event_name":"Vampires","floor":19,"gold_loss":0},{"damage_healed":0,"gold_gain":0,"player_choice":"Ignored","damage_taken":0,"max_hp_gain":0,"max_hp_loss":0,"event_name":"Ghosts","floor":20,"gold_loss":0},{"damage_healed":0,"gold_gain":0,"player_choice":"Trade","damage_taken":0,"relics_obtained":["CultistMask"],"max_hp_gain":0,"max_hp_loss":0,"event_name":"FaceTrader","floor":22,"gold_loss":0},{"damage_healed":0,"gold_gain":0,"cards_transformed":["Strike_R","Strike_R"],"player_choice":"Became Test Subject","damage_taken":0,"max_hp_gain":0,"max_hp_loss":0,"event_name":"Drug Dealer","floor":30,"gold_loss":0,"cards_obtained":["Bludgeon","Sever Soul"]},{"damage_healed":0,"gold_gain":0,"player_choice":"Fight","damage_taken":0,"max_hp_gain":0,"max_hp_loss":0,"event_name":"MindBloom","floor":36,"gold_loss":0},{"cards_removed":["Bash"],"damage_healed":0,"gold_gain":0,"player_choice":"Removed Attack","damage_taken":0,"max_hp_gain":0,"max_hp_loss":0,"event_name":"Falling","floor":38,"gold_loss":0}],"is_beta":false,"boss_relics":[{"not_picked":["White Beast Statue","Empty Cage"],"picked":"Sozu"},{"not_picked":["Runic Dome","Runic Cube"],"picked":"Black Blood"}],"items_purged_floors":[10],"is_endless":false,"potions_floor_spawned":[3,8,16,21,29,31,36,39,40],"killed_by":"Spire Growth","ascension_level":0}