{"gold_per_floor":[110,127,127,76,92,112,147,147,195,15,35,50,50,63,63,63],"floor_reached":16,"playtime":1004,"items_purged":[],"score":135,"play_id":"b5eb54a5-01aa-491c-b0b4-df796245e4b8","local_time":"20180918170742","is_ascension_mode":true,"campfire_choices":[{"data":"Body Slam","floor":8.0,"key":"SMITH"},{"floor":13.0,"key":"REST"},{"floor":15.0,"key":"REST"}],"neow_cost":"NONE","seed_source_timestamp":42652787088307,"circlet_count":0,"master_deck":["Strike_R","Strike_R","Strike_R","Strike_R","Strike_R","Defend_R","Defend_R","Defend_R","Defend_R","Bash","Body Slam+1","Shrug It Off","Corruption","Flame Barrier","Metamorphosis+1","Flex+1","Dark Embrace","Sever Soul"],"special_seed":0,"relics":["Burning Blood","Toxic Egg 2","Lantern"],"potions_floor_usage":[16,16],"damage_taken":[{"damage":7.0,"enemies":"Small Slimes","floor":1.0,"turns":4.0},{"damage":6.0,"enemies":"2 Louse","floor":2.0,"turns":2.0},{"damage":5.0,"enemies":"Cultist","floor":5.0,"turns":5.0},{"damage":20.0,"enemies":"Exordium Thugs","floor":6.0,"turns":4.0},{"damage":43.0,"enemies":"Gremlin Nob","floor":7.0,"turns":5.0},{"damage":17.0,"enemies":"Looter","floor":11.0,"turns":3.0},{"damage":2.0,"enemies":"2 Fungi Beasts","floor":12.0,"turns":2.0},{"damage":10.0,"enemies":"Exordium Wildlife","floor":14.0,"turns":3.0},{"damage":75,"enemies":"Hexaghost","floor":16,"turns":11}],"seed_played":"-5280539634277193118","potions_obtained":[{"floor":0.0,"key":"SpeedPotion"},{"floor":0.0,"key":"BloodPotion"},{"floor":0.0,"key":"Fire Potion"},{"floor":7.0,"key":"Dexterity Potion"},{"floor":12.0,"key":"Block Potion"},{"floor":14.0,"key":"Block Potion"}],"is_trial":false,"path_per_floor":["M","M","?","$","M","M","E","R","T","$","M","M","R","M","R"],"character_chosen":"IRONCLAD","items_purchased":["Shrug It Off","Metamorphosis+1"],"campfire_rested":2,"item_purchase_floors":[4,10],"current_hp_per_floor":[71,71,76,76,77,63,26,26,26,26,15,19,44,48,73,0],"gold":63,"neow_bonus":"THREE_SMALL_POTIONS","is_prod":false,"is_daily":false,"chose_seed":false,"campfire_upgraded":1,"win_rate":0,"timestamp":1537304862,"path_taken":["M","M","?","?","M","M","E","R","T","$","?","M","R","M","R","BOSS"],"build_version":"2018-09-06","purchased_purges":0,"victory":false,"max_hp_per_floor":[80,80,85,85,85,85,85,85,85,85,85,85,85,85,85,85],"card_choices":[{"not_picked":["Searing Blow","Pommel Strike"],"picked":"Body Slam","floor":1.0},{"not_picked":["Flex","Wild Strike","Dropkick"],"picked":"SKIP","floor":2.0},{"not_picked":["Twin Strike","Seeing Red"],"picked":"Corruption","floor":5.0},{"not_picked":["Evolve","Combust"],"picked":"Flame Barrier","floor":6.0},{"not_picked":["Iron Wave","Clash","Heavy Blade"],"picked":"SKIP","floor":7.0},{"not_picked":["Twin Strike","Sever Soul"],"picked":"Flex+1","floor":11.0},{"not_picked":["Twin Strike","Anger"],"picked":"Dark Embrace","floor":12.0},{"not_picked":["Flex+1","Rage+1"],"picked":"Sever Soul","floor":14.0}],"player_experience":257874,"relics_obtained":[{"floor":7.0,"key":"Toxic Egg 2"},{"floor":9.0,"key":"Lantern"}],"event_choices":[{"event_name":"Big Fish","player_choice":"Donut","floor":3.0,"damage_taken":0.0}],"is_beta":false,"boss_relics":[],"items_purged_floors":[],"is_endless":false,"potions_floor_spawned":[7,12,14],"killed_by":"Hexaghost","ascension_level":6}