{"gold_per_floor":[119,133,146,146,162,162,181,200,200,35,45,72,97,110,110,210,210,228,143,143,66,27,27,45,45,45,45,63,83,98,118,118,223,223,240,254,265,245,29,29],"floor_reached":40,"playtime":1889,"items_purged":[],"score":419,"play_id":"6805ddd9-1e43-4193-9c01-2427d933f3dd","local_time":"20180720211214","is_ascension_mode":false,"campfire_choices":[{"data":"Perfected Strike","floor":6,"key":"SMITH"},{"floor":15,"key":"REST"},{"floor":23,"key":"REST"},{"data":"J.A.X.","floor":25,"key":"SMITH"},{"floor":27,"key":"REST"},{"floor":32,"key":"REST"}],"neow_cost":"NONE","seed_source_timestamp":565684735372643,"circlet_count":0,"master_deck":["Strike_R","Strike_R","Strike_R","Strike_R","Strike_R","Defend_R","Defend_R","Defend_R","Bash","Perfected Strike+1","Carnage","Heavy Blade","Shrug It Off","Pummel","Spot Weakness","Perfected Strike","Shrug It Off","Uppercut","Fiend Fire","Shrug It Off","J.A.X.+1","Inflame","Clothesline+1","Warcry","Impervious","Inflame+1","Pommel Strike+1","Feel No Pain","Armaments+1","Uppercut","Juggernaut","Body Slam+1","Reaper+1","Fire Breathing+1","Clothesline+1","Rage","Shockwave","Madness","Rupture"],"relics":["Burning Blood","Self Forming Clay","Anchor","Art of War","Dream Catcher","Mark of Pain","Bag of Preparation","NlothsMask","Astrolabe"],"potions_floor_usage":[16,16,16,33,33,37,40,40],"damage_taken":[{"damage":9,"enemies":"2 Louse","floor":1,"turns":3},{"damage":3,"enemies":"Cultist","floor":2,"turns":3},{"damage":5,"enemies":"Small Slimes","floor":3,"turns":3},{"damage":8,"enemies":"Red Slaver","floor":5,"turns":2},{"damage":18,"enemies":"Exordium Thugs","floor":7,"turns":5},{"damage":12,"enemies":"Looter","floor":8,"turns":3},{"damage":0,"enemies":"Blue Slaver","floor":11,"turns":3},{"damage":6,"enemies":"Gremlin Nob","floor":12,"turns":3},{"damage":8,"enemies":"Exordium Thugs","floor":14,"turns":4},{"damage":42,"enemies":"Hexaghost","floor":16,"turns":10},{"damage":20,"enemies":"Spheric Guardian","floor":18,"turns":4},{"damage":11,"enemies":"2 Thieves","floor":24,"turns":3},{"damage":10,"enemies":"Cultist and Chosen","floor":28,"turns":6},{"damage":19,"enemies":"Slaver and Parasite","floor":29,"turns":5},{"damage":9,"enemies":"Snake Plant","floor":30,"turns":4},{"damage":16,"enemies":"3 Cultists","floor":31,"turns":5},{"damage":52,"enemies":"Champ","floor":33,"turns":11},{"damage":9,"enemies":"3 Shapes","floor":35,"turns":3},{"damage":38,"enemies":"3 Darklings","floor":36,"turns":6},{"damage":5,"enemies":"Flame Bruiser 2 Orb","floor":37,"turns":5},{"damage":55,"enemies":"Giant Head","floor":40,"turns":6}],"seed_played":"-766615723778978635","potions_obtained":[{"floor":3,"key":"Swift Potion"},{"floor":5,"key":"EssenceOfSteel"},{"floor":7,"key":"SpeedPotion"},{"floor":8,"key":"Weak Potion"},{"floor":14,"key":"Dexterity Potion"},{"floor":16,"key":"Weak Potion"},{"floor":29,"key":"EssenceOfSteel"},{"floor":33,"key":"BloodPotion"},{"floor":35,"key":"Swift Potion"},{"floor":37,"key":"SkillPotion"},{"floor":38,"key":"LiquidBronze"}],"is_trial":false,"path_per_floor":["M","M","M","?","M","R","M","M","T","$","M","E","T","M","R","B",null,"M","?","?","?","$","R","M","R","T","R","M","M","M","M","R","B",null,"M","M","M","?","$"],"character_chosen":"IRONCLAD","items_purchased":["Perfected Strike","Anchor","Inflame","Shockwave","Madness","Rupture"],"campfire_rested":4,"item_purchase_floors":[10,10,22,39,39,39],"current_hp_per_floor":[77,80,80,80,78,78,66,60,60,60,66,66,66,64,80,44,80,66,66,66,66,66,80,75,75,75,80,76,63,60,50,74,28,80,77,45,54,54,54,0],"gold":29,"neow_bonus":"THREE_CARDS","is_prod":false,"is_daily":false,"chose_seed":false,"campfire_upgraded":2,"win_rate":0,"timestamp":1532113934,"path_taken":["M","M","M","?","M","R","M","M","T","$","?","E","?","M","R","BOSS","M","?","?","?","$","R","M","R","T","R","M","M","M","M","R","BOSS","M","M","M","?","$","E"],"build_version":"2018-07-19v2","purchased_purges":0,"victory":false,"max_hp_per_floor":[80,80,80,80,80,80,80,80,80,80,80,80,80,80,80,80,80,80,80,80,80,80,80,80,80,80,80,80,80,80,80,80,80,80,80,80,80,80,80,80],"card_choices":[{"not_picked":["Wild Strike","Evolve"],"picked":"Metallicize","floor":0},{"not_picked":["Heavy Blade","Wild Strike"],"picked":"Perfected Strike","floor":1},{"not_picked":["Bloodletting","Power Through"],"picked":"Carnage","floor":2},{"not_picked":["Clash","Dropkick"],"picked":"Heavy Blade","floor":3},{"not_picked":["Seeing Red","Sever Soul"],"picked":"Shrug It Off","floor":5},{"not_picked":["Sever Soul","Clash"],"picked":"Pummel","floor":7},{"not_picked":["Twin Strike","Wild Strike"],"picked":"Spot Weakness","floor":8},{"not_picked":["Cleave","Corruption"],"picked":"Thunderclap","floor":11},{"not_picked":["Pommel Strike","Thunderclap"],"picked":"Searing Blow","floor":12},{"not_picked":["Iron Wave","Power Through"],"picked":"Shrug It Off","floor":14},{"not_picked":["True Grit","Body Slam"],"picked":"Uppercut","floor":15},{"not_picked":["Double Tap","Feed"],"picked":"Fiend Fire","floor":16},{"not_picked":["Iron Wave","Bloodletting"],"picked":"Shrug It Off","floor":18},{"not_picked":["Anger","Wild Strike"],"picked":"Clothesline+1","floor":23},{"not_picked":["Second Wind","Anger"],"picked":"Warcry","floor":24},{"not_picked":["Flame Barrier","Headbutt"],"picked":"Impervious","floor":27},{"not_picked":["Shrug It Off+1","Metallicize"],"picked":"Inflame+1","floor":28},{"not_picked":["Rampage","Clothesline"],"picked":"Pommel Strike+1","floor":29},{"not_picked":["Flame Barrier","Twin Strike+1"],"picked":"Feel No Pain","floor":30},{"not_picked":["Pommel Strike+1","Iron Wave"],"picked":"Armaments+1","floor":31},{"not_picked":["Flame Barrier","Armaments"],"picked":"Uppercut","floor":32},{"not_picked":["Double Tap","Berserk"],"picked":"Juggernaut","floor":33},{"not_picked":["Blood for Blood+1","Shrug It Off+1"],"picked":"Clothesline+1","floor":35},{"not_picked":["Thunderclap","Power Through+1","Reckless Charge+1"],"picked":"SKIP","floor":36},{"not_picked":["Sever Soul","Searing Blow+1"],"picked":"Rage","floor":37}],"player_experience":95222,"relics_obtained":[{"floor":9,"key":"Self Forming Clay"},{"floor":12,"key":"Art of War"},{"floor":13,"key":"Dream Catcher"}],"event_choices":[{"event_name":"Purifier","player_choice":"One Purge","floor":4,"damage_taken":0},{"event_name":"Addict","player_choice":"Obtained Relic","floor":19,"damage_taken":0},{"event_name":"FaceTrader","player_choice":"Trade","floor":20,"damage_taken":0},{"event_name":"Drug Dealer","player_choice":"Got JAXXED","floor":21,"damage_taken":0},{"event_name":"The Woman in Blue","player_choice":"Bought 1 Potion","floor":38,"damage_taken":0}],"is_beta":false,"boss_relics":[{"not_picked":["Philosopher\u0027s Stone","Cursed Key"],"picked":"Mark of Pain"},{"not_picked":["Calling Bell","Empty Cage"],"picked":"Astrolabe"}],"items_purged_floors":[],"is_endless":false,"potions_floor_spawned":[3,5,7,8,14,16,29,33,35,37],"killed_by":"Giant Head","ascension_level":0}