{"gold_per_floor":[11,26,26,0,0,25,25,41,112,89,89,89,89,99,99,99],"floor_reached":16,"playtime":619,"items_purged":[],"score":195,"play_id":"3d8fed0b-612d-4184-b55c-66b6299ba348","local_time":"20190209015705","is_ascension_mode":true,"campfire_choices":[{"floor":7.0,"key":"REST"},{"data":"Strike_B","floor":11.0,"key":"PURGE"},{"data":"Strike_B","floor":13.0,"key":"PURGE"},{"data":"Streamline","floor":15.0,"key":"SMITH"}],"neow_cost":"NO_GOLD","seed_source_timestamp":1470145088814888,"circlet_count":0,"master_deck":["AscendersBane","Strike_B","Defend_B","Defend_B","Defend_B","Defend_B","Zap","Dualcast","Gash","Self Repair","Conserve Battery","Scrape","Gash","Creative AI","Rebound","Streamline+1"],"special_seed":0,"relics":["Cracked Core","Peace Pipe","Blood Vial","Gremlin Horn","Shuriken"],"potions_floor_usage":[],"damage_taken":[{"damage":1.0,"enemies":"2 Louse","floor":1.0,"turns":3.0},{"damage":6.0,"enemies":"Jaw Worm","floor":2.0,"turns":4.0},{"damage":50.0,"enemies":"Gremlin Nob","floor":6.0,"turns":5.0},{"damage":1.0,"enemies":"Small Slimes","floor":8.0,"turns":4.0},{"damage":22.0,"enemies":"Exordium Thugs","floor":10.0,"turns":4.0},{"damage":20.0,"enemies":"Blue Slaver","floor":14.0,"turns":5.0},{"damage":32,"enemies":"Hexaghost","floor":16,"turns":7}],"seed_played":"-5490317474930826622","potions_obtained":[{"floor":2.0,"key":"Block Potion"},{"floor":6.0,"key":"Regen Potion"}],"is_trial":false,"path_per_floor":["M","M","?","$","?","E","R","M","T","M","R","?","R","M","R","B"],"character_chosen":"DEFECT","items_purchased":["Conserve Battery"],"campfire_rested":1,"item_purchase_floors":[4],"current_hp_per_floor":[63,57,57,57,57,14,35,55,55,42,42,37,37,26,26,0],"gold":99,"neow_bonus":"ONE_RARE_RELIC","is_prod":false,"is_daily":false,"chose_seed":false,"campfire_upgraded":1,"win_rate":0,"timestamp":1549695425,"path_taken":["M","M","?","$","?","E","R","M","T","M","R","?","R","?","R","BOSS"],"build_version":"2019-01-23","purchased_purges":0,"victory":false,"max_hp_per_floor":[71,71,71,71,71,71,71,71,71,71,71,71,71,71,71,71],"card_choices":[{"not_picked":["Reinforced Body","Redo"],"picked":"Gash","floor":1.0},{"not_picked":["Coolheaded","Tempest"],"picked":"Self Repair","floor":2.0},{"not_picked":["Leap","Compile Driver"],"picked":"Gash","floor":6.0},{"not_picked":["Sweeping Beam","Lockon"],"picked":"Creative AI","floor":8.0},{"not_picked":["Cold Snap","Stack"],"picked":"Rebound","floor":10.0},{"not_picked":["Redo","Go for the Eyes"],"picked":"Streamline","floor":14.0}],"player_experience":637543,"relics_obtained":[{"floor":6.0,"key":"Blood Vial"},{"floor":9.0,"key":"Gremlin Horn"}],"event_choices":[{"damage_healed":0.0,"max_hp_gain":0.0,"max_hp_loss":0.0,"gold_gain":0.0,"event_name":"The Cleric","player_choice":"Leave","floor":3.0,"gold_loss":0.0,"damage_taken":0.0},{"damage_healed":0.0,"max_hp_gain":0.0,"max_hp_loss":0.0,"gold_gain":0.0,"cards_transformed":["Strike_B"],"event_name":"Living Wall","player_choice":"Change","floor":5.0,"gold_loss":0.0,"damage_taken":0.0,"cards_obtained":["Scrape"]},{"damage_healed":0.0,"max_hp_gain":0.0,"max_hp_loss":0.0,"gold_gain":0.0,"event_name":"Scrap Ooze","player_choice":"Success","floor":12.0,"gold_loss":0.0,"damage_taken":5.0,"relics_obtained":["Shuriken"]}],"is_beta":false,"boss_relics":[],"items_purged_floors":[],"is_endless":false,"potions_floor_spawned":[2,6],"killed_by":"Hexaghost","ascension_level":19}