{"gold_per_floor":[111,13,13,33,33,77,100,134,134,134,134,215,239,282,282,407,407,425,425,75,75,99,133,133,176,203,203,246,246,271,309,309,309],"floor_reached":33,"playtime":1519,"items_purged":["Normality"],"score":431,"play_id":"2a47aa32-eaa8-4cb3-a53a-6d16c8074ac3","local_time":"20180731232810","is_ascension_mode":true,"campfire_choices":[{"floor":10.0,"key":"REST"},{"data":"Strike_R","floor":15.0,"key":"PURGE"},{"floor":24.0,"key":"REST"},{"floor":29.0,"key":"REST"},{"floor":32.0,"key":"REST"}],"neow_cost":"","seed_source_timestamp":852169525502231,"circlet_count":0,"master_deck":["Defend_R","Defend_R+1","Defend_R","Defend_R","Bash","Thunderclap","Trip+1","Second Wind+1","Dropkick","Spot Weakness","Flex","Thunderclap","Immolate","Pain","Armaments+1","Shrug It Off+1","Dropkick","Flame Barrier+1","True Grit+1","Burning Pact+1","Iron Wave","Bite","Bite","Bite","Bite","Bite","Rage+1","True Grit+1","Shrug It Off+1"],"special_seed":0,"relics":["Burning Blood","Golden Idol","Dodecahedron","Meat on the Bone","Paper Frog","Mummified Hand","Peace Pipe","Calling Bell","Happy Flower","Toxic Egg 2","Girya","Spirit Poop","War Paint","Ginger","Strawberry","Boot","Frozen Egg 2"],"potions_floor_usage":[33],"damage_taken":[{"damage":6.0,"enemies":"Cultist","floor":1.0,"turns":4.0},{"damage":6.0,"enemies":"Small Slimes","floor":4.0,"turns":3.0},{"damage":14.0,"enemies":"3 Sentries","floor":6.0,"turns":8.0},{"damage":12.0,"enemies":"Jaw Worm","floor":7.0,"turns":2.0},{"damage":28.0,"enemies":"Gremlin Nob","floor":8.0,"turns":4.0},{"damage":1.0,"enemies":"Looter","floor":13.0,"turns":3.0},{"damage":17.0,"enemies":"Lagavulin","floor":14.0,"turns":5.0},{"damage":39.0,"enemies":"The Guardian","floor":16.0,"turns":10.0},{"damage":36.0,"enemies":"2 Thieves","floor":18.0,"turns":3.0},{"damage":10.0,"enemies":"Chosen","floor":22.0,"turns":4.0},{"damage":61.0,"enemies":"Gremlin Leader","floor":23.0,"turns":6.0},{"damage":42.0,"enemies":"Book of Stabbing","floor":25.0,"turns":7.0},{"damage":34.0,"enemies":"Slavers","floor":28.0,"turns":4.0},{"damage":21.0,"enemies":"Centurion and Healer","floor":30.0,"turns":5.0},{"damage":23.0,"enemies":"Book of Stabbing","floor":31.0,"turns":6.0},{"damage":107,"enemies":"Collector","floor":33,"turns":6}],"seed_played":"2984834343763594031","potions_obtained":[{"floor":4.0,"key":"SpeedPotion"},{"floor":7.0,"key":"Dexterity Potion"},{"floor":13.0,"key":"SpeedPotion"},{"floor":14.0,"key":"BloodPotion"},{"floor":22.0,"key":"Energy Potion"},{"floor":23.0,"key":"FearPotion"},{"floor":28.0,"key":"LiquidBronze"},{"floor":30.0,"key":"Energy Potion"}],"is_trial":false,"path_per_floor":["M","$","?","M","?","E","M","E","T","R","?","T","M","E","R","B",null,"M","?","$","?","M","E","R","E","T","?","E","R","M","E","R"],"character_chosen":"IRONCLAD","items_purchased":["Trip","Shrug It Off+1","Dropkick","War Paint"],"campfire_rested":4,"item_purchase_floors":[2,20,20,20],"current_hp_per_floor":[80,80,60,60,44,36,30,8,8,32,32,32,49,50,50,29,80,50,50,50,50,58,23,47,25,32,32,20,46,54,60,86,0],"gold":309,"neow_bonus":"","is_prod":false,"is_daily":false,"chose_seed":false,"campfire_upgraded":0,"win_rate":0,"timestamp":1533094090,"path_taken":["M","?","?","?","?","E","M","E","T","R","?","?","M","E","R","BOSS","M","?","$","?","M","E","R","E","T","?","E","R","M","E","R","BOSS"],"build_version":"2018-07-26","purchased_purges":1,"victory":false,"max_hp_per_floor":[80,80,80,80,80,80,80,80,80,80,80,80,80,80,80,80,80,80,80,80,80,80,80,80,80,87,87,87,87,87,87,87,87],"card_choices":[{"not_picked":["Burning Pact","Havoc"],"picked":"Thunderclap","floor":1.0},{"not_picked":["Havoc","Clothesline"],"picked":"Second Wind","floor":4.0},{"not_picked":["Dual Wield","Cleave"],"picked":"Dropkick","floor":6.0},{"not_picked":["Wild Strike","Sword Boomerang"],"picked":"Spot Weakness","floor":7.0},{"not_picked":["Clothesline","Wild Strike"],"picked":"Flex","floor":8.0},{"not_picked":["Sever Soul","Wild Strike"],"picked":"Thunderclap","floor":13.0},{"not_picked":["Fire Breathing","Whirlwind","Blood for Blood"],"picked":"SKIP","floor":14.0},{"not_picked":["Brutality","Berserk"],"picked":"Immolate","floor":16.0},{"not_picked":["Twin Strike","Havoc+1"],"picked":"Armaments+1","floor":18.0},{"not_picked":["Metallicize","Pummel+1"],"picked":"True Grit+1","floor":22.0},{"not_picked":["Bludgeon","Wild Strike"],"picked":"Burning Pact+1","floor":23.0},{"not_picked":["Perfected Strike","Carnage+1"],"picked":"Iron Wave","floor":25.0},{"not_picked":["Wild Strike","Clothesline+1"],"picked":"Rage+1","floor":28.0},{"not_picked":["Flex+1","Pommel Strike"],"picked":"True Grit+1","floor":30.0},{"not_picked":["Wild Strike+1","Fiend Fire"],"picked":"Shrug It Off+1","floor":31.0}],"player_experience":156178,"relics_obtained":[{"floor":6.0,"key":"Dodecahedron"},{"floor":8.0,"key":"Meat on the Bone"},{"floor":9.0,"key":"Paper Frog"},{"floor":12.0,"key":"Mummified Hand"},{"floor":14.0,"key":"Peace Pipe"},{"floor":17.0,"key":"Happy Flower"},{"floor":17.0,"key":"Toxic Egg 2"},{"floor":17.0,"key":"Girya"},{"floor":23.0,"key":"Blood Vial"},{"floor":25.0,"key":"Ginger"},{"floor":26.0,"key":"Strawberry"},{"floor":28.0,"key":"Boot"},{"floor":31.0,"key":"Frozen Egg 2"}],"event_choices":[{"event_name":"Golden Idol","player_choice":"Take Damage","floor":3.0,"damage_taken":0.0},{"event_name":"Shining Light","player_choice":"Entered Light","floor":5.0,"damage_taken":0.0},{"event_name":"Liars Game","player_choice":"disagreed","floor":11.0,"damage_taken":0.0},{"event_name":"Bonfire Elementals","player_choice":"CURSE","floor":19.0,"damage_taken":0.0},{"event_name":"The Library","player_choice":"Read","floor":21.0,"damage_taken":0.0},{"event_name":"Vampires","player_choice":"Became a vampire (Vial)","floor":27.0,"damage_taken":0.0}],"is_beta":false,"boss_relics":[{"not_picked":["Velvet Choker","Runic Dome"],"picked":"Calling Bell"}],"items_purged_floors":[20],"is_endless":false,"potions_floor_spawned":[4,7,13,14,22,23,28,30],"killed_by":"Collector","ascension_level":4}