{"gold_per_floor":[113,128,141,216,216,216,251,251,251,38,52,63,76,154,154,257,257,273,273],"floor_reached":19,"playtime":2713,"items_purged":[],"score":219,"play_id":"71bc863f-e337-4e5c-9781-07f4a8a85624","local_time":"20190503211804","is_ascension_mode":false,"campfire_choices":[{"data":"Bash","floor":6.0,"key":"SMITH"},{"data":"Shrug It Off","floor":8.0,"key":"SMITH"},{"floor":15.0,"key":"REST"}],"neow_cost":"CURSE","seed_source_timestamp":338789321620067,"circlet_count":0,"master_deck":["Strike_R","Strike_R","Strike_R","Strike_R","Defend_R","Defend_R","Defend_R","Defend_R","Bash+1","Decay","Shrug It Off+1","Feed","Feel No Pain","Limit Break","Inflame","Exhume","True Grit","Inflame","Ghostly Armor","Juggernaut","Flex+1"],"special_seed":0,"relics":["Black Blood","Mango","Meat on the Bone","Shuriken"],"potions_floor_usage":[19,19],"damage_taken":[{"damage":15.0,"enemies":"Jaw Worm","floor":1.0,"turns":4.0},{"damage":9.0,"enemies":"Small Slimes","floor":2.0,"turns":5.0},{"damage":3.0,"enemies":"Cultist","floor":3.0,"turns":3.0},{"damage":30.0,"enemies":"Gremlin Nob","floor":7.0,"turns":6.0},{"damage":27.0,"enemies":"Exordium Thugs","floor":11.0,"turns":6.0},{"damage":33.0,"enemies":"Large Slime","floor":12.0,"turns":10.0},{"damage":13.0,"enemies":"Blue Slaver","floor":13.0,"turns":8.0},{"damage":37.0,"enemies":"Slime Boss","floor":16.0,"turns":14.0},{"damage":45.0,"enemies":"3 Byrds","floor":18.0,"turns":9.0},{"damage":56,"enemies":"Colosseum Slavers","floor":19,"turns":7},{"damage":82,"enemies":"Colosseum Nobs","floor":19,"turns":5}],"seed_played":"-9040605823322149825","potions_obtained":[{"floor":1.0,"key":"Block Potion"},{"floor":2.0,"key":"Ancient Potion"},{"floor":11.0,"key":"FearPotion"},{"floor":16.0,"key":"Weak Potion"}],"is_trial":false,"path_per_floor":["M","M","M","?","?","R","E","R","T","$","M","M","M","T","R","B",null,"M","?"],"character_chosen":"IRONCLAD","items_purchased":["Inflame","Exhume"],"campfire_rested":1,"item_purchase_floors":[10,10],"current_hp_per_floor":[87,84,90,79,79,79,72,72,72,72,66,54,62,62,99,71,128,96,0],"gold":273,"neow_bonus":"TWENTY_PERCENT_HP_BONUS","is_prod":false,"is_daily":false,"chose_seed":false,"campfire_upgraded":2,"win_rate":0.0,"timestamp":1556939884,"path_taken":["M","M","M","?","?","R","E","R","T","$","M","?","M","?","R","BOSS","M","?"],"build_version":"2019-01-23","purchased_purges":0,"victory":false,"max_hp_per_floor":[96,96,99,99,99,99,116,116,116,116,119,122,125,125,125,128,128,131,134],"card_choices":[{"not_picked":["Pommel Strike","Sword Boomerang"],"picked":"Shrug It Off","floor":1.0},{"not_picked":["Anger","Sever Soul"],"picked":"Feed","floor":2.0},{"not_picked":["Battle Trance","Flex"],"picked":"Feel No Pain","floor":3.0},{"not_picked":["Anger","Twin Strike"],"picked":"Limit Break","floor":7.0},{"not_picked":["Twin Strike","Thunderclap"],"picked":"True Grit","floor":11.0},{"not_picked":["Iron Wave","Cleave"],"picked":"Inflame","floor":12.0},{"not_picked":["Body Slam","Evolve"],"picked":"Ghostly Armor","floor":13.0},{"not_picked":["Double Tap","Fiend Fire"],"picked":"Juggernaut","floor":16.0},{"not_picked":["Twin Strike","Pommel Strike"],"picked":"Flex+1","floor":18.0}],"player_experience":71066,"relics_obtained":[{"floor":7.0,"key":"Mango"},{"floor":9.0,"key":"Meat on the Bone"},{"floor":14.0,"key":"Shuriken"}],"event_choices":[{"damage_healed":0.0,"max_hp_gain":0.0,"max_hp_loss":0.0,"gold_gain":75.0,"event_name":"World of Goop","player_choice":"Gather Gold","floor":4.0,"gold_loss":0.0,"damage_taken":11.0},{"cards_removed":["Strike_R"],"damage_healed":0.0,"max_hp_gain":0.0,"max_hp_loss":0.0,"gold_gain":0.0,"event_name":"Purifier","player_choice":"Purged","floor":5.0,"gold_loss":0.0,"damage_taken":0.0},{"damage_healed":0,"gold_gain":0,"player_choice":"Fight","damage_taken":0,"max_hp_gain":0,"max_hp_loss":0,"event_name":"Colosseum","floor":19,"gold_loss":0},{"damage_healed":0,"gold_gain":0,"player_choice":"Fought Nobs","damage_taken":0,"max_hp_gain":0,"max_hp_loss":0,"event_name":"Colosseum","floor":19,"gold_loss":0}],"is_beta":false,"boss_relics":[{"not_picked":["Runic Cube","Ectoplasm"],"picked":"Black Blood"}],"items_purged_floors":[],"is_endless":false,"potions_floor_spawned":[1,2,11,16],"killed_by":"Colosseum Nobs","ascension_level":0}