{"gold_per_floor":[109,34,84,7,24,56,74,74,74,74,86,112,112,140,152,242,254,280,292,504,533,495,507,8,23,47,5,24,34,45,65,65,65],"floor_reached":33,"playtime":913,"items_purged":[],"score":584,"play_id":"a5315d03-ad1e-4834-a3ec-8a497cb64da4","local_time":"20190314190901","is_ascension_mode":true,"campfire_choices":[{"data":"Bash","floor":8.0,"key":"SMITH"},{"data":"Pommel Strike","floor":10.0,"key":"SMITH"},{"data":"Perfected Strike","floor":13.0,"key":"SMITH"},{"data":"Flame Barrier","floor":15.0,"key":"SMITH"},{"floor":23.0,"key":"REST"},{"floor":32.0,"key":"REST"}],"neow_cost":"NONE","seed_source_timestamp":0,"circlet_count":0,"master_deck":["AscendersBane","Strike_R","Strike_R","Strike_R","Strike_R","Strike_R","Defend_R","Defend_R","Defend_R","Bash+1","Perfected Strike+1","Fiend Fire","Shrug It Off","Flame Barrier+1","Pommel Strike+1","Inflame","Demon Form+1","Wild Strike","Twin Strike","Pommel Strike","True Grit","Perfected Strike","Whirlwind","Uppercut","Feel No Pain","Metallicize"],"special_seed":0,"relics":["Burning Blood","NeowsBlessing","Self Forming Clay","Omamori","Happy Flower","MawBank","Cursed Key","Champion Belt","Lantern"],"potions_floor_usage":[],"damage_taken":[{"damage":0.0,"enemies":"Cultist","floor":1.0,"turns":1.0},{"damage":0.0,"enemies":"Jaw Worm","floor":5.0,"turns":1.0},{"damage":0.0,"enemies":"3 Sentries","floor":6.0,"turns":1.0},{"damage":4.0,"enemies":"Small Slimes","floor":7.0,"turns":3.0},{"damage":15.0,"enemies":"Gremlin Gang","floor":11.0,"turns":2.0},{"damage":8.0,"enemies":"Gremlin Nob","floor":12.0,"turns":3.0},{"damage":29.0,"enemies":"3 Sentries","floor":14.0,"turns":12.0},{"damage":40.0,"enemies":"Slime Boss","floor":16.0,"turns":7.0},{"damage":20.0,"enemies":"2 Thieves","floor":18.0,"turns":4.0},{"damage":19.0,"enemies":"Shell Parasite","floor":21.0,"turns":4.0},{"damage":34.0,"enemies":"Sentry and Sphere","floor":25.0,"turns":6.0},{"damage":23.0,"enemies":"Cultist and Chosen","floor":28.0,"turns":4.0},{"damage":2.0,"enemies":"Snake Plant","floor":29.0,"turns":2.0},{"damage":14.0,"enemies":"Centurion and Healer","floor":30.0,"turns":3.0},{"damage":6.0,"enemies":"3 Cultists","floor":31.0,"turns":3.0},{"damage":38,"enemies":"Collector","floor":33,"turns":3}],"seed_played":"-5913893332137090824","potions_obtained":[{"floor":5.0,"key":"Swift Potion"},{"floor":6.0,"key":"AttackPotion"},{"floor":7.0,"key":"FearPotion"},{"floor":14.0,"key":"Weak Potion"},{"floor":21.0,"key":"PowerPotion"},{"floor":25.0,"key":"FearPotion"}],"is_trial":false,"path_per_floor":["M","?","?","$","M","E","M","R","T","R","M","E","R","E","R","B",null,"M","?","?","M","?","R","$","M","T","$","M","M","M","M","R","B"],"character_chosen":"IRONCLAD","items_purchased":["Fiend Fire","Champion Belt","Pommel Strike","True Grit","Fruit Juice","Whirlwind"],"campfire_rested":2,"item_purchase_floors":[4,24,24,24,24,27],"current_hp_per_floor":[74,74,67,67,73,75,75,75,75,75,66,64,64,41,41,7,58,44,44,44,31,31,53,58,30,30,30,13,17,9,9,33,0],"gold":65,"neow_bonus":"THREE_ENEMY_KILL","is_prod":false,"is_daily":false,"chose_seed":false,"campfire_upgraded":4,"win_rate":0,"timestamp":1552604941,"path_taken":["M","?","?","$","M","E","M","R","T","R","M","E","R","E","R","BOSS","M","?","?","?","?","R","$","M","T","?","M","M","?","M","R","BOSS"],"build_version":"2019-01-23","purchased_purges":0,"victory":false,"max_hp_per_floor":[75,75,75,75,75,75,75,75,75,75,75,75,75,75,75,75,75,75,75,75,75,75,75,80,80,80,80,80,80,80,80,80,80],"card_choices":[{"not_picked":["Thunderclap","Shockwave"],"picked":"Perfected Strike","floor":1.0},{"not_picked":["Ghostly Armor","Armaments"],"picked":"Shrug It Off","floor":5.0},{"not_picked":["Ghostly Armor","Sword Boomerang"],"picked":"Flame Barrier","floor":6.0},{"not_picked":["Warcry","Headbutt"],"picked":"Pommel Strike","floor":7.0},{"not_picked":["Sword Boomerang","Metallicize"],"picked":"Inflame","floor":11.0},{"not_picked":["Havoc","Clash","Heavy Blade"],"picked":"SKIP","floor":12.0},{"not_picked":["Flex","Thunderclap","Bloodletting"],"picked":"SKIP","floor":14.0},{"not_picked":["Double Tap","Brutality"],"picked":"Demon Form","floor":16.0},{"not_picked":["Armaments","Rampage"],"picked":"Wild Strike","floor":18.0},{"not_picked":["Thunderclap","Body Slam"],"picked":"Twin Strike","floor":21.0},{"not_picked":["Havoc","Ghostly Armor+1"],"picked":"Perfected Strike","floor":25.0},{"not_picked":["Rage","Clothesline"],"picked":"Uppercut","floor":28.0},{"not_picked":["Inflame","Sentinel","Body Slam"],"picked":"SKIP","floor":29.0},{"not_picked":["Rupture","Clash"],"picked":"Feel No Pain","floor":30.0},{"not_picked":["Shrug It Off","Warcry"],"picked":"Metallicize","floor":31.0}],"player_experience":845130,"relics_obtained":[{"floor":6.0,"key":"Self Forming Clay"},{"floor":9.0,"key":"Omamori"},{"floor":12.0,"key":"Happy Flower"},{"floor":14.0,"key":"MawBank"},{"floor":26.0,"key":"Lantern"}],"event_choices":[{"cards_removed":["Defend_R"],"damage_healed":0.0,"max_hp_gain":0.0,"max_hp_loss":0.0,"gold_gain":0.0,"event_name":"The Cleric","player_choice":"Card Removal","floor":2.0,"gold_loss":75.0,"damage_taken":0.0},{"damage_healed":0.0,"max_hp_gain":0.0,"max_hp_loss":0.0,"gold_gain":50.0,"event_name":"FaceTrader","player_choice":"Touch","floor":3.0,"gold_loss":0.0,"damage_taken":7.0},{"damage_healed":0.0,"max_hp_gain":0.0,"max_hp_loss":0.0,"gold_gain":0.0,"event_name":"Vampires","player_choice":"Ignored","floor":19.0,"gold_loss":0.0,"damage_taken":0.0},{"damage_healed":0.0,"max_hp_gain":0.0,"max_hp_loss":0.0,"gold_gain":250.0,"event_name":"The Joust","player_choice":"Bet on Owner","floor":20.0,"gold_loss":50.0,"damage_taken":0.0},{"damage_healed":0.0,"max_hp_gain":0.0,"max_hp_loss":0.0,"gold_gain":0.0,"event_name":"Designer","player_choice":"Upgrade","floor":22.0,"gold_loss":50.0,"damage_taken":0.0,"cards_upgraded":["Demon Form"]}],"is_beta":false,"boss_relics":[{"not_picked":["Mark of Pain","Empty Cage"],"picked":"Cursed Key"}],"items_purged_floors":[],"is_endless":false,"potions_floor_spawned":[5,6,7,14,21,25],"killed_by":"Collector","ascension_level":20}