{"gold_per_floor":[112,122,137,137,151,151,177,197,197,197,167,1,29,43,43,140,140,152,152,152,52,70,70,70,70,70,90,90],"floor_reached":28,"playtime":4723,"items_purged":["Strike_B","Strike_B"],"score":378,"play_id":"34e5c987-8670-4f21-bcec-923261622656","local_time":"20181205193142","is_ascension_mode":true,"campfire_choices":[{"data":"Reinforced Body","floor":6.0,"key":"SMITH"},{"floor":10.0,"key":"REST"},{"floor":15,"key":"REST"},{"data":"Redo","floor":23,"key":"SMITH"},{"floor":24,"key":"REST"},{"data":"Rainbow","floor":25,"key":"SMITH"}],"neow_cost":"PERCENT_DAMAGE","seed_source_timestamp":1624414910396504,"circlet_count":0,"master_deck":["AscendersBane","Strike_B","Strike_B","Defend_B","Defend_B","Defend_B","Defend_B","Zap","Dualcast","White Noise","Reinforced Body+1","Rebound","Turbo","Hologram","Rainbow+1","Heatsinks","Ball Lightning","Auto Shields","Streamline","Creative AI","Coolheaded","Ghostly","Ghostly","Ghostly","Ghostly","Ghostly","Redo+1","Force Field"],"special_seed":0,"relics":["Cracked Core","WingedGreaves","Girya","White Beast Statue","Nloth\u0027s Gift","Kunai"],"potions_floor_usage":[16,16,22,28],"damage_taken":[{"damage":1.0,"enemies":"Cultist","floor":1.0,"turns":3.0},{"damage":11.0,"enemies":"Small Slimes","floor":2.0,"turns":4.0},{"damage":9.0,"enemies":"2 Louse","floor":3.0,"turns":3.0},{"damage":11.0,"enemies":"Large Slime","floor":5.0,"turns":5.0},{"damage":23.0,"enemies":"Lagavulin","floor":7.0,"turns":7.0},{"damage":19.0,"enemies":"Lots of Slimes","floor":8.0,"turns":5.0},{"damage":3,"enemies":"Looter","floor":11,"turns":4},{"damage":24,"enemies":"3 Sentries","floor":13,"turns":10},{"damage":16,"enemies":"Exordium Thugs","floor":14,"turns":6},{"damage":33,"enemies":"Hexaghost","floor":16,"turns":11},{"damage":46,"enemies":"Shell Parasite","floor":18,"turns":7},{"damage":31,"enemies":"Spheric Guardian","floor":22,"turns":8},{"damage":7,"enemies":"Snake Plant","floor":27,"turns":5},{"damage":21,"enemies":"Centurion and Healer","floor":28,"turns":3}],"seed_played":"-6616740425963741065","potions_obtained":[{"floor":3.0,"key":"Poison Potion"},{"floor":5.0,"key":"GamblersBrew"},{"floor":8.0,"key":"Strength Potion"},{"floor":14,"key":"Poison Potion"},{"floor":18,"key":"Regen Potion"},{"floor":22,"key":"SpeedPotion"},{"floor":27,"key":"Weak Potion"}],"is_trial":false,"path_per_floor":["M","M","M","?","M","R","E","M","T","R","M","$","E","M","R","B",null,"M","?","?","$","M","R","R","R","T","M","M"],"character_chosen":"DEFECT","items_purchased":["Heatsinks","Ball Lightning"],"campfire_rested":3,"item_purchase_floors":[12,12],"current_hp_per_floor":[63,52,43,89,78,78,55,36,36,62,59,59,35,19,45,12,70,24,24,24,24,8,8,21,21,21,14,0],"gold":90,"neow_bonus":"TWENTY_PERCENT_HP_BONUS","is_prod":false,"is_daily":false,"chose_seed":false,"campfire_upgraded":3,"win_rate":0,"timestamp":1544056302,"path_taken":["M","M","?","?","M","R","E","M","T","R","M","$","E","?","R","BOSS","M","?","?","$","M","R","R","R","T","?","M"],"build_version":"2018-11-15","purchased_purges":2,"victory":false,"max_hp_per_floor":[89,89,89,89,89,89,89,89,89,89,89,89,89,89,89,89,89,89,44,44,44,44,44,44,44,44,44,44],"card_choices":[{"not_picked":["Steam","Rebound"],"picked":"White Noise","floor":1.0},{"not_picked":["Redo","Ball Lightning"],"picked":"Darkness","floor":2.0},{"not_picked":["Force Field","Gash"],"picked":"Reinforced Body","floor":3.0},{"not_picked":["Steam","Leap"],"picked":"Rebound","floor":5.0},{"not_picked":["Gash","Redo"],"picked":"Turbo","floor":7.0},{"not_picked":["Undo","Genetic Algorithm","Barrage"],"picked":"Hologram","floor":8.0},{"not_picked":["Hello World","Sweeping Beam","Genetic Algorithm"],"picked":"Rainbow","floor":11},{"not_picked":["Ball Lightning","Chill","Gash"],"picked":"Auto Shields","floor":13},{"not_picked":["Skim","Leap","FTL"],"picked":"Streamline","floor":14},{"not_picked":["Meteor Strike","Thunder Strike","Electrodynamics"],"picked":"Creative AI","floor":16},{"not_picked":["Gash","Sweeping Beam","Streamline"],"picked":"Coolheaded","floor":18},{"not_picked":["Compile Driver","Go for the Eyes+1"],"picked":"Redo","floor":22},{"not_picked":["Ball Lightning","Beam Cell"],"picked":"Force Field","floor":27}],"player_experience":415661,"relics_obtained":[{"floor":7.0,"key":"Question Card"},{"floor":9.0,"key":"WingedGreaves"},{"floor":13,"key":"Girya"},{"floor":26,"key":"Kunai"}],"event_choices":[{"cards_removed":["Darkness"],"damage_healed":46.0,"max_hp_gain":0.0,"max_hp_loss":0.0,"gold_gain":0.0,"event_name":"Bonfire Elementals","player_choice":"Offered Uncommon","floor":4.0,"gold_loss":0.0,"damage_taken":0.0},{"damage_healed":0,"gold_gain":0,"player_choice":"Became a Ghost","damage_taken":0,"max_hp_gain":0,"max_hp_loss":45,"event_name":"Ghosts","floor":19,"gold_loss":0,"cards_obtained":["Ghostly","Ghostly","Ghostly","Ghostly","Ghostly"]},{"damage_healed":0,"gold_gain":0,"player_choice":"Traded Relic","damage_taken":0,"relics_obtained":["Nloth\u0027s Gift"],"max_hp_gain":0,"max_hp_loss":0,"event_name":"N\u0027loth","floor":20,"relics_lost":["Question Card"],"gold_loss":0}],"is_beta":false,"boss_relics":[{"not_picked":["Inserter","Runic Pyramid"],"picked":"White Beast Statue"}],"items_purged_floors":[12,21],"is_endless":false,"potions_floor_spawned":[3,5,8,14,18,22,27],"killed_by":"Centurion and Healer","ascension_level":11}