{"gold_per_floor":[361,375,325,15,29,54,54,84,135,135,166,185,185,15,15,110,110,122,322,341,83,103,103,103,103,103,118,118,147,174,174,174,174],"floor_reached":33,"playtime":1444,"items_purged":["Strike_G","Defend_G","Strike_G"],"score":379,"play_id":"5bb72e29-f4a4-45fd-869f-a8db79398b8d","local_time":"20190502174519","is_ascension_mode":true,"campfire_choices":[{"floor":7,"key":"REST"},{"data":"Neutralize","floor":10,"key":"SMITH"},{"floor":15,"key":"REST"},{"floor":23,"key":"REST"},{"data":"Noxious Fumes","floor":25,"key":"SMITH"},{"floor":32,"key":"REST"}],"neow_cost":"CURSE","seed_source_timestamp":735322418548332,"circlet_count":0,"master_deck":["Defend_G","Defend_G","Defend_G","Defend_G","Strike_G+1","Strike_G","Strike_G","Survivor","Neutralize+1","All Out Attack+1","Escape Plan","Poisoned Stab","Cloak And Dagger","Poisoned Stab","Noxious Fumes+1","Prepared","Corpse Explosion","Well Laid Plans+1","Blur","Acrobatics","Backflip","Outmaneuver","Leg Sweep","Bullet Time"],"relics":["Ring of the Snake","Membership Card","Regal Pillow","Question Card","Whetstone","Blood Vial","Dream Catcher","Happy Flower","Sozu","Anchor","Juzu Bracelet","FossilizedHelix","Omamori","MutagenicStrength","Dodecahedron","Red Mask"],"potions_floor_usage":[6,6,16],"damage_taken":[{"damage":0,"enemies":"2 Louse","floor":1,"turns":2},{"damage":8,"enemies":"Cultist","floor":2,"turns":6},{"damage":0,"enemies":"Small Slimes","floor":5,"turns":3},{"damage":43,"enemies":"Gremlin Nob","floor":6,"turns":6},{"damage":17,"enemies":"3 Sentries","floor":8,"turns":10},{"damage":30,"enemies":"Lagavulin","floor":11,"turns":7},{"damage":4,"enemies":"2 Fungi Beasts","floor":12,"turns":3},{"damage":24,"enemies":"Slime Boss","floor":16,"turns":8},{"damage":1,"enemies":"Chosen","floor":18,"turns":5},{"damage":25,"enemies":"2 Thieves","floor":20,"turns":3},{"damage":7,"enemies":"3 Cultists","floor":22,"turns":3},{"damage":20,"enemies":"Snecko","floor":27,"turns":7},{"damage":31,"enemies":"Gremlin Leader","floor":29,"turns":6},{"damage":0,"enemies":"Masked Bandits","floor":30,"turns":3},{"damage":59,"enemies":"Champ","floor":33,"turns":10}],"seed_played":"7820975076586580","potions_obtained":[{"floor":2,"key":"Swift Potion"},{"floor":5,"key":"Explosive Potion"},{"floor":11,"key":"Energy Potion"},{"floor":16,"key":"SteroidPotion"}],"is_trial":false,"path_per_floor":["M","M","?","$","M","E","R","E","T","R","E","M","?","$","R","B",null,"M","?","M","$","M","R","?","R","T","M","?","E","?","?","R","B"],"character_chosen":"THE_SILENT","items_purchased":["Membership Card","Regal Pillow","Happy Flower","Noxious Fumes","Anchor","Juzu Bracelet","Blur","Acrobatics"],"campfire_rested":4,"item_purchase_floors":[4,4,14,14,21,21,21,21],"current_hp_per_floor":[63,55,55,55,55,12,48,31,31,31,3,1,1,1,37,15,56,57,57,34,34,29,65,65,65,65,47,47,18,20,20,56,0],"gold":174,"neow_bonus":"TWO_FIFTY_GOLD","is_prod":false,"is_daily":false,"chose_seed":false,"campfire_upgraded":2,"win_rate":0,"timestamp":1556815519,"path_taken":["M","M","?","$","M","E","R","E","T","R","E","M","?","$","R","BOSS","M","?","M","$","M","R","?","R","T","M","?","E","?","?","R","BOSS"],"build_version":"2019-01-23","purchased_purges":3,"victory":false,"max_hp_per_floor":[70,70,70,70,70,70,70,70,70,70,70,70,70,70,70,70,70,70,70,70,70,70,70,70,70,70,70,70,70,70,70,70,70],"card_choices":[{"not_picked":["Expertise","Outmaneuver","PiercingWail"],"picked":"SKIP","floor":1},{"not_picked":["Concentrate","Outmaneuver"],"picked":"All Out Attack","floor":2},{"not_picked":["Underhanded Strike","Slice"],"picked":"Escape Plan","floor":5},{"not_picked":["Slice","Flechettes","Quick Slash"],"picked":"SKIP","floor":6},{"not_picked":["Sucker Punch","Dodge and Roll","All Out Attack"],"picked":"Poisoned Stab","floor":8},{"not_picked":["Caltrops","Acrobatics","Quick Slash"],"picked":"Cloak And Dagger","floor":11},{"not_picked":["PiercingWail","Dodge and Roll","Well Laid Plans"],"picked":"Poisoned Stab","floor":12},{"not_picked":["Deflect","Predator","Slice"],"picked":"Prepared","floor":15},{"not_picked":["Grand Finale","Wraith Form v2","Burst"],"picked":"Corpse Explosion","floor":16},{"not_picked":["Deadly Poison","Terror","Quick Slash+1"],"picked":"Well Laid Plans+1","floor":18},{"not_picked":["Deadly Poison+1","Bane","Backstab","Endless Agony"],"picked":"SKIP","floor":20},{"not_picked":["Infinite Blades","Choke","Deflect+1"],"picked":"Backflip","floor":22},{"not_picked":["Slice","Flying Knee","Dagger Spray"],"picked":"Outmaneuver","floor":23},{"not_picked":["Blade Dance","Quick Slash","Cloak And Dagger","PiercingWail+1"],"picked":"SKIP","floor":27},{"not_picked":["Poisoned Stab","Acrobatics+1","Quick Slash"],"picked":"Leg Sweep","floor":29},{"not_picked":["Prepared+1","Bane","Backflip"],"picked":"Bullet Time","floor":30}],"player_experience":587229,"relics_obtained":[{"floor":6,"key":"Question Card"},{"floor":8,"key":"Whetstone"},{"floor":9,"key":"Blood Vial"},{"floor":11,"key":"Dream Catcher"},{"floor":26,"key":"Omamori"},{"floor":29,"key":"Dodecahedron"},{"floor":30,"key":"Red Mask"}],"event_choices":[{"cards_removed":["Regret"],"damage_healed":0,"gold_gain":0,"player_choice":"Card Removal","damage_taken":0,"max_hp_gain":0,"max_hp_loss":0,"event_name":"The Cleric","floor":3,"gold_loss":50},{"damage_healed":0,"gold_gain":0,"player_choice":"Ignored","damage_taken":0,"max_hp_gain":0,"max_hp_loss":0,"event_name":"Shining Light","floor":13,"gold_loss":0},{"damage_healed":0,"gold_gain":250,"player_choice":"Bet on Owner","damage_taken":0,"max_hp_gain":0,"max_hp_loss":0,"event_name":"The Joust","floor":19,"gold_loss":50},{"damage_healed":0,"gold_gain":0,"player_choice":"Opened","damage_taken":0,"relics_obtained":["FossilizedHelix"],"max_hp_gain":0,"max_hp_loss":0,"event_name":"The Mausoleum","floor":24,"gold_loss":0},{"damage_healed":0,"gold_gain":0,"player_choice":"Inject Mutagens","damage_taken":0,"relics_obtained":["MutagenicStrength"],"max_hp_gain":0,"max_hp_loss":0,"event_name":"Drug Dealer","floor":28,"gold_loss":0},{"damage_healed":0,"gold_gain":0,"player_choice":"Fought Bandits","damage_taken":0,"max_hp_gain":0,"max_hp_loss":0,"event_name":"Masked Bandits","floor":30,"gold_loss":0},{"damage_healed":0,"gold_gain":0,"player_choice":"Smashed Altar","damage_taken":0,"max_hp_gain":0,"max_hp_loss":0,"event_name":"Forgotten Altar","floor":31,"gold_loss":0,"cards_obtained":["Decay"]}],"is_beta":false,"boss_relics":[{"not_picked":["Cursed Key","Calling Bell"],"picked":"Sozu"}],"items_purged_floors":[4,14,21],"is_endless":false,"potions_floor_spawned":[2,5,11,16,29,30],"killed_by":"Champ","ascension_level":7}