{"gold_per_floor":[111,131,131,144,156,190,190,206,206,221,232,232,232],"floor_reached":13,"playtime":728,"items_purged":[],"score":120,"play_id":"1bd06000-ecdf-4080-8b80-17fdc72ce8b3","local_time":"20190501222956","is_ascension_mode":true,"campfire_choices":[{"data":"1","floor":7,"key":"LIFT"},{"data":"Dodge and Roll","floor":12,"key":"SMITH"}],"neow_cost":"NONE","seed_source_timestamp":713376123241324,"circlet_count":0,"master_deck":["Defend_G","Defend_G","Defend_G","Defend_G","Defend_G","Strike_G","Strike_G","Strike_G","Strike_G","Survivor","Neutralize","Predator","Deadly Poison","Backflip","Phantasmal Killer","Dagger Throw","Dodge and Roll+1"],"relics":["Ring of the Snake","Girya","Incense Burner"],"potions_floor_usage":[13],"damage_taken":[{"damage":1,"enemies":"2 Louse","floor":1,"turns":3},{"damage":2,"enemies":"Small Slimes","floor":2,"turns":3},{"damage":0,"enemies":"Cultist","floor":4,"turns":5},{"damage":4,"enemies":"Large Slime","floor":5,"turns":8},{"damage":22,"enemies":"3 Sentries","floor":6,"turns":9},{"damage":14,"enemies":"Lots of Slimes","floor":8,"turns":7},{"damage":4,"enemies":"Looter","floor":10,"turns":4},{"damage":2,"enemies":"2 Fungi Beasts","floor":11,"turns":3},{"damage":30,"enemies":"Lagavulin","floor":13,"turns":6}],"seed_played":"-8889962887657340936","potions_obtained":[{"floor":1,"key":"GamblersBrew"},{"floor":11,"key":"Swift Potion"}],"is_trial":false,"path_per_floor":["M","M","?","M","M","E","R","M","T","M","M","R","E"],"character_chosen":"THE_SILENT","items_purchased":[],"campfire_rested":0,"item_purchase_floors":[],"current_hp_per_floor":[69,67,60,60,56,34,34,20,20,16,14,14,0],"gold":232,"neow_bonus":"TEN_PERCENT_HP_BONUS","is_prod":false,"is_daily":false,"chose_seed":false,"campfire_upgraded":1,"win_rate":0,"timestamp":1556746196,"path_taken":["M","M","?","M","M","E","R","M","T","M","M","R","E"],"build_version":"2019-01-23","purchased_purges":0,"victory":false,"max_hp_per_floor":[77,77,77,77,77,77,77,77,77,77,77,77,77],"card_choices":[{"not_picked":["Catalyst","Accuracy"],"picked":"Predator","floor":1},{"not_picked":["Dagger Spray","Underhanded Strike"],"picked":"Deadly Poison","floor":2},{"not_picked":["Sucker Punch","Prepared"],"picked":"Backflip","floor":4},{"not_picked":["Slice","Backflip","PiercingWail"],"picked":"SKIP","floor":5},{"not_picked":["Catalyst","Acrobatics"],"picked":"Phantasmal Killer","floor":6},{"not_picked":["Deadly Poison","Accuracy"],"picked":"Dagger Throw","floor":8},{"not_picked":["Acrobatics","Slice","Choke"],"picked":"SKIP","floor":10},{"not_picked":["Backstab","Dagger Throw"],"picked":"Dodge and Roll","floor":11}],"player_experience":580740,"relics_obtained":[{"floor":6,"key":"Girya"},{"floor":9,"key":"Incense Burner"}],"event_choices":[{"cards_removed":["Strike_G"],"damage_healed":0,"gold_gain":0,"player_choice":"Card Removal","damage_taken":7,"max_hp_gain":0,"max_hp_loss":0,"event_name":"Golden Wing","floor":3,"gold_loss":0}],"is_beta":false,"boss_relics":[],"items_purged_floors":[],"is_endless":false,"potions_floor_spawned":[1,11],"killed_by":"Lagavulin","ascension_level":7}