{"gold_per_floor":[117,117,129,129,149,175,186,196,222,222],"floor_reached":10,"playtime":464,"items_purged":[],"score":81,"play_id":"1a074a8f-b5e6-493c-9001-b437435e2de0","local_time":"20180811113147","is_ascension_mode":true,"campfire_choices":[],"neow_cost":"","seed_source_timestamp":63361043764920,"circlet_count":0,"master_deck":["Defend_G+1","Defend_G","Defend_G","Defend_G","Defend_G","Strike_G","Strike_G","Strike_G","Strike_G","Strike_G","Survivor+1","Neutralize","Deflect","Noxious Fumes+1","Dash","Heel Hook","Footwork","Dash"],"relics":["Ring of the Snake","Peace Pipe","Bronze Scales"],"potions_floor_usage":[6,10],"damage_taken":[{"damage":14,"enemies":"Small Slimes","floor":1,"turns":4},{"damage":1,"enemies":"Jaw Worm","floor":3,"turns":6},{"damage":10,"enemies":"Cultist","floor":5,"turns":4},{"damage":22,"enemies":"Gremlin Nob","floor":6,"turns":6},{"damage":0,"enemies":"Red Slaver","floor":7,"turns":4},{"damage":0,"enemies":"Exordium Wildlife","floor":8,"turns":3},{"damage":12,"enemies":"3 Louse","floor":10,"turns":1}],"seed_played":"-6549478957404461727","potions_obtained":[{"floor":5,"key":"PowerPotion"},{"floor":7,"key":"PowerPotion"}],"is_trial":false,"path_per_floor":["M","?","M","?","M","E","M","M","T"],"character_chosen":"THE_SILENT","items_purchased":[],"campfire_rested":0,"item_purchase_floors":[],"current_hp_per_floor":[56,42,41,41,31,9,9,9,9,0],"gold":222,"neow_bonus":"","is_prod":false,"is_daily":false,"chose_seed":false,"campfire_upgraded":0,"win_rate":0,"timestamp":1534001507,"path_taken":["M","?","M","?","?","E","M","M","T","M"],"build_version":"2018-08-09","purchased_purges":0,"victory":false,"max_hp_per_floor":[70,70,70,70,70,70,70,70,70,70],"card_choices":[{"not_picked":["Leg Sweep","Outmaneuver"],"picked":"Deflect","floor":1},{"not_picked":["Outmaneuver","Dagger Throw"],"picked":"Noxious Fumes","floor":3},{"not_picked":["Flying Knee","Deflect"],"picked":"Dash","floor":5},{"not_picked":["Setup","Acrobatics"],"picked":"Heel Hook","floor":6},{"not_picked":["Dagger Throw","Reflex"],"picked":"Footwork","floor":7},{"not_picked":["Dagger Spray","Bane"],"picked":"Dash","floor":8}],"player_experience":180864,"relics_obtained":[{"floor":6,"key":"Peace Pipe"},{"floor":9,"key":"Bronze Scales"}],"event_choices":[{"event_name":"Shining Light","player_choice":"Entered Light","floor":2,"damage_taken":0},{"event_name":"Living Wall","player_choice":"Grow","floor":4,"damage_taken":0}],"is_beta":false,"boss_relics":[],"items_purged_floors":[],"is_endless":false,"potions_floor_spawned":[5,7],"killed_by":"3 Louse","ascension_level":3}