{"gold_per_floor":[118,137,152,169,169,209,179,179,179,199,232,232],"floor_reached":12,"playtime":471,"items_purged":[],"score":95,"play_id":"b1be63df-8161-4c36-9857-869c8ab72f2f","local_time":"20190222221733","is_ascension_mode":true,"campfire_choices":[{"floor":8,"key":"REST"}],"neow_cost":"NONE","seed_source_timestamp":14041788374316,"circlet_count":0,"master_deck":["Defend_G","Defend_G","Defend_G","Defend_G","Defend_G","Strike_G","Strike_G","Strike_G","Strike_G","Strike_G","Survivor","Neutralize","Bouncing Flask","Bane","Poisoned Stab","Footwork","Poisoned Stab"],"relics":["Ring of the Snake","Golden Idol","Calipers","Gremlin Horn","Ninja Scroll"],"potions_floor_usage":[7,11,11],"damage_taken":[{"damage":0,"enemies":"Jaw Worm","floor":1,"turns":3},{"damage":4,"enemies":"2 Louse","floor":2,"turns":2},{"damage":0,"enemies":"Small Slimes","floor":3,"turns":2},{"damage":8,"enemies":"2 Fungi Beasts","floor":4,"turns":3},{"damage":26,"enemies":"Lagavulin","floor":6,"turns":7},{"damage":0,"enemies":"Looter","floor":7,"turns":4},{"damage":4,"enemies":"Blue Slaver","floor":10,"turns":3},{"damage":36,"enemies":"Gremlin Nob","floor":11,"turns":5},{"damage":12,"enemies":"Exordium Thugs","floor":12,"turns":4}],"seed_played":"-3811251642730608358","potions_obtained":[{"floor":3,"key":"LiquidBronze"},{"floor":4,"key":"Ancient Potion"},{"floor":6,"key":"SpeedPotion"},{"floor":10,"key":"LiquidBronze"}],"is_trial":false,"path_per_floor":["M","M","M","M","?","E","M","R","T","M","E","M"],"character_chosen":"THE_SILENT","items_purchased":[],"campfire_rested":1,"item_purchase_floors":[],"current_hp_per_floor":[77,73,73,65,46,20,20,43,43,39,3,0],"gold":232,"neow_bonus":"TEN_PERCENT_HP_BONUS","is_prod":false,"is_daily":false,"chose_seed":false,"campfire_upgraded":0,"win_rate":0,"timestamp":1550873853,"path_taken":["M","M","M","M","?","E","M","R","T","M","E","M"],"build_version":"2019-01-23","purchased_purges":0,"victory":false,"max_hp_per_floor":[77,77,77,77,77,77,77,77,77,77,77,77],"card_choices":[{"not_picked":["Slice","Acrobatics"],"picked":"Bouncing Flask","floor":1},{"not_picked":["Backstab","Slice"],"picked":"Bane","floor":2},{"not_picked":["Skewer","Caltrops","Backflip"],"picked":"SKIP","floor":3},{"not_picked":["Concentrate","Slice","Quick Slash"],"picked":"SKIP","floor":6},{"not_picked":["Outmaneuver","Venomology"],"picked":"Poisoned Stab","floor":7},{"not_picked":["Concentrate","Skewer"],"picked":"Footwork","floor":10},{"not_picked":["Cloak And Dagger","Burst"],"picked":"Poisoned Stab","floor":11}],"player_experience":260896,"relics_obtained":[{"floor":6,"key":"Calipers"},{"floor":9,"key":"Gremlin Horn"},{"floor":11,"key":"Ninja Scroll"}],"event_choices":[{"damage_healed":0,"gold_gain":0,"player_choice":"Take Damage","damage_taken":19,"relics_obtained":["Golden Idol"],"max_hp_gain":0,"max_hp_loss":0,"event_name":"Golden Idol","floor":5,"gold_loss":0}],"is_beta":false,"boss_relics":[],"items_purged_floors":[],"is_endless":false,"potions_floor_spawned":[3,4,6,10],"killed_by":"Exordium Thugs","ascension_level":1}