{"gold_per_floor":[114,126,126,145,44,70,70,128,154,164,184,184,212,228,228,228],"floor_reached":16,"playtime":519,"items_purged":["Regret"],"score":118,"play_id":"5c148307-36f1-4d75-a06f-c9da96d92ebe","local_time":"20180815193213","is_ascension_mode":true,"campfire_choices":[{"floor":7,"key":"REST"},{"floor":15,"key":"REST"}],"neow_cost":"TEN_PERCENT_HP_LOSS","seed_source_timestamp":186579820647369,"circlet_count":0,"master_deck":["Strike_R+1","Strike_R","Strike_R","Strike_R+1","Strike_R","Defend_R","Defend_R","Defend_R","Defend_R","Bash","Bludgeon","Bloodletting","Pummel","Heavy Blade","Clothesline","Clothesline","Armaments","Inflame","Rupture","Parasite","Heavy Blade","Immolate"],"relics":["Burning Blood","Strawberry","The Courier","Boot","Ancient Tea Set","Whetstone"],"potions_floor_usage":[14,16,16],"damage_taken":[{"damage":5,"enemies":"Small Slimes","floor":1,"turns":3},{"damage":5,"enemies":"2 Louse","floor":2,"turns":3},{"damage":3,"enemies":"Cultist","floor":4,"turns":2},{"damage":49,"enemies":"3 Sentries","floor":6,"turns":9},{"damage":40,"enemies":"3 Sentries","floor":8,"turns":8},{"damage":2,"enemies":"2 Fungi Beasts","floor":10,"turns":4},{"damage":18,"enemies":"Exordium Thugs","floor":11,"turns":3},{"damage":20,"enemies":"Gremlin Nob","floor":13,"turns":4},{"damage":24,"enemies":"Gremlin Gang","floor":14,"turns":4},{"damage":39,"enemies":"The Guardian","floor":16,"turns":8}],"seed_played":"-4214160054691788934","potions_obtained":[{"floor":6,"key":"GamblersBrew"},{"floor":13,"key":"Regen Potion"},{"floor":14,"key":"LiquidBronze"}],"is_trial":false,"path_per_floor":["M","M","?","M","$","E","R","?","T","M","M","?","E","M","R"],"character_chosen":"IRONCLAD","items_purchased":["Clothesline"],"campfire_rested":2,"item_purchase_floors":[5],"current_hp_per_floor":[72,72,79,79,79,36,59,25,25,29,17,36,22,16,39,0],"gold":228,"neow_bonus":"THREE_RARE_CARDS","is_prod":false,"is_daily":false,"chose_seed":false,"campfire_upgraded":0,"win_rate":0,"timestamp":1534354333,"path_taken":["M","M","?","M","$","E","R","?","T","M","?","?","E","M","R","BOSS"],"build_version":"2018-08-09","purchased_purges":1,"victory":false,"max_hp_per_floor":[72,72,79,79,79,79,79,79,79,79,79,79,79,79,79,79],"card_choices":[{"not_picked":["Impervious","Double Tap"],"picked":"Bludgeon","floor":0},{"not_picked":["Body Slam","Warcry"],"picked":"Bloodletting","floor":1},{"not_picked":["Sentinel","Iron Wave"],"picked":"Pummel","floor":2},{"not_picked":["Combust","Body Slam"],"picked":"Heavy Blade","floor":4},{"not_picked":["Dual Wield","Heavy Blade"],"picked":"Clothesline","floor":6},{"not_picked":["Clothesline","Ghostly Armor"],"picked":"Armaments","floor":8},{"not_picked":["True Grit","Heavy Blade"],"picked":"Inflame","floor":10},{"not_picked":["Warcry","Bloodletting"],"picked":"Rupture","floor":11},{"not_picked":["Bloodletting","Anger"],"picked":"Heavy Blade","floor":13},{"not_picked":["Cleave","Metallicize"],"picked":"Immolate","floor":14}],"player_experience":183228,"relics_obtained":[{"floor":6,"key":"The Courier"},{"floor":8,"key":"Boot"},{"floor":9,"key":"Ancient Tea Set"},{"floor":13,"key":"Whetstone"}],"event_choices":[{"event_name":"Big Fish","player_choice":"Box","floor":3,"damage_taken":0},{"event_name":"Dead Adventurer","player_choice":"Searched \u00272\u0027 times","floor":8,"damage_taken":0},{"event_name":"Mushrooms","player_choice":"Healed and dodged fight","floor":12,"damage_taken":0}],"is_beta":false,"boss_relics":[],"items_purged_floors":[5],"is_endless":false,"potions_floor_spawned":[6,13,14],"killed_by":"The Guardian","ascension_level":1}