{"gold_per_floor":[118,133,146,163,189,219,233,233,257,291,291,291,4,14,14,116,116,126,146,158,58,71,101,101,132,132,151,151,151,184,202,202,202],"floor_reached":33,"playtime":2092,"items_purged":["Strike_G","Catalyst"],"score":319,"play_id":"7aba803d-2634-4ebe-969e-56bc324f44d9","local_time":"20190411163822","is_ascension_mode":false,"campfire_choices":[{"data":"Dagger Throw","floor":8,"key":"SMITH"},{"data":"Flying Knee","floor":15,"key":"SMITH"},{"data":"Bane","floor":24,"key":"SMITH"},{"floor":29,"key":"REST"},{"floor":32,"key":"REST"}],"neow_cost":"NONE","seed_source_timestamp":0,"circlet_count":0,"master_deck":["Defend_G","Defend_G","Defend_G","Defend_G","Strike_G+1","Strike_G+1","Strike_G","Survivor","Neutralize","Footwork","Leg Sweep","PiercingWail","Dagger Throw+1","Acrobatics","Flying Knee+1","Cloak And Dagger","Sucker Punch+1","Dagger Throw+1","Poisoned Stab","Bane+1","Poisoned Stab","PiercingWail"],"special_seed":0,"relics":["Sozu","Omamori","Whetstone","Boot","PreservedInsect","Velvet Choker","Bird Faced Urn","Matryoshka","Juzu Bracelet","Bottled Flame","Potion Belt"],"potions_floor_usage":[],"damage_taken":[{"damage":0.0,"enemies":"Cultist","floor":1.0,"turns":5.0},{"damage":0.0,"enemies":"Small Slimes","floor":2.0,"turns":5.0},{"damage":1.0,"enemies":"Jaw Worm","floor":3.0,"turns":5.0},{"damage":0.0,"enemies":"Exordium Thugs","floor":4.0,"turns":8.0},{"damage":32,"enemies":"3 Sentries","floor":6,"turns":16},{"damage":2,"enemies":"Exordium Wildlife","floor":7,"turns":5},{"damage":14,"enemies":"Gremlin Nob","floor":10,"turns":5},{"damage":0,"enemies":"Blue Slaver","floor":14,"turns":4},{"damage":14,"enemies":"The Guardian","floor":16,"turns":15},{"damage":3,"enemies":"2 Thieves","floor":18,"turns":5},{"damage":0,"enemies":"Shell Parasite","floor":19,"turns":6},{"damage":0,"enemies":"Cultist and Chosen","floor":20,"turns":8},{"damage":9,"enemies":"Snake Plant","floor":22,"turns":4},{"damage":22,"enemies":"Slavers","floor":23,"turns":5},{"damage":8,"enemies":"Book of Stabbing","floor":25,"turns":5},{"damage":2,"enemies":"Sentry and Sphere","floor":27,"turns":5},{"damage":17,"enemies":"Gremlin Leader","floor":30,"turns":5},{"damage":4,"enemies":"Shelled Parasite and Fungi","floor":31,"turns":6},{"damage":57,"enemies":"Collector","floor":33,"turns":6}],"seed_played":"-9177761023803669788","potions_obtained":[],"is_trial":false,"path_per_floor":["M","M","M","M","T","E","M","R","T","E","?","?","$","M","R","B",null,"M","M","M","$","M","E","R","E","T","M","?","R","E","M","R","B"],"character_chosen":"THE_SILENT","items_purchased":["Flying Knee","PreservedInsect","Cloak And Dagger"],"campfire_rested":2,"item_purchase_floors":[13,13,13],"current_hp_per_floor":[70,70,69,69,69,37,35,35,35,21,21,21,21,21,21,7,70,67,67,67,67,58,36,36,30,30,30,30,51,36,34,55,0],"gold":202,"neow_bonus":"BOSS_RELIC","is_prod":false,"is_daily":false,"chose_seed":false,"campfire_upgraded":3,"win_rate":0,"timestamp":1554997102,"path_taken":["M","M","M","M","?","E","M","R","T","E","?","?","$","M","R","BOSS","M","M","M","$","M","E","R","E","T","M","?","R","E","M","R","BOSS"],"build_version":"2019-01-23","purchased_purges":2,"victory":false,"max_hp_per_floor":[70,70,70,70,70,70,70,70,70,70,70,70,70,70,70,70,70,70,70,70,70,70,70,70,70,70,70,70,70,70,70,70,70],"card_choices":[{"not_picked":["Masterful Stab","Expertise"],"picked":"Footwork","floor":1.0},{"not_picked":["All Out Attack","Flying Knee"],"picked":"Leg Sweep","floor":2.0},{"not_picked":["Well Laid Plans","Cloak And Dagger"],"picked":"PiercingWail","floor":4.0},{"not_picked":["Sucker Punch","Distraction"],"picked":"Dagger Throw","floor":6},{"not_picked":["Flechettes","Expertise"],"picked":"Acrobatics","floor":7},{"not_picked":["Finisher","Caltrops","Predator"],"picked":"SKIP","floor":10},{"not_picked":["Flying Knee","Noxious Fumes+1"],"picked":"Sucker Punch+1","floor":18},{"not_picked":["Quick Slash+1","Prepared"],"picked":"Dagger Throw+1","floor":19},{"not_picked":["Acrobatics","Blade Dance"],"picked":"Poisoned Stab","floor":22},{"not_picked":["Tools of the Trade","Doppelganger"],"picked":"Bane","floor":23},{"not_picked":["Dodge and Roll","Finisher"],"picked":"Poisoned Stab","floor":25},{"not_picked":["Dagger Spray","Sucker Punch"],"picked":"PiercingWail","floor":30}],"player_experience":427406,"relics_obtained":[{"floor":5.0,"key":"Omamori"},{"floor":6,"key":"Whetstone"},{"floor":9,"key":"Boot"},{"floor":23,"key":"Bird Faced Urn"},{"floor":25,"key":"Matryoshka"},{"floor":26,"key":"Juzu Bracelet"},{"floor":26,"key":"Bottled Flame"},{"floor":30,"key":"Potion Belt"}],"event_choices":[{"cards_removed":["Strike_G"],"damage_healed":0,"gold_gain":0,"player_choice":"Forget","damage_taken":0,"max_hp_gain":0,"max_hp_loss":0,"event_name":"Living Wall","floor":11,"gold_loss":0},{"damage_healed":0,"gold_gain":0,"cards_transformed":["Defend_G"],"player_choice":"Transformed","damage_taken":0,"max_hp_gain":0,"max_hp_loss":0,"event_name":"Transmorgrifier","floor":12,"gold_loss":0,"cards_obtained":["Catalyst"]},{"damage_healed":0,"gold_gain":0,"player_choice":"Ignored","damage_taken":0,"max_hp_gain":0,"max_hp_loss":0,"event_name":"Ghosts","floor":28,"gold_loss":0}],"is_beta":false,"boss_relics":[{"not_picked":["Pandora\u0027s Box","Runic Dome"],"picked":"Velvet Choker"}],"items_purged_floors":[13,21],"is_endless":false,"potions_floor_spawned":[1,3,4,14,16,20,23,31],"killed_by":"Collector","ascension_level":0}