{"gold_per_floor":[118,293,304,321,338,338,348,360,360,378,3,3,3,36,36,138,138,123,136,62,62,62,62,76,76,144,164,164,164,176,194,194,194],"floor_reached":33,"playtime":1308,"items_purged":[],"score":376,"play_id":"a4aff60a-7b0d-469d-8aa1-e95141933be4","local_time":"20180907204946","is_ascension_mode":false,"campfire_choices":[{"data":"Core Surge","floor":6,"key":"SMITH"},{"floor":12,"key":"REST"},{"floor":15,"key":"REST"},{"floor":23,"key":"REST"},{"floor":25,"key":"REST"},{"data":"Double Energy","floor":29,"key":"SMITH"},{"floor":32,"key":"REST"}],"neow_cost":"NONE","seed_source_timestamp":1690911192161719,"circlet_count":0,"master_deck":["Strike_B","Strike_B","Strike_B","Strike_B","Defend_B","Defend_B","Defend_B","Defend_B","Zap","Dualcast","Core Surge+1","Ball Lightning","Doubt","Leap","Turbo","Sweeping Beam","Beam Cell","Cold Snap","Self Repair","Double Energy+1","Coolheaded","Loop","Echo Form","Clumsy","Clumsy","Regret","Chaos+1","Hologram+1","Go for the Eyes","Sunder","Hello World+1","Writhe","Sweeping Beam","Leap+1","Leap+1","Sweeping Beam+1","Conserve Battery+1","Thunder Strike","Glacier+1","Chaos+1","Compile Driver+1","Barrage","Conserve Battery+1"],"relics":["Cracked Core","Boot","Prayer Wheel","Dream Catcher","Calling Bell","DataDisk","Toxic Egg 2","Ice Cream","Regal Pillow","Bottled Flame"],"potions_floor_usage":[14,14,19,24,27,27,27,30,31],"damage_taken":[{"damage":1,"enemies":"Cultist","floor":1,"turns":3},{"damage":0,"enemies":"2 Louse","floor":3,"turns":2},{"damage":0,"enemies":"Small Slimes","floor":4,"turns":3},{"damage":8,"enemies":"Red Slaver","floor":5,"turns":2},{"damage":14,"enemies":"Large Slime","floor":7,"turns":5},{"damage":5,"enemies":"Blue Slaver","floor":8,"turns":3},{"damage":0,"enemies":"2 Fungi Beasts","floor":10,"turns":2},{"damage":34,"enemies":"Lagavulin","floor":14,"turns":5},{"damage":25,"enemies":"Slime Boss","floor":16,"turns":12},{"damage":32,"enemies":"2 Thieves","floor":18,"turns":4},{"damage":15,"enemies":"3 Byrds","floor":19,"turns":5},{"damage":31,"enemies":"Snake Plant","floor":24,"turns":4},{"damage":20,"enemies":"3 Cultists","floor":27,"turns":4},{"damage":18,"enemies":"Snecko","floor":30,"turns":5},{"damage":26,"enemies":"Chosen and Byrds","floor":31,"turns":6},{"damage":68,"enemies":"Champ","floor":33,"turns":10}],"seed_played":"6236156994983697149","potions_obtained":[{"floor":4,"key":"PowerPotion"},{"floor":5,"key":"SteroidPotion"},{"floor":8,"key":"Swift Potion"},{"floor":14,"key":"FocusPotion"},{"floor":18,"key":"PowerPotion"},{"floor":24,"key":"EntropicBrew"},{"floor":30,"key":"SteroidPotion"}],"is_trial":false,"path_per_floor":["M","?","M","M","M","R","M","M","T","M","$","R","$","E","R","B",null,"M","M","$","?","?","R","M","R","T","M","?","R","M","M","R"],"character_chosen":"DEFECT","items_purchased":["Prayer Wheel","Double Energy","Hello World"],"campfire_rested":5,"item_purchase_floors":[11,11,20],"current_hp_per_floor":[74,74,74,74,66,66,52,47,47,47,47,69,69,42,64,39,75,50,35,35,35,35,72,48,75,75,62,62,62,44,25,62,0],"gold":194,"neow_bonus":"ONE_RANDOM_RARE_CARD","is_prod":false,"is_daily":false,"chose_seed":false,"campfire_upgraded":2,"win_rate":0,"timestamp":1536346186,"path_taken":["M","?","M","M","M","R","M","M","T","M","$","R","$","E","R","BOSS","M","M","?","?","?","R","M","R","T","M","?","R","M","?","R","BOSS"],"build_version":"2018-09-06","purchased_purges":0,"victory":false,"max_hp_per_floor":[75,75,75,75,75,75,75,75,75,75,75,75,75,75,75,75,75,75,75,75,75,75,75,75,75,75,75,75,75,75,75,75,75],"card_choices":[{"not_picked":["Defragment","Redo"],"picked":"Ball Lightning","floor":1},{"not_picked":["Compile Driver","Streamline"],"picked":"Leap","floor":3},{"not_picked":["Fusion","Streamline"],"picked":"Turbo","floor":4},{"not_picked":["Cold Snap","Rebound"],"picked":"Sweeping Beam","floor":5},{"not_picked":["Chaos","Gash"],"picked":"Beam Cell","floor":7},{"not_picked":["Go for the Eyes","Gash"],"picked":"Cold Snap","floor":8},{"not_picked":["Doom and Gloom","Loop"],"picked":"Self Repair","floor":10},{"not_picked":["Scrape","Barrage"],"picked":"Coolheaded","floor":14},{"not_picked":["Steam","Redo"],"picked":"Loop","floor":15},{"not_picked":["Hyperbeam","Reboot"],"picked":"Echo Form","floor":16},{"not_picked":["Go for the Eyes","Rainbow+1"],"picked":"Chaos+1","floor":18},{"not_picked":["Coolheaded+1","Cold Snap"],"picked":"Hologram+1","floor":18},{"not_picked":["Lockon","Streamline"],"picked":"Go for the Eyes","floor":19},{"not_picked":["Rebound","Conserve Battery+1"],"picked":"Sunder","floor":19},{"not_picked":["Rebound","Coolheaded+1"],"picked":"Sweeping Beam","floor":23},{"not_picked":["Reinforced Body+1","Scrape"],"picked":"Leap+1","floor":24},{"not_picked":["Meteor Strike","Beam Cell"],"picked":"Leap+1","floor":24},{"not_picked":["Turbo+1","Scrape"],"picked":"Sweeping Beam+1","floor":25},{"not_picked":["Redo+1","Steam+1"],"picked":"Conserve Battery+1","floor":27},{"not_picked":["Rebound","Beam Cell"],"picked":"Thunder Strike","floor":27},{"not_picked":["Lockon","Streamline"],"picked":"Glacier+1","floor":30},{"not_picked":["Lockon+1","Scrape"],"picked":"Chaos+1","floor":30},{"not_picked":["Cold Snap+1","Steam+1"],"picked":"Compile Driver+1","floor":31},{"not_picked":["Beam Cell","Redo+1"],"picked":"Barrage","floor":31},{"not_picked":["Creative AI","Compile Driver"],"picked":"Conserve Battery+1","floor":32}],"player_experience":234100,"relics_obtained":[{"floor":9,"key":"Boot"},{"floor":14,"key":"Dream Catcher"},{"floor":17,"key":"DataDisk"},{"floor":17,"key":"Toxic Egg 2"},{"floor":17,"key":"Ice Cream"},{"floor":26,"key":"Bottled Flame"}],"event_choices":[{"event_name":"Liars Game","player_choice":"agreed","floor":2,"damage_taken":0},{"event_name":"The Mausoleum","player_choice":"Yes","floor":21,"damage_taken":0},{"event_name":"Cursed Tome","player_choice":"Ignored","floor":22,"damage_taken":0},{"event_name":"Upgrade Shrine","player_choice":"Upgraded","floor":28,"damage_taken":0}],"is_beta":false,"boss_relics":[{"not_picked":["Tiny House","Ectoplasm"],"picked":"Calling Bell"}],"items_purged_floors":[],"is_endless":false,"potions_floor_spawned":[4,5,8,14,18,24,30],"killed_by":"Champ","ascension_level":0}