{"gold_per_floor":[113,113,113,134,152,152,188,32,56,76,91,46],"floor_reached":12,"playtime":473,"items_purged":[],"score":120,"play_id":"10936e02-af3f-46e8-8607-3ea3dc7b719e","local_time":"20181013151835","is_ascension_mode":true,"campfire_choices":[{"data":"Body Slam","floor":6,"key":"SMITH"}],"neow_cost":"CURSE","seed_source_timestamp":250423435047414,"circlet_count":0,"master_deck":["Strike_R","Strike_R","Strike_R","Strike_R","Strike_R","Defend_R","Defend_R","Defend_R","Defend_R","Bash","AscendersBane","Rampage","Shrug It Off","Body Slam+1","Pommel Strike","Sword Boomerang","True Grit"],"relics":["Burning Blood","Torii","Golden Idol","Oddly Smooth Stone","Bag of Marbles","Red Skull"],"potions_floor_usage":[10,12,12],"damage_taken":[{"damage":2,"enemies":"Small Slimes","floor":1,"turns":3},{"damage":2,"enemies":"Jaw Worm","floor":4,"turns":4},{"damage":9,"enemies":"2 Louse","floor":5,"turns":3},{"damage":43,"enemies":"Lagavulin","floor":7,"turns":8},{"damage":1,"enemies":"Exordium Wildlife","floor":10,"turns":3},{"damage":1,"enemies":"2 Fungi Beasts","floor":11,"turns":3},{"damage":23,"enemies":"Exordium Thugs","floor":12,"turns":3}],"seed_played":"-6639039646843588332","potions_obtained":[{"floor":5,"key":"Strength Potion"},{"floor":7,"key":"EssenceOfSteel"},{"floor":11,"key":"Ancient Potion"}],"is_trial":false,"path_per_floor":["M","?","?","M","M","R","E","$","T","M","M"],"character_chosen":"IRONCLAD","items_purchased":["Bag of Marbles"],"campfire_rested":0,"item_purchase_floors":[8],"current_hp_per_floor":[76,56,49,53,50,50,13,13,13,18,23,0],"gold":46,"neow_bonus":"ONE_RARE_RELIC","is_prod":false,"is_daily":false,"chose_seed":false,"campfire_upgraded":1,"win_rate":0,"timestamp":1539458315,"path_taken":["M","?","?","M","M","R","E","?","T","M","M","M"],"build_version":"2018-10-11","purchased_purges":0,"victory":false,"max_hp_per_floor":[80,80,80,80,80,80,80,80,80,80,80,80],"card_choices":[{"not_picked":["Body Slam","Headbutt"],"picked":"Rampage","floor":1},{"not_picked":["Flex","Evolve"],"picked":"Shrug It Off","floor":4},{"not_picked":["Metallicize","Shrug It Off"],"picked":"Body Slam","floor":5},{"not_picked":["Wild Strike","Anger"],"picked":"Pommel Strike","floor":7},{"not_picked":["Havoc","Pommel Strike"],"picked":"Sword Boomerang","floor":10},{"not_picked":["Armaments","Flex"],"picked":"True Grit","floor":11}],"player_experience":343053,"relics_obtained":[{"floor":7,"key":"Oddly Smooth Stone"},{"floor":9,"key":"Red Skull"}],"event_choices":[{"event_name":"Golden Idol","player_choice":"Take Damage","floor":2,"damage_taken":0},{"event_name":"Golden Wing","player_choice":"Card Removal","floor":3,"damage_taken":0}],"is_beta":false,"boss_relics":[],"items_purged_floors":[],"is_endless":false,"potions_floor_spawned":[5,7,11],"killed_by":"Exordium Thugs","ascension_level":10}