{"gold_per_floor":[19,29,49,59,75,75,85,85,111,122,122,30,63,74,74,74],"floor_reached":16,"playtime":578,"items_purged":[],"score":106,"play_id":"781e0269-5353-4b8a-a8aa-ac4ecced5fa3","local_time":"20180731194434","is_ascension_mode":false,"campfire_choices":[{"floor":11,"key":"REST"},{"floor":15,"key":"REST"}],"neow_cost":"NO_GOLD","seed_source_timestamp":134800708696085,"circlet_count":0,"master_deck":["Strike_B","Strike_B","Strike_B","Strike_B","Defend_B","Defend_B","Defend_B","Defend_B","Zap","Dualcast","Streamline","Streamline+1","Turbo","Sweeping Beam","Leap","Echo Form","Hologram","Steam","Static Discharge","Barrage","Multi-Cast"],"relics":["Cracked Core","StoneCalendar","Juzu Bracelet","Potion Belt"],"potions_floor_usage":[5,5,13,13,13,13,16],"damage_taken":[{"damage":0,"enemies":"Small Slimes","floor":1,"turns":2},{"damage":8,"enemies":"Jaw Worm","floor":2,"turns":3},{"damage":0,"enemies":"2 Louse","floor":3,"turns":2},{"damage":10,"enemies":"Looter","floor":4,"turns":3},{"damage":22,"enemies":"Gremlin Gang","floor":5,"turns":3},{"damage":19,"enemies":"Blue Slaver","floor":7,"turns":3},{"damage":13,"enemies":"2 Fungi Beasts","floor":10,"turns":3},{"damage":23,"enemies":"Lagavulin","floor":13,"turns":5},{"damage":10,"enemies":"Large Slime","floor":14,"turns":6},{"damage":29,"enemies":"The Guardian","floor":16,"turns":8}],"seed_played":"18979438012423305","potions_obtained":[{"floor":2,"key":"Poison Potion"},{"floor":3,"key":"Poison Potion"},{"floor":4,"key":"LiquidBronze"},{"floor":7,"key":"EntropicBrew"},{"floor":14,"key":"FocusPotion"}],"is_trial":false,"path_per_floor":["M","M","M","M","M","?","M","?","T","M","R","$","E","M","R"],"character_chosen":"DEFECT","items_purchased":["Steam","Static Discharge"],"campfire_rested":2,"item_purchase_floors":[12,12],"current_hp_per_floor":[75,67,67,57,35,35,16,16,16,3,25,25,16,6,28,0],"gold":74,"neow_bonus":"ONE_RARE_RELIC","is_prod":false,"is_daily":false,"chose_seed":false,"campfire_upgraded":0,"win_rate":0,"timestamp":1533059074,"path_taken":["M","M","M","M","M","?","M","?","T","M","R","?","E","M","R","BOSS"],"build_version":"2018-07-26","purchased_purges":0,"victory":false,"max_hp_per_floor":[75,75,75,75,75,75,75,75,75,75,75,75,75,75,75,75],"card_choices":[{"not_picked":["White Noise","Steam Power"],"picked":"Streamline","floor":1},{"not_picked":["Reprogram","Double Energy"],"picked":"Streamline","floor":2},{"not_picked":["Self Repair","Gash"],"picked":"Steam Power","floor":3},{"not_picked":["Gash","Streamline"],"picked":"Turbo","floor":4},{"not_picked":["Beam Cell","Leap"],"picked":"Sweeping Beam","floor":5},{"not_picked":["Redo","Sweeping Beam"],"picked":"Leap","floor":7},{"not_picked":["Ball Lightning","Aggregate"],"picked":"Hologram","floor":10},{"not_picked":["Force Field","Lockon"],"picked":"Barrage","floor":13},{"not_picked":["Barrage","Capacitor"],"picked":"Multi-Cast","floor":14}],"player_experience":136924,"relics_obtained":[{"floor":9,"key":"Juzu Bracelet"},{"floor":13,"key":"Potion Belt"}],"event_choices":[{"event_name":"Living Wall","player_choice":"Grow","floor":6,"damage_taken":0},{"event_name":"Transmorgrifier","player_choice":"Transform","floor":8,"damage_taken":0}],"is_beta":false,"boss_relics":[],"items_purged_floors":[],"is_endless":false,"potions_floor_spawned":[2,3,4,7,14],"killed_by":"The Guardian","ascension_level":0}