{"gold_per_floor":[114,129,140,153,166,200,214,214,214,33,50,15,15,31,31,135,135,153,153,153,168,168,195,195,206,206,221,221,232,252,269,269,269],"floor_reached":33,"playtime":1183,"items_purged":[],"score":275,"play_id":"27b09a31-105a-4051-ac4d-b3d170cc1213","local_time":"20180811130816","is_ascension_mode":false,"campfire_choices":[{"floor":8,"key":"REST"},{"data":"Armaments","floor":15,"key":"SMITH"},{"floor":24,"key":"REST"},{"data":"Perfected Strike","floor":32,"key":"SMITH"}],"neow_cost":"TEN_PERCENT_HP_LOSS","seed_source_timestamp":21946533749128,"circlet_count":0,"master_deck":["Strike_R+1","Strike_R+1","Strike_R+1","Strike_R+1","Strike_R+1","Defend_R+1","Defend_R+1","Defend_R+1","Defend_R+1","Bash","Immolate","Perfected Strike","Heavy Blade+1","Armaments+1","Twin Strike","Thunderclap","Reaper","Whirlwind","Cleave+1","Iron Wave","Battle Trance","Impervious","Ghostly Armor","Bash","Sentinel","Enlightenment","Perfected Strike+1","Pommel Strike","Flex","Thunderclap+1","Clothesline+1","Sword Boomerang+1","Wild Strike"],"relics":["Burning Blood","Vajra","Self Forming Clay","Boot","Mango","Mark of Pain","Singing Bowl","Whetstone","Gremlin Horn"],"potions_floor_usage":[6,7,16,16,23,27,33],"damage_taken":[{"damage":6,"enemies":"Jaw Worm","floor":1,"turns":3},{"damage":0,"enemies":"2 Louse","floor":2,"turns":1},{"damage":0,"enemies":"Cultist","floor":3,"turns":2},{"damage":10,"enemies":"2 Fungi Beasts","floor":4,"turns":3},{"damage":13,"enemies":"Exordium Thugs","floor":5,"turns":4},{"damage":31,"enemies":"Lagavulin","floor":6,"turns":4},{"damage":6,"enemies":"3 Louse","floor":7,"turns":4},{"damage":0,"enemies":"2 Fungi Beasts","floor":11,"turns":2},{"damage":5,"enemies":"Lots of Slimes","floor":14,"turns":2},{"damage":51,"enemies":"Hexaghost","floor":16,"turns":8},{"damage":10,"enemies":"2 Thieves","floor":18,"turns":3},{"damage":4,"enemies":"Shell Parasite","floor":21,"turns":4},{"damage":39,"enemies":"Slavers","floor":23,"turns":4},{"damage":32,"enemies":"Snecko","floor":25,"turns":6},{"damage":10,"enemies":"Chosen and Byrds","floor":27,"turns":4},{"damage":14,"enemies":"Centurion and Healer","floor":29,"turns":5},{"damage":14,"enemies":"Cultist and Chosen","floor":30,"turns":5},{"damage":8,"enemies":"Snake Plant","floor":31,"turns":3},{"damage":72,"enemies":"Champ","floor":33,"turns":8}],"seed_played":"-6167561996326213047","potions_obtained":[{"floor":1,"key":"LiquidBronze"},{"floor":6,"key":"Poison Potion"},{"floor":7,"key":"Weak Potion"},{"floor":14,"key":"Regen Potion"},{"floor":16,"key":"Dexterity Potion"},{"floor":25,"key":"AttackPotion"},{"floor":30,"key":"PowerPotion"}],"is_trial":false,"path_per_floor":["M","M","M","M","M","E","M","R","T","$","M","?","?","M","R","B",null,"M","?","?","M","?","E","R","M","T","M","?","M","M","M","R"],"character_chosen":"IRONCLAD","items_purchased":["Boot","Cleave"],"campfire_rested":2,"item_purchase_floors":[10,10],"current_hp_per_floor":[72,72,72,68,61,36,39,60,60,60,66,72,61,86,86,56,86,82,82,82,84,84,60,85,60,60,70,70,72,64,62,62,0],"gold":269,"neow_bonus":"THREE_RARE_CARDS","is_prod":false,"is_daily":false,"chose_seed":false,"campfire_upgraded":2,"win_rate":0,"timestamp":1533985696,"path_taken":["M","M","M","M","M","E","M","R","T","$","M","?","?","M","R","BOSS","M","?","?","M","?","E","R","M","T","M","?","M","M","?","R","BOSS"],"build_version":"2018-08-09","purchased_purges":0,"victory":false,"max_hp_per_floor":[72,72,72,72,72,72,72,72,72,72,72,72,86,86,86,86,86,86,86,86,86,86,86,86,86,86,86,86,86,86,86,86,86],"card_choices":[{"not_picked":["Limit Break","Bludgeon"],"picked":"Immolate","floor":0},{"not_picked":["Rage","Flame Barrier"],"picked":"Perfected Strike","floor":1},{"not_picked":["Headbutt","Searing Blow"],"picked":"Heavy Blade","floor":2},{"not_picked":["True Grit","Heavy Blade"],"picked":"Armaments","floor":3},{"not_picked":["Warcry","Headbutt"],"picked":"Twin Strike","floor":4},{"not_picked":["Warcry","Twin Strike"],"picked":"Thunderclap","floor":5},{"not_picked":["Pommel Strike","Fire Breathing"],"picked":"Reaper","floor":6},{"not_picked":["Searing Blow","Combust"],"picked":"Whirlwind","floor":7},{"not_picked":["Hemokinesis","Clothesline"],"picked":"Iron Wave","floor":11},{"not_picked":["Body Slam","Rupture"],"picked":"Battle Trance","floor":14},{"not_picked":["Bludgeon","Offering"],"picked":"Impervious","floor":16},{"not_picked":["True Grit+1","Corruption"],"picked":"Ghostly Armor","floor":18},{"not_picked":["Iron Wave","Ghostly Armor"],"picked":"Perfected Strike","floor":21},{"not_picked":["Flame Barrier","Sever Soul"],"picked":"Pommel Strike","floor":23},{"not_picked":["Twin Strike","Offering"],"picked":"Flex","floor":25},{"not_picked":["Havoc+1","Bloodletting"],"picked":"Thunderclap+1","floor":27},{"not_picked":["Havoc","Headbutt+1"],"picked":"Clothesline+1","floor":29},{"not_picked":["Havoc","Entrench"],"picked":"Sword Boomerang+1","floor":30},{"not_picked":["Combust","Anger"],"picked":"Wild Strike","floor":31}],"player_experience":168321,"relics_obtained":[{"floor":6,"key":"Vajra"},{"floor":9,"key":"Self Forming Clay"},{"floor":23,"key":"Singing Bowl"},{"floor":26,"key":"Whetstone"}],"event_choices":[{"event_name":"The Cleric","player_choice":"Healed","floor":12,"damage_taken":0},{"event_name":"Scrap Ooze","player_choice":"success","floor":13,"damage_taken":25},{"event_name":"Match and Keep!","player_choice":"3 cards matched","floor":19,"damage_taken":0},{"event_name":"Back to Basics","player_choice":"Simplicity","floor":20,"damage_taken":0},{"event_name":"Beggar","player_choice":"Ignored","floor":22,"damage_taken":0},{"event_name":"The Mausoleum","player_choice":"Yes","floor":28,"damage_taken":0}],"is_beta":false,"boss_relics":[{"not_picked":["Runic Cube","Ectoplasm"],"picked":"Mark of Pain"}],"items_purged_floors":[],"is_endless":false,"potions_floor_spawned":[1,6,7,14,16,25,30],"killed_by":"Champ","ascension_level":0}