{"gold_per_floor":[117,117,42,60,78,78,78,108,108,143,43,43,43],"floor_reached":13,"playtime":628,"items_purged":["Pain","Normality"],"score":91,"play_id":"415acd13-6327-4fb6-978c-bac71419b83b","local_time":"20180706195625","is_ascension_mode":false,"campfire_choices":[{"data":"Cleave","floor":6.0,"key":"SMITH"}],"neow_cost":"CURSE","seed_source_timestamp":0,"circlet_count":0,"master_deck":["Strike_R","Strike_R","Strike_R+1","Strike_R+1","Strike_R","Defend_R","Defend_R","Bash","Ghostly Armor","Warcry","Twin Strike","Seeing Red","Cleave+1","Combust+1","Reaper"],"special_seed":17718,"relics":["Burning Blood","Pantograph","Juzu Bracelet","Bottled Tornado","Omamori","Letter Opener"],"potions_floor_usage":[13],"damage_taken":[{"damage":10.0,"enemies":"Cultist","floor":1.0,"turns":4.0},{"damage":12.0,"enemies":"Small Slimes","floor":4.0,"turns":3.0},{"damage":7.0,"enemies":"Jaw Worm","floor":5.0,"turns":3.0},{"damage":23.0,"enemies":"Gremlin Nob","floor":8.0,"turns":4.0},{"damage":15,"enemies":"3 Sentries","floor":10,"turns":5},{"damage":27,"enemies":"Lagavulin Event","floor":13,"turns":5}],"seed_played":"-7177677508004505436","potions_obtained":[{"floor":5.0,"key":"Block Potion"},{"floor":10,"key":"Ancient Potion"}],"is_trial":false,"path_per_floor":["M","?","$","M","M","R","?","E","T","E","$","?"],"character_chosen":"IRONCLAD","items_purchased":[],"campfire_rested":0,"item_purchase_floors":[],"current_hp_per_floor":[76,76,76,70,69,69,53,36,36,27,27,27,0],"gold":43,"neow_bonus":"TRANSFORM_TWO_CARDS","is_prod":false,"is_daily":false,"chose_seed":false,"campfire_upgraded":1,"win_rate":0.0,"timestamp":1530921385,"path_taken":["M","?","?","M","M","R","?","E","T","E","?","?","?"],"build_version":"2018-07-05","purchased_purges":2,"victory":false,"max_hp_per_floor":[80,80,80,80,80,80,80,80,80,80,80,80,80],"card_choices":[{"not_picked":["Warcry","Carnage"],"picked":"Twin Strike","floor":1.0},{"not_picked":["Heavy Blade","Whirlwind"],"picked":"Seeing Red","floor":4.0},{"not_picked":["Uppercut","Corruption"],"picked":"Cleave","floor":5.0},{"not_picked":["Bloodletting","Whirlwind"],"picked":"Combust","floor":8},{"not_picked":["Flex","Whirlwind"],"picked":"Reaper","floor":10}],"player_experience":11252,"relics_obtained":[{"floor":8,"key":"Juzu Bracelet"},{"floor":9,"key":"Bottled Tornado"},{"floor":10,"key":"Omamori"}],"event_choices":[{"event_name":"Accursed Blacksmith","player_choice":"Rummage","floor":2.0,"damage_taken":0.0},{"event_name":"Shining Light","player_choice":"Entered Light","floor":7.0,"damage_taken":0.0},{"event_name":"Living Wall","player_choice":"Grow","floor":12,"damage_taken":0},{"event_name":"Dead Adventurer","player_choice":"Searched \u00273\u0027 times","floor":13,"damage_taken":0}],"boss_relics":[],"items_purged_floors":[3,11],"is_endless":false,"potions_floor_spawned":[5,10],"killed_by":"Lagavulin Event","ascension_level":0}