{"gold_per_floor":[115,115,134,134,59,59,118,132,213,232,261,261,324,337,337,436,436,451,461,10,10,26,61,61,96,165,165],"floor_reached":27,"playtime":2306,"items_purged":["Regret"],"score":383,"play_id":"faeb0ee1-c208-49cb-813b-266390543d8b","local_time":"20180916145759","is_ascension_mode":true,"campfire_choices":[{"data":"Caltrops","floor":6,"key":"SMITH"},{"data":"Backflip","floor":12,"key":"SMITH"},{"data":"Leg Sweep","floor":15,"key":"SMITH"}],"neow_cost":"TEN_PERCENT_HP_LOSS","seed_source_timestamp":208759832236267,"circlet_count":0,"master_deck":["Defend_G","Defend_G","Defend_G","Defend_G","Defend_G","Strike_G","Strike_G","Strike_G","Survivor","Neutralize","Dash","Caltrops+1","Backflip+1","Deflect","Leg Sweep+1","Adrenaline","Deflect+1","Deflect+1","Footwork","Heel Hook","Leg Sweep","Deflect+1","Prepared"],"relics":["Ring of the Snake","Turnip","Torii","Bronze Scales","Dream Catcher","Mummified Hand","Boot","Tiny Chest","Empty Cage","Strawberry","Bag of Preparation","Juzu Bracelet","PreservedInsect","Bottled Flame"],"potions_floor_usage":[11,11,14,27,27],"damage_taken":[{"damage":0,"enemies":"2 Louse","floor":1,"turns":3},{"damage":0,"enemies":"Small Slimes","floor":3,"turns":5},{"damage":18,"enemies":"3 Sentries","floor":7,"turns":8},{"damage":0,"enemies":"Jaw Worm","floor":8,"turns":3},{"damage":0,"enemies":"2 Fungi Beasts","floor":10,"turns":3},{"damage":14,"enemies":"Gremlin Nob","floor":11,"turns":5},{"damage":2,"enemies":"Lagavulin","floor":13,"turns":7},{"damage":1,"enemies":"Exordium Wildlife","floor":14,"turns":5},{"damage":7,"enemies":"Hexaghost","floor":16,"turns":11},{"damage":0,"enemies":"3 Byrds","floor":18,"turns":2},{"damage":0,"enemies":"Shell Parasite","floor":19,"turns":8},{"damage":0,"enemies":"Shelled Parasite and Fungi","floor":22,"turns":6},{"damage":0,"enemies":"Slavers","floor":23,"turns":7},{"damage":3,"enemies":"Book of Stabbing","floor":25,"turns":6},{"damage":52,"enemies":"Gremlin Leader","floor":27,"turns":12}],"seed_played":"-5427100958585885549","potions_obtained":[{"floor":3,"key":"SteroidPotion"},{"floor":8,"key":"SkillPotion"},{"floor":11,"key":"Ancient Potion"},{"floor":13,"key":"Swift Potion"},{"floor":16,"key":"PowerPotion"},{"floor":18,"key":"Ancient Potion"},{"floor":22,"key":"Energy Potion"}],"is_trial":false,"path_per_floor":["M","?","M","T","$","R","?","M","T","M","E","R","E","M","R","B",null,"M","M","$","$","M","E","?","E","T"],"character_chosen":"THE_SILENT","items_purchased":["Footwork","Strawberry","Bag of Preparation","Heel Hook"],"campfire_rested":0,"item_purchase_floors":[20,20,20,20],"current_hp_per_floor":[63,63,63,63,63,63,45,45,45,45,31,31,29,28,28,21,53,53,53,60,60,60,60,60,57,57,5],"gold":165,"neow_bonus":"ONE_RARE_RELIC","is_prod":false,"is_daily":false,"chose_seed":false,"campfire_upgraded":3,"win_rate":0,"timestamp":1537124279,"path_taken":["M","?","M","?","$","R","?","?","T","?","E","R","E","M","R","BOSS","M","M","?","$","M","E","?","E","T","E"],"build_version":"2018-09-06","purchased_purges":1,"victory":false,"max_hp_per_floor":[63,63,63,63,63,63,63,63,63,63,63,63,63,63,63,63,63,63,63,70,70,70,70,70,70,70,70],"card_choices":[{"not_picked":["Slice","Prepared"],"picked":"Dash","floor":1},{"not_picked":["Distraction","Dagger Throw"],"picked":"Caltrops","floor":3},{"not_picked":["Choke","Outmaneuver"],"picked":"Backflip","floor":7},{"not_picked":["Dagger Throw","Poisoned Stab"],"picked":"Deflect","floor":8},{"not_picked":["Endless Agony","Riddle With Holes","Flying Knee"],"picked":"SKIP","floor":10},{"not_picked":["Deadly Poison","Prepared","Die Die Die"],"picked":"SKIP","floor":11},{"not_picked":["Prepared","Bane","Bouncing Flask"],"picked":"SKIP","floor":13},{"not_picked":["Sucker Punch","Prepared"],"picked":"Leg Sweep","floor":14},{"not_picked":["Bullet Time","Glass Knife"],"picked":"Adrenaline","floor":16},{"not_picked":["Terror+1","Eviscerate"],"picked":"Deflect+1","floor":18},{"not_picked":["All Out Attack","Dagger Spray"],"picked":"Deflect+1","floor":19},{"not_picked":["Flying Knee","PiercingWail"],"picked":"Leg Sweep","floor":22},{"not_picked":["Setup","Distraction"],"picked":"Deflect+1","floor":23},{"not_picked":["Deflect","Glass Knife"],"picked":"Prepared","floor":25}],"player_experience":239901,"relics_obtained":[{"floor":4,"key":"Bronze Scales"},{"floor":7,"key":"Dream Catcher"},{"floor":9,"key":"Mummified Hand"},{"floor":11,"key":"Boot"},{"floor":13,"key":"Tiny Chest"},{"floor":23,"key":"Juzu Bracelet"},{"floor":25,"key":"PreservedInsect"},{"floor":26,"key":"Bottled Flame"}],"event_choices":[{"event_name":"Big Fish","player_choice":"Box","floor":2,"damage_taken":0},{"event_name":"Dead Adventurer","player_choice":"Searched \u00271\u0027 times","floor":7,"damage_taken":0},{"event_name":"Ghosts","player_choice":"Ignored","floor":24,"damage_taken":0}],"is_beta":false,"boss_relics":[{"not_picked":["Snecko Eye","Fusion Hammer"],"picked":"Empty Cage"}],"items_purged_floors":[5],"is_endless":false,"potions_floor_spawned":[3,8,11,13,16,18,22],"killed_by":"Gremlin Leader","ascension_level":5}