{"gold_per_floor":[209,229,33,33,45,74,84,111,193,193],"floor_reached":10,"playtime":901,"items_purged":[],"score":156,"play_id":"da674656-125d-4e86-903b-e4e09bfdb314","local_time":"20190430220725","is_ascension_mode":true,"campfire_choices":[],"neow_cost":"NONE","seed_source_timestamp":333737015756000,"circlet_count":0,"master_deck":["AscendersBane","Strike_R","Strike_R","Strike_R","Strike_R","Strike_R","Defend_R","Defend_R","Defend_R","Bash","True Grit","Perfected Strike","Wild Strike","Corruption","Shrug It Off","Evolve","Ghostly Armor","Pommel Strike","Limit Break","Flame Barrier"],"relics":["Burning Blood","Oddly Smooth Stone","Nunchaku","Gremlin Horn"],"potions_floor_usage":[10,10],"damage_taken":[{"damage":11,"enemies":"Jaw Worm","floor":1,"turns":5},{"damage":1,"enemies":"Cultist","floor":2,"turns":3},{"damage":7,"enemies":"2 Louse","floor":5,"turns":3},{"damage":13,"enemies":"3 Sentries","floor":6,"turns":11},{"damage":9,"enemies":"Exordium Wildlife","floor":7,"turns":4},{"damage":22,"enemies":"Lagavulin","floor":8,"turns":7},{"damage":32,"enemies":"Gremlin Nob","floor":10,"turns":4}],"seed_played":"5276667877940654743","potions_obtained":[{"floor":1,"key":"Swift Potion"},{"floor":5,"key":"SpeedPotion"}],"is_trial":false,"path_per_floor":["M","M","$","?","M","E","M","E","T","E"],"character_chosen":"IRONCLAD","items_purchased":["Wild Strike","Corruption","Shrug It Off"],"campfire_rested":0,"item_purchase_floors":[3,3,3],"current_hp_per_floor":[63,68,68,68,67,60,57,41,41,9],"gold":193,"neow_bonus":"HUNDRED_GOLD","is_prod":false,"is_daily":false,"chose_seed":false,"campfire_upgraded":0,"win_rate":0,"timestamp":1556676445,"path_taken":["M","M","$","?","M","E","M","E","T","E"],"build_version":"2019-01-23","purchased_purges":0,"victory":false,"max_hp_per_floor":[75,75,75,75,75,75,75,75,75,75],"card_choices":[{"not_picked":["Entrench","Twin Strike"],"picked":"True Grit","floor":1},{"not_picked":["Twin Strike","Thunderclap"],"picked":"Perfected Strike","floor":2},{"not_picked":["Rampage","Thunderclap"],"picked":"Ghostly Armor","floor":5},{"not_picked":["Sentinel","Intimidate"],"picked":"Pommel Strike","floor":6},{"not_picked":["True Grit","Warcry"],"picked":"Limit Break","floor":7},{"not_picked":["Sword Boomerang","Infernal Blade"],"picked":"Flame Barrier","floor":8}],"player_experience":735317,"relics_obtained":[{"floor":6,"key":"Oddly Smooth Stone"},{"floor":8,"key":"Nunchaku"},{"floor":9,"key":"Gremlin Horn"}],"event_choices":[{"damage_healed":0,"gold_gain":0,"cards_transformed":["Defend_R"],"player_choice":"Transformed","damage_taken":0,"max_hp_gain":0,"max_hp_loss":0,"event_name":"Transmorgrifier","floor":4,"gold_loss":0,"cards_obtained":["Evolve"]}],"is_beta":false,"boss_relics":[],"items_purged_floors":[],"is_endless":false,"potions_floor_spawned":[1,5],"killed_by":"Gremlin Nob","ascension_level":20}