{"gold_per_floor":[111,130,4,24,24,68,68,91,138,151,194,208,231,231],"floor_reached":14,"playtime":646,"items_purged":["Pain"],"score":104,"play_id":"e5c0a753-df4e-4292-94a3-b25379e88c93","local_time":"20190410233607","is_ascension_mode":false,"campfire_choices":[{"data":"Neutralize","floor":7,"key":"SMITH"}],"neow_cost":"CURSE","seed_source_timestamp":147712026314511,"circlet_count":0,"master_deck":["Defend_G","Defend_G","Defend_G","Defend_G","Defend_G","Strike_G","Strike_G","Strike_G","Strike_G","Strike_G","Survivor","Neutralize+1","Deadly Poison","Bane","Poisoned Stab","Bane","Flying Knee","Flying Knee","Cloak And Dagger"],"relics":["Ring of the Snake","Mango","Golden Idol","Matryoshka","Ancient Tea Set","Omamori","Turnip"],"potions_floor_usage":[6,11,13],"damage_taken":[{"damage":3,"enemies":"Small Slimes","floor":1,"turns":5},{"damage":5,"enemies":"2 Louse","floor":2,"turns":3},{"damage":3,"enemies":"Jaw Worm","floor":4,"turns":3},{"damage":7,"enemies":"Gremlin Nob","floor":6,"turns":4},{"damage":2,"enemies":"Looter","floor":8,"turns":2},{"damage":9,"enemies":"Large Slime","floor":10,"turns":6},{"damage":35,"enemies":"3 Sentries","floor":11,"turns":11},{"damage":4,"enemies":"Exordium Wildlife","floor":12,"turns":3},{"damage":5,"enemies":"Exordium Thugs","floor":13,"turns":4},{"damage":5,"enemies":"3 Louse","floor":14,"turns":1}],"seed_played":"6859383204811705430","potions_obtained":[{"floor":1,"key":"Strength Potion"},{"floor":4,"key":"GhostInAJar"},{"floor":8,"key":"Poison Potion"},{"floor":10,"key":"Regen Potion"}],"is_trial":false,"path_per_floor":["M","M","$","M","?","E","R","M","T","M","E","M","M","M"],"character_chosen":"THE_SILENT","items_purchased":["Poisoned Stab"],"campfire_rested":0,"item_purchase_floors":[3],"current_hp_per_floor":[81,76,76,73,52,45,45,43,43,34,14,10,5,0],"gold":231,"neow_bonus":"ONE_RARE_RELIC","is_prod":false,"is_daily":false,"chose_seed":false,"campfire_upgraded":1,"win_rate":0,"timestamp":1554935767,"path_taken":["M","M","$","M","?","E","R","M","T","M","E","M","M","M"],"build_version":"2019-01-23","purchased_purges":1,"victory":false,"max_hp_per_floor":[84,84,84,84,84,84,84,84,84,84,84,84,84,84],"card_choices":[{"not_picked":["Predator","PiercingWail"],"picked":"Deadly Poison","floor":1},{"not_picked":["Deflect","Dodge and Roll"],"picked":"Bane","floor":2},{"not_picked":["Acrobatics","Outmaneuver"],"picked":"Bane","floor":4},{"not_picked":["Heel Hook","Reflex"],"picked":"Flying Knee","floor":6},{"not_picked":["Caltrops","Well Laid Plans"],"picked":"Flying Knee","floor":8},{"not_picked":["Setup","Footwork"],"picked":"Cloak And Dagger","floor":11}],"player_experience":425599,"relics_obtained":[{"floor":6,"key":"Matryoshka"},{"floor":9,"key":"Ancient Tea Set"},{"floor":9,"key":"Omamori"},{"floor":11,"key":"Turnip"}],"event_choices":[{"damage_healed":0,"gold_gain":0,"player_choice":"Take Damage","damage_taken":21,"relics_obtained":["Golden Idol"],"max_hp_gain":0,"max_hp_loss":0,"event_name":"Golden Idol","floor":5,"gold_loss":0}],"is_beta":false,"boss_relics":[],"items_purged_floors":[3],"is_endless":false,"potions_floor_spawned":[1,4,8,10],"killed_by":"3 Louse","ascension_level":0}