{"gold_per_floor":[109,109,121,137,137,137,165,165,165,165,194,208,225,241,241,343,343,363,53,71,87,187,187,207,217,217,217,217,234,249,263,263,363,363,380,3,3,19,19,46,46,59,138,164,164,74,25,45,45,45],"floor_reached":51,"playtime":4385,"items_purged":["Pain"],"score":1027,"play_id":"b5c33ac2-9d84-4e43-be31-6e84d679b07c","local_time":"20190412075145","is_ascension_mode":true,"campfire_choices":[{"data":"Whirlwind","floor":6.0,"key":"SMITH"},{"floor":8.0,"key":"REST"},{"floor":10.0,"key":"REST"},{"floor":15.0,"key":"REST"},{"floor":23,"key":"REST"},{"data":"True Grit","floor":27,"key":"SMITH"},{"floor":32,"key":"REST"},{"data":"Secret Technique","floor":41,"key":"SMITH"},{"data":"Enlightenment","floor":45,"key":"SMITH"},{"data":"Feel No Pain","floor":49,"key":"SMITH"}],"neow_cost":"PERCENT_DAMAGE","seed_source_timestamp":0,"circlet_count":0,"master_deck":["Defend_R+1","Defend_R","Defend_R","Defend_R","Bash","Juggernaut","Whirlwind+1","Battle Trance+1","Disarm","Clothesline","Barricade","True Grit+1","Juggernaut","Shrug It Off","Enlightenment+1","Ghostly Armor+1","Feed","Body Slam","Havoc+1","Offering","Shrug It Off+1","Fiend Fire+1","Thunderclap+1","Feel No Pain+1","Feel No Pain+1","Warcry","Sentinel+1","Secret Technique+1","True Grit+1"],"special_seed":0,"relics":["Burning Blood","WarpedTongs","Matryoshka","War Paint","Shuriken","Centennial Puzzle","Velvet Choker","Vajra","Champion Belt","Pantograph","Juzu Bracelet","Bottled Flame","Astrolabe","Mummified Hand","Orichalcum","Ornamental Fan","FossilizedHelix"],"potions_floor_usage":[22,25,33,33,42,50,50],"damage_taken":[{"damage":10.0,"enemies":"Small Slimes","floor":1.0,"turns":5.0},{"damage":6.0,"enemies":"Cultist","floor":3.0,"turns":4.0},{"damage":0.0,"enemies":"2 Louse","floor":4.0,"turns":1.0},{"damage":48.0,"enemies":"Gremlin Nob","floor":7.0,"turns":5.0},{"damage":25.0,"enemies":"Lagavulin","floor":11.0,"turns":7.0},{"damage":11.0,"enemies":"Blue Slaver","floor":12.0,"turns":4.0},{"damage":9.0,"enemies":"Looter","floor":13.0,"turns":4.0},{"damage":14.0,"enemies":"Gremlin Gang","floor":14.0,"turns":4.0},{"damage":26.0,"enemies":"The Guardian","floor":16.0,"turns":14.0},{"damage":17.0,"enemies":"Spheric Guardian","floor":18.0,"turns":6.0},{"damage":0.0,"enemies":"3 Byrds","floor":20.0,"turns":5.0},{"damage":15.0,"enemies":"Centurion and Healer","floor":21.0,"turns":8.0},{"damage":19,"enemies":"Colosseum Slavers","floor":22,"turns":4},{"damage":40,"enemies":"Colosseum Nobs","floor":22,"turns":5},{"damage":11,"enemies":"Chosen and Byrds","floor":24,"turns":6},{"damage":4,"enemies":"Cultist and Chosen","floor":25,"turns":8},{"damage":19,"enemies":"Sentry and Sphere","floor":29,"turns":5},{"damage":9,"enemies":"Centurion and Healer","floor":30,"turns":8},{"damage":18,"enemies":"Cultist and Chosen","floor":31,"turns":6},{"damage":2,"enemies":"Champ","floor":33,"turns":10},{"damage":15,"enemies":"3 Shapes","floor":35,"turns":2},{"damage":15,"enemies":"3 Darklings","floor":38,"turns":6},{"damage":7,"enemies":"Nemesis","floor":40,"turns":5},{"damage":6,"enemies":"Transient","floor":42,"turns":5},{"damage":6,"enemies":"Giant Head","floor":44,"turns":8},{"damage":0,"enemies":"Jaw Worm Horde","floor":48,"turns":4},{"damage":0,"enemies":"Awakened One","floor":50,"turns":12}],"seed_played":"8939670814137627499","potions_obtained":[{"floor":1.0,"key":"GamblersBrew"},{"floor":12.0,"key":"Regen Potion"},{"floor":13.0,"key":"SpeedPotion"},{"floor":16.0,"key":"EssenceOfSteel"},{"floor":20.0,"key":"SneckoOil"},{"floor":29,"key":"Strength Potion"},{"floor":30,"key":"Energy Potion"},{"floor":31,"key":"LiquidBronze"},{"floor":35,"key":"Energy Potion"},{"floor":44,"key":"Fire Potion"}],"is_trial":false,"path_per_floor":["M","?","M","M","?","R","E","R","T","R","E","M","M","M","R","B",null,"M","$","M","M","?","R","M","M","T","R","?","M","M","M","R","B",null,"M","$","?","M","?","E","R","M","T","E","R","?","$","M","R","B",null],"character_chosen":"IRONCLAD","items_purchased":["Vajra","Enlightenment","Mummified Hand","Feel No Pain","Warcry","Block Potion"],"campfire_rested":5,"item_purchase_floors":[19,19,36,36,36,47],"current_hp_per_floor":[47,47,47,53,53,53,11,35,35,59,40,35,32,24,48,43,71,60,60,66,57,10,34,29,31,31,31,57,44,45,36,62,87,87,81,81,90,84,84,83,83,83,83,83,83,83,83,92,92,96],"gold":45,"neow_bonus":"THREE_RARE_CARDS","is_prod":false,"is_daily":false,"chose_seed":false,"campfire_upgraded":5,"win_rate":0,"timestamp":1555080705,"path_taken":["M","?","M","?","?","R","E","R","T","R","E","?","M","M","R","BOSS","M","$","M","M","?","R","M","M","T","R","?","M","M","M","R","BOSS","M","$","?","M","?","E","R","M","T","E","R","?","$","M","R","BOSS"],"build_version":"2019-01-23","purchased_purges":1,"victory":true,"max_hp_per_floor":[80,80,80,80,80,80,80,80,80,80,80,80,80,80,80,80,80,80,80,80,80,80,80,80,80,80,80,80,80,84,87,87,87,87,90,90,90,93,93,93,93,93,93,93,93,93,93,96,96,96],"card_choices":[{"not_picked":["Reaper","Bludgeon"],"picked":"Juggernaut","floor":0.0},{"not_picked":["Power Through","Intimidate"],"picked":"Whirlwind","floor":1.0},{"not_picked":["Headbutt","Cleave"],"picked":"Battle Trance","floor":3.0},{"not_picked":["Seeing Red","True Grit"],"picked":"Disarm","floor":4.0},{"not_picked":["Sword Boomerang","Carnage"],"picked":"Clothesline","floor":7.0},{"not_picked":["Pommel Strike","Twin Strike"],"picked":"Barricade","floor":11.0},{"not_picked":["Twin Strike","Clash","Rampage"],"picked":"SKIP","floor":12.0},{"not_picked":["Thunderclap","Hemokinesis","Armaments"],"picked":"SKIP","floor":13.0},{"not_picked":["Thunderclap","Pummel"],"picked":"True Grit","floor":14.0},{"not_picked":["Dark Embrace","Berserk"],"picked":"Juggernaut","floor":16.0},{"not_picked":["Clothesline","Flex"],"picked":"Shrug It Off","floor":18.0},{"not_picked":["Infernal Blade","Heavy Blade","Thunderclap"],"picked":"SKIP","floor":20.0},{"not_picked":["Hemokinesis","Sentinel","Clash"],"picked":"SKIP","floor":21},{"not_picked":["Warcry+1","Perfected Strike+1"],"picked":"Ghostly Armor","floor":24},{"not_picked":["Sword Boomerang+1","Flex+1","Clothesline"],"picked":"SKIP","floor":25},{"not_picked":["Armaments+1","Corruption"],"picked":"Feed","floor":29},{"not_picked":["Iron Wave","Spot Weakness"],"picked":"Body Slam","floor":30},{"not_picked":["Heavy Blade","Searing Blow"],"picked":"Havoc+1","floor":31},{"not_picked":["Impervious","Reaper"],"picked":"Offering","floor":33},{"not_picked":["Intimidate+1","Sword Boomerang+1"],"picked":"Feel No Pain+1","floor":35},{"not_picked":["Thunderclap","Cleave"],"picked":"Sentinel+1","floor":38},{"not_picked":["The Bomb","Swift Strike"],"picked":"Secret Technique","floor":39},{"not_picked":["Pommel Strike","Whirlwind+1"],"picked":"True Grit+1","floor":40},{"not_picked":["Headbutt","Pommel Strike","Cleave"],"picked":"SKIP","floor":42},{"not_picked":["Sword Boomerang","Demon Form","Clothesline"],"picked":"SKIP","floor":44},{"not_picked":["Havoc","Wild Strike","Thunderclap+1"],"picked":"SKIP","floor":48}],"player_experience":298662,"relics_obtained":[{"floor":7.0,"key":"Matryoshka"},{"floor":9.0,"key":"War Paint"},{"floor":9.0,"key":"Shuriken"},{"floor":11.0,"key":"Centennial Puzzle"},{"floor":22,"key":"Champion Belt"},{"floor":22,"key":"Pantograph"},{"floor":26,"key":"Juzu Bracelet"},{"floor":26,"key":"Bottled Flame"},{"floor":40,"key":"Orichalcum"},{"floor":43,"key":"Ornamental Fan"},{"floor":44,"key":"FossilizedHelix"}],"event_choices":[{"cards_removed":["Strike_R"],"damage_healed":0.0,"max_hp_gain":0.0,"max_hp_loss":0.0,"gold_gain":0.0,"event_name":"Purifier","player_choice":"Purged","floor":2.0,"gold_loss":0.0,"damage_taken":0.0},{"damage_healed":0.0,"max_hp_gain":0.0,"max_hp_loss":0.0,"gold_gain":0.0,"event_name":"Accursed Blacksmith","player_choice":"Rummage","floor":5.0,"gold_loss":0.0,"damage_taken":0.0,"relics_obtained":["WarpedTongs"],"cards_obtained":["Pain"]},{"damage_healed":0,"gold_gain":0,"player_choice":"Fight","damage_taken":0,"max_hp_gain":0,"max_hp_loss":0,"event_name":"Colosseum","floor":22,"gold_loss":0},{"damage_healed":0,"gold_gain":0,"player_choice":"Fought Nobs","damage_taken":0,"max_hp_gain":0,"max_hp_loss":0,"event_name":"Colosseum","floor":22,"gold_loss":0},{"damage_healed":26,"gold_gain":0,"player_choice":"Heal","damage_taken":0,"max_hp_gain":0,"max_hp_loss":0,"event_name":"The Library","floor":28,"gold_loss":0},{"damage_healed":9,"gold_gain":0,"player_choice":"Full Heal","damage_taken":0,"max_hp_gain":0,"max_hp_loss":0,"event_name":"Wheel of Change","floor":37,"gold_loss":0},{"damage_healed":0,"gold_gain":0,"player_choice":"Memory 1","damage_taken":0,"max_hp_gain":0,"max_hp_loss":0,"event_name":"SensoryStone","floor":39,"gold_loss":0},{"cards_removed":["Strike_R"],"damage_healed":0,"gold_gain":0,"player_choice":"Upgrade and Remove","damage_taken":0,"max_hp_gain":0,"max_hp_loss":0,"event_name":"Designer","floor":46,"gold_loss":90,"cards_upgraded":["Ghostly Armor"]}],"is_beta":false,"boss_relics":[{"not_picked":["Mark of Pain","Tiny House"],"picked":"Velvet Choker"},{"not_picked":["Runic Dome","Lizard Tail"],"picked":"Astrolabe"}],"items_purged_floors":[19],"is_endless":false,"potions_floor_spawned":[1,12,13,16,20,29,30,31,35,44],"ascension_level":6}