{"gold_per_floor":[112,122,41,41,41,70,70,90,114,114,147,147,177,188,188,262,262,278,278,278,328,328,362,362,396,396,396,155,155,55,55],"floor_reached":31,"playtime":1500,"items_purged":["Pain","Decay"],"score":589,"play_id":"4581e943-92ba-4dea-8b04-a05a38a072ec","local_time":"20190316092454","is_ascension_mode":true,"campfire_choices":[{"data":"Zap","floor":7,"key":"SMITH"},{"data":"Dualcast","floor":10,"key":"SMITH"},{"data":"Chill","floor":12,"key":"SMITH"},{"floor":15,"key":"REST"},{"floor":24,"key":"REST"},{"floor":27,"key":"REST"}],"neow_cost":"NONE","seed_source_timestamp":487980308879507,"circlet_count":0,"master_deck":["AscendersBane","Strike_B+1","Strike_B+1","Strike_B+1","Defend_B+1","Defend_B+1","Defend_B+1","Defend_B+1","Zap+1","Dualcast+1","Chill+1","Hologram","FTL","Capacitor","Coolheaded","Genetic Algorithm","Electrodynamics","Gash","Ball Lightning"],"relics":["Cracked Core","NeowsBlessing","Happy Flower","PreservedInsect","Blood Vial","Lantern","Juzu Bracelet","Cursed Key","Ancient Tea Set","Dead Branch","Girya","Regal Pillow"],"potions_floor_usage":[13,13,19,23],"damage_taken":[{"damage":0,"enemies":"2 Louse","floor":1,"turns":1},{"damage":0,"enemies":"Jaw Worm","floor":2,"turns":1},{"damage":0,"enemies":"Gremlin Nob","floor":6,"turns":1},{"damage":0,"enemies":"Cultist","floor":8,"turns":3},{"damage":18,"enemies":"3 Sentries","floor":11,"turns":7},{"damage":8,"enemies":"Lagavulin","floor":13,"turns":6},{"damage":0,"enemies":"Exordium Wildlife","floor":14,"turns":4},{"damage":44,"enemies":"The Guardian","floor":16,"turns":15},{"damage":23,"enemies":"Shell Parasite","floor":18,"turns":5},{"damage":12,"enemies":"Colosseum Slavers","floor":19,"turns":4},{"damage":19,"enemies":"Book of Stabbing","floor":23,"turns":6},{"damage":41,"enemies":"Gremlin Leader","floor":25,"turns":6},{"damage":28,"enemies":"Chosen","floor":31,"turns":4}],"seed_played":"2437827188153057165","potions_obtained":[{"floor":1,"key":"Ancient Potion"},{"floor":8,"key":"LiquidBronze"},{"floor":11,"key":"PowerPotion"},{"floor":16,"key":"GamblersBrew"},{"floor":18,"key":"Dexterity Potion"}],"is_trial":false,"path_per_floor":["M","M","$","?","?","E","R","M","T","R","E","R","E","M","R","B",null,"M","?","?","?","?","E","R","E","T","R","$","?","$","M"],"character_chosen":"DEFECT","items_purchased":["FTL","Regal Pillow"],"campfire_rested":3,"item_purchase_floors":[3,28],"current_hp_per_floor":[64,64,64,57,57,57,57,57,57,57,41,41,35,37,58,16,57,36,26,40,40,40,23,44,5,5,26,26,26,26,0],"gold":55,"neow_bonus":"THREE_ENEMY_KILL","is_prod":false,"is_daily":false,"chose_seed":false,"campfire_upgraded":3,"win_rate":0,"timestamp":1552746294,"path_taken":["M","M","$","?","?","E","R","?","T","R","E","R","E","M","R","BOSS","M","?","?","?","?","E","R","E","T","R","$","?","$","M"],"build_version":"2019-01-23","purchased_purges":2,"victory":false,"max_hp_per_floor":[71,71,71,71,71,71,71,71,71,71,71,71,71,71,71,71,71,71,71,71,71,71,71,71,71,71,71,71,71,71,71],"card_choices":[{"not_picked":["Coolheaded","Beam Cell"],"picked":"Chill","floor":1},{"not_picked":["Reprogram","Conserve Battery"],"picked":"Hologram","floor":2},{"not_picked":["Lockon","Fission"],"picked":"Capacitor","floor":6},{"not_picked":["Hologram","Stack","Leap"],"picked":"SKIP","floor":8},{"not_picked":["Recycle","Stack"],"picked":"Coolheaded","floor":11},{"not_picked":["Auto Shields","Turbo"],"picked":"Genetic Algorithm","floor":13},{"not_picked":["Reinforced Body","Heatsinks","Leap"],"picked":"SKIP","floor":14},{"not_picked":["Hyperbeam","Seek"],"picked":"Electrodynamics","floor":16},{"not_picked":["Compile Driver","Coolheaded","Leap"],"picked":"SKIP","floor":18},{"not_picked":["Leap","Force Field"],"picked":"Gash","floor":23},{"not_picked":["Reinforced Body+1","Leap"],"picked":"Ball Lightning","floor":25}],"player_experience":631787,"relics_obtained":[{"floor":6,"key":"PreservedInsect"},{"floor":9,"key":"Blood Vial"},{"floor":11,"key":"Lantern"},{"floor":13,"key":"Juzu Bracelet"},{"floor":23,"key":"Ancient Tea Set"},{"floor":25,"key":"Dead Branch"},{"floor":26,"key":"Girya"}],"event_choices":[{"cards_removed":["Strike_B"],"damage_healed":0,"gold_gain":0,"player_choice":"Card Removal","damage_taken":7,"max_hp_gain":0,"max_hp_loss":0,"event_name":"Golden Wing","floor":4,"gold_loss":0},{"damage_healed":0,"gold_gain":0,"player_choice":"Gave Potion","damage_taken":0,"relics_obtained":["Happy Flower"],"max_hp_gain":0,"max_hp_loss":0,"event_name":"WeMeetAgain","floor":5,"gold_loss":0},{"damage_healed":0,"gold_gain":0,"player_choice":"Fight","damage_taken":0,"max_hp_gain":0,"max_hp_loss":0,"event_name":"Colosseum","floor":19,"gold_loss":0},{"damage_healed":0,"gold_gain":0,"player_choice":"Fled From Nobs","damage_taken":0,"max_hp_gain":0,"max_hp_loss":0,"event_name":"Colosseum","floor":19,"gold_loss":0},{"damage_healed":14,"gold_gain":0,"player_choice":"Heal","damage_taken":0,"max_hp_gain":0,"max_hp_loss":0,"event_name":"The Library","floor":20,"gold_loss":0},{"damage_healed":0,"gold_gain":50,"player_choice":"Stole From Cult","damage_taken":0,"max_hp_gain":0,"max_hp_loss":0,"event_name":"Nest","floor":21,"gold_loss":0},{"damage_healed":0,"gold_gain":0,"player_choice":"Simplicity","damage_taken":0,"max_hp_gain":0,"max_hp_loss":0,"event_name":"Back to Basics","floor":22,"gold_loss":0,"cards_upgraded":["Strike_B","Strike_B","Strike_B","Defend_B","Defend_B","Defend_B","Defend_B"]},{"damage_healed":0,"gold_gain":0,"player_choice":"Smashed Altar","damage_taken":0,"max_hp_gain":0,"max_hp_loss":0,"event_name":"Forgotten Altar","floor":29,"gold_loss":0,"cards_obtained":["Decay"]}],"is_beta":false,"boss_relics":[{"not_picked":["FrozenCore","White Beast Statue"],"picked":"Cursed Key"}],"items_purged_floors":[28,30],"is_endless":false,"potions_floor_spawned":[1,8,11,16,18],"killed_by":"Chosen","ascension_level":18}