{"gold_per_floor":[116,116,132,145,83,83,114,131,154,182,182,214,49,66,66,143,143,156,167,181,106,121,147,147,147,147,203,203,236,126,155,155,234,234,252,252,352,352,352,352,382,64,64,64,98,98,98,115,115,115,115,115,115,40,72,72],"floor_reached":57,"playtime":4775,"items_purged":["Cleave"],"score":2804,"play_id":"1ca22a34-bc88-47a4-b966-c3b266ffe75c","local_time":"20190504192630","is_ascension_mode":true,"campfire_choices":[{"data":"Anger","floor":6.0,"key":"SMITH"},{"data":"Demon Form","floor":11.0,"key":"SMITH"},{"data":"Feel No Pain","floor":15.0,"key":"SMITH"},{"data":"Ghostly","floor":25.0,"key":"SMITH"},{"data":"Ghostly","floor":32.0,"key":"SMITH"},{"floor":40.0,"key":"RECALL"},{"data":"Strike_R","floor":44.0,"key":"PURGE"},{"data":"Armaments","floor":46.0,"key":"SMITH"},{"data":"Pommel Strike","floor":49,"key":"SMITH"},{"data":"Shockwave","floor":53,"key":"SMITH"}],"neow_cost":"NONE","seed_source_timestamp":2134754098440388,"circlet_count":0,"master_deck":["AscendersBane","Strike_R+1","Strike_R+1","Defend_R","Defend_R","Defend_R","Defend_R","Bash+1","Anger+1","Feel No Pain+1","Demon Form+1","Corruption","Shrug It Off","Shockwave+1","Offering","Sentinel","Reaper","Armaments+1","Carnage+1","Impervious","Twin Strike+1","Warcry+1","Ghostly+1","Ghostly+1","Ghostly+1","Clothesline+1","Havoc","Impervious","Battle Trance","Metallicize","Pommel Strike+1","Headbutt","Limit Break"],"special_seed":0,"relics":["Burning Blood","Orichalcum","Red Skull","Dream Catcher","Bag of Marbles","Oddly Smooth Stone","Runic Pyramid","Pen Nib","Ancient Tea Set","Tiny Chest","Whetstone","Peace Pipe","Busted Crown","Paper Frog","Prayer Wheel","Mummified Hand","Anchor","OrangePellets","Darkstone Periapt","Art of War","Dead Branch"],"potions_floor_usage":[56,56],"damage_taken":[{"damage":0.0,"enemies":"2 Louse","floor":1.0,"turns":2.0},{"damage":2.0,"enemies":"Jaw Worm","floor":3.0,"turns":3.0},{"damage":6.0,"enemies":"Cultist","floor":4.0,"turns":3.0},{"damage":20.0,"enemies":"Gremlin Nob","floor":7.0,"turns":4.0},{"damage":10.0,"enemies":"Looter","floor":8.0,"turns":3.0},{"damage":8.0,"enemies":"3 Sentries","floor":10.0,"turns":7.0},{"damage":12.0,"enemies":"Gremlin Nob","floor":12.0,"turns":4.0},{"damage":6.0,"enemies":"2 Fungi Beasts","floor":14.0,"turns":3.0},{"damage":28.0,"enemies":"Slime Boss","floor":16.0,"turns":6.0},{"damage":28.0,"enemies":"Shell Parasite","floor":18.0,"turns":7.0},{"damage":13.0,"enemies":"Spheric Guardian","floor":19.0,"turns":5.0},{"damage":14.0,"enemies":"Centurion and Healer","floor":20.0,"turns":7.0},{"damage":6.0,"enemies":"Snecko","floor":22.0,"turns":5.0},{"damage":40.0,"enemies":"Slavers","floor":23.0,"turns":5.0},{"damage":13.0,"enemies":"Book of Stabbing","floor":27.0,"turns":6.0},{"damage":45.0,"enemies":"Slavers","floor":29.0,"turns":5.0},{"damage":8.0,"enemies":"Book of Stabbing","floor":31.0,"turns":8.0},{"damage":16.0,"enemies":"Champ","floor":33.0,"turns":11.0},{"damage":0.0,"enemies":"Orb Walker","floor":35.0,"turns":4.0},{"damage":6.0,"enemies":"Mind Bloom Boss Battle","floor":37.0,"turns":5.0},{"damage":7.0,"enemies":"Giant Head","floor":41.0,"turns":6.0},{"damage":6.0,"enemies":"Nemesis","floor":45.0,"turns":6.0},{"damage":1,"enemies":"3 Shapes","floor":48,"turns":3},{"damage":11,"enemies":"Donu and Deca","floor":50,"turns":9},{"damage":15,"enemies":"Time Eater","floor":51,"turns":10},{"damage":22,"enemies":"Shield and Spear","floor":55,"turns":9},{"damage":34,"enemies":"The Heart","floor":56,"turns":8}],"seed_played":"5959881206080405838","potions_obtained":[{"floor":3.0,"key":"Strength Potion"},{"floor":7.0,"key":"SteroidPotion"},{"floor":8.0,"key":"Energy Potion"},{"floor":10.0,"key":"Ancient Potion"},{"floor":12.0,"key":"SneckoOil"},{"floor":18.0,"key":"Poison Potion"},{"floor":19.0,"key":"Explosive Potion"},{"floor":23.0,"key":"Weak Potion"},{"floor":29.0,"key":"Poison Potion"},{"floor":31.0,"key":"AttackPotion"},{"floor":37.0,"key":"Strength Potion"},{"floor":41.0,"key":"Dexterity Potion"}],"is_trial":false,"path_per_floor":["M","?","M","M","?","R","E","M","T","E","R","E","$","M","R","B",null,"M","M","M","?","M","E","?","R","T","E","?","E","?","E","R","B",null,"M","T","?","T","T","R","E","$","T","R","E","R","?","M","R","B","B",null,"R","$","E","B",null],"character_chosen":"IRONCLAD","items_purchased":["Offering","OrangePellets","Metallicize"],"campfire_rested":0,"item_purchase_floors":[13,42,42],"current_hp_per_floor":[74,79,80,80,80,80,66,62,62,60,60,54,54,54,54,32,68,65,68,80,80,80,65,40,40,40,40,40,39,39,40,40,40,40,40,40,40,40,40,40,40,40,40,40,40,40,40,40,40,40,40,40,40,40,40,40],"gold":72,"neow_bonus":"UPGRADE_CARD","is_prod":false,"is_daily":false,"chose_seed":false,"campfire_upgraded":8,"win_rate":0,"timestamp":1557012390,"path_taken":["M","?","M","M","?","R","E","M","T","E","R","E","$","M","R","BOSS","M","?","M","?","M","E","?","R","T","E","?","E","?","E","R","BOSS","M","?","?","?","?","R","E","?","T","R","E","R","?","M","R","BOSS","BOSS","R","$","E","BOSS"],"build_version":"2019-04-23","purchased_purges":1,"victory":true,"max_hp_per_floor":[75,80,80,80,80,80,80,80,80,80,80,80,80,80,80,80,80,80,80,80,80,80,80,40,40,40,40,40,40,40,40,40,40,40,40,40,40,40,40,40,40,40,40,40,40,40,40,40,40,40,40,40,40,40,40,40],"card_choices":[{"not_picked":["Warcry","Rage"],"picked":"Anger","floor":1.0},{"not_picked":["Body Slam","Burning Pact"],"picked":"Cleave","floor":3.0},{"not_picked":["Havoc","Burning Pact"],"picked":"Feel No Pain","floor":4.0},{"not_picked":["Pummel","Clothesline"],"picked":"Demon Form","floor":7.0},{"not_picked":["Whirlwind","True Grit"],"picked":"Corruption","floor":8.0},{"not_picked":["Searing Blow","Inflame"],"picked":"Shrug It Off","floor":10.0},{"not_picked":["Barricade","Pummel"],"picked":"Shockwave","floor":12.0},{"not_picked":["Seeing Red","True Grit"],"picked":"Sentinel","floor":14.0},{"not_picked":["Dark Embrace","Limit Break"],"picked":"Reaper","floor":16.0},{"not_picked":["Evolve","Clash"],"picked":"Armaments","floor":18.0},{"not_picked":["Wild Strike","Intimidate"],"picked":"Carnage+1","floor":19.0},{"not_picked":["Sentinel","Warcry"],"picked":"Impervious","floor":20.0},{"not_picked":["Rampage","Havoc"],"picked":"Twin Strike+1","floor":22.0},{"not_picked":["Bludgeon","Clash"],"picked":"Warcry+1","floor":23.0},{"not_picked":["Cleave","Wild Strike"],"picked":"Clothesline+1","floor":27.0},{"not_picked":["Heavy Blade","Pummel"],"picked":"Impervious","floor":29.0},{"not_picked":["Sentinel+1","Cleave+1"],"picked":"Battle Trance","floor":31.0},{"not_picked":["True Grit"],"picked":"SKIP","floor":35.0},{"not_picked":["Twin Strike+1"],"picked":"SKIP","floor":41.0},{"not_picked":[],"picked":"Pommel Strike","floor":45.0},{"not_picked":["Anger"],"picked":"SKIP","floor":48},{"not_picked":["Twin Strike+1"],"picked":"SKIP","floor":48},{"not_picked":["Twin Strike+1"],"picked":"SKIP","floor":55}],"player_experience":1615800,"relics_obtained":[{"floor":7.0,"key":"Red Skull"},{"floor":9.0,"key":"Dream Catcher"},{"floor":10.0,"key":"Bag of Marbles"},{"floor":12.0,"key":"Oddly Smooth Stone"},{"floor":23.0,"key":"Pen Nib"},{"floor":26.0,"key":"Ancient Tea Set"},{"floor":27.0,"key":"Tiny Chest"},{"floor":29.0,"key":"Whetstone"},{"floor":31.0,"key":"Peace Pipe"},{"floor":36.0,"key":"Paper Frog"},{"floor":37.0,"key":"Prayer Wheel"},{"floor":38.0,"key":"Mummified Hand"},{"floor":41.0,"key":"Anchor"},{"floor":43.0,"key":"Darkstone Periapt"},{"floor":45.0,"key":"Art of War"},{"floor":55,"key":"Dead Branch"}],"event_choices":[{"damage_healed":0.0,"max_hp_gain":5.0,"max_hp_loss":0.0,"gold_gain":0.0,"event_name":"Big Fish","player_choice":"Donut","floor":2.0,"gold_loss":0.0,"damage_taken":0.0},{"damage_healed":0.0,"max_hp_gain":0.0,"max_hp_loss":0.0,"gold_gain":0.0,"event_name":"WeMeetAgain","player_choice":"Paid Gold","floor":5.0,"gold_loss":62.0,"damage_taken":0.0,"relics_obtained":["Orichalcum"]},{"cards_removed":["Strike_R"],"damage_healed":0.0,"max_hp_gain":0.0,"max_hp_loss":0.0,"gold_gain":0.0,"event_name":"Beggar","player_choice":"Gave Gold","floor":21.0,"gold_loss":75.0,"damage_taken":0.0},{"damage_healed":0.0,"max_hp_gain":0.0,"max_hp_loss":40.0,"gold_gain":0.0,"event_name":"Ghosts","player_choice":"Became a Ghost","floor":24.0,"gold_loss":0.0,"damage_taken":0.0,"cards_obtained":["Ghostly","Ghostly","Ghostly"]},{"damage_healed":0.0,"max_hp_gain":0.0,"max_hp_loss":0.0,"gold_gain":0.0,"event_name":"The Library","player_choice":"Read","floor":28.0,"gold_loss":0.0,"damage_taken":0.0,"cards_obtained":["Havoc"]},{"cards_removed":["Strike_R"],"damage_healed":0.0,"max_hp_gain":0.0,"max_hp_loss":0.0,"gold_gain":0.0,"event_name":"Designer","player_choice":"Upgrade and Remove","floor":30.0,"gold_loss":110.0,"damage_taken":0.0,"cards_upgraded":["Ghostly"]},{"damage_healed":0.0,"max_hp_gain":0.0,"max_hp_loss":0.0,"gold_gain":0.0,"event_name":"MindBloom","player_choice":"Fight","floor":37.0,"gold_loss":0.0,"damage_taken":0.0},{"damage_healed":0,"gold_gain":0,"player_choice":"2 cards matched","damage_taken":0,"max_hp_gain":0,"max_hp_loss":0,"event_name":"Match and Keep!","floor":47,"gold_loss":0,"cards_obtained":["Headbutt","Limit Break"]}],"is_beta":true,"boss_relics":[{"not_picked":["Eternal Feather","Fusion Hammer"],"picked":"Runic Pyramid"},{"not_picked":["Tiny House","Black Star"],"picked":"Busted Crown"}],"items_purged_floors":[54],"is_endless":false,"potions_floor_spawned":[3,7,8,10,12,18,19,23,29,31,37,41],"ascension_level":20}