{"gold_per_floor":[113,131,142,152,167,167,194,194,194,207,179,196,196],"floor_reached":13,"playtime":625,"items_purged":[],"score":151,"play_id":"586b54e9-ff79-4275-b0c1-e93589dec90c","local_time":"20190105122342","is_ascension_mode":true,"campfire_choices":[{"floor":6.0,"key":"REST"},{"floor":8.0,"key":"REST"}],"neow_cost":"PERCENT_DAMAGE","seed_source_timestamp":258271271154121,"circlet_count":0,"master_deck":["AscendersBane","Defend_G","Defend_G","Defend_G","Defend_G","Defend_G","Strike_G","Strike_G","Strike_G","Strike_G","Strike_G","Survivor","Neutralize","Infinite Blades","Noxious Fumes","Cloak And Dagger","Deadly Poison","Bouncing Flask","Backflip","Crippling Poison","Deadly Poison"],"special_seed":0,"relics":["Ring of the Snake","Matryoshka","Orichalcum","Centennial Puzzle"],"potions_floor_usage":[],"damage_taken":[{"damage":4.0,"enemies":"Cultist","floor":1.0,"turns":5.0},{"damage":9.0,"enemies":"2 Louse","floor":2.0,"turns":3.0},{"damage":16.0,"enemies":"Jaw Worm","floor":3.0,"turns":5.0},{"damage":8.0,"enemies":"Lots of Slimes","floor":4.0,"turns":2.0},{"damage":10.0,"enemies":"Gremlin Gang","floor":5.0,"turns":5.0},{"damage":29.0,"enemies":"Gremlin Nob","floor":7.0,"turns":5.0},{"damage":22.0,"enemies":"Large Slime","floor":10.0,"turns":6.0},{"damage":3.0,"enemies":"Blue Slaver","floor":12.0,"turns":4.0},{"damage":1,"enemies":"Exordium Thugs","floor":13,"turns":2}],"seed_played":"3951983332393424898","potions_obtained":[{"floor":1.0,"key":"Weak Potion"},{"floor":2.0,"key":"Explosive Potion"},{"floor":7.0,"key":"Strength Potion"}],"is_trial":false,"path_per_floor":["M","M","M","M","M","R","E","R","T","M","?","M","M"],"character_chosen":"THE_SILENT","items_purchased":[],"campfire_rested":2,"item_purchase_floors":[],"current_hp_per_floor":[52,43,27,19,9,32,3,26,26,4,4,1,0],"gold":196,"neow_bonus":"TWENTY_PERCENT_HP_BONUS","is_prod":false,"is_daily":false,"chose_seed":false,"campfire_upgraded":0,"win_rate":0,"timestamp":1546709022,"path_taken":["M","?","?","M","M","R","E","R","T","M","?","M","M"],"build_version":"2019-01-03v4","purchased_purges":0,"victory":false,"max_hp_per_floor":[78,78,78,78,78,78,78,78,78,78,78,78,78],"card_choices":[{"not_picked":["Dagger Throw","Catalyst"],"picked":"Infinite Blades","floor":1.0},{"not_picked":["Backflip","Blade Dance"],"picked":"Noxious Fumes","floor":2.0},{"not_picked":["Backflip","Masterful Stab"],"picked":"Cloak And Dagger","floor":3.0},{"not_picked":["Skewer","Poisoned Stab"],"picked":"Deadly Poison","floor":4.0},{"not_picked":["PiercingWail","Endless Agony"],"picked":"Bouncing Flask","floor":5.0},{"not_picked":["Eviscerate","Distraction"],"picked":"Backflip","floor":7.0},{"not_picked":["Cloak And Dagger","Accuracy"],"picked":"Crippling Poison","floor":10.0},{"not_picked":["Cloak And Dagger","Dagger Spray"],"picked":"Deadly Poison","floor":12.0}],"player_experience":509120,"relics_obtained":[{"floor":7.0,"key":"Matryoshka"},{"floor":9.0,"key":"Orichalcum"},{"floor":9.0,"key":"Centennial Puzzle"}],"event_choices":[{"damage_healed":0.0,"max_hp_gain":0.0,"max_hp_loss":0.0,"gold_gain":0.0,"event_name":"World of Goop","player_choice":"Left Gold","floor":11.0,"gold_loss":28.0,"damage_taken":0.0}],"is_beta":false,"boss_relics":[],"items_purged_floors":[],"is_endless":false,"potions_floor_spawned":[1,2,3,7],"killed_by":"Exordium Thugs","ascension_level":14}