{"gold_per_floor":[111,34,44,44,44,44,73,92,92,92,106,122,122,150,150,245,245,260,260,260,260,276,305,305,339,339,357,21,34,45,76,76,176,176,190,239,209,209],"floor_reached":38,"playtime":1966,"items_purged":[],"score":540,"play_id":"36188a8b-8f55-4c9e-974f-635d749ad2e8","local_time":"20190228174652","is_ascension_mode":true,"campfire_choices":[{"data":"Bane","floor":6,"key":"SMITH"},{"floor":10,"key":"REST"},{"data":"Catalyst","floor":15,"key":"SMITH"},{"floor":24,"key":"REST"},{"floor":32,"key":"REST"}],"neow_cost":"NONE","seed_source_timestamp":161561857073135,"circlet_count":0,"master_deck":["Defend_G","Defend_G","Defend_G","Defend_G","Defend_G","Strike_G","Strike_G","Strike_G","Strike_G+1","Strike_G+1","Survivor","Neutralize+1","Bane+1","Noxious Fumes+1","Deadly Poison","Catalyst+1","PiercingWail","Flying Knee+1","Phantasmal Killer","Poisoned Stab","Leg Sweep","Dagger Throw+1","Corpse Explosion","Calculated Gamble","Envenom","Underhanded Strike+1"],"relics":["Runic Pyramid","Ice Cream","Dodecahedron","WingedGreaves","Fusion Hammer","Gambling Chip","Spirit Poop","Darkstone Periapt","Whetstone","Meat on the Bone","Kunai","Lizard Tail","Torii"],"potions_floor_usage":[12,18,23,23,23,23,23,25,31,33,36],"damage_taken":[{"damage":2,"enemies":"Cultist","floor":1,"turns":5},{"damage":2,"enemies":"2 Louse","floor":3,"turns":3},{"damage":15,"enemies":"3 Sentries","floor":7,"turns":9},{"damage":2,"enemies":"Jaw Worm","floor":8,"turns":4},{"damage":0,"enemies":"Large Slime","floor":11,"turns":6},{"damage":0,"enemies":"2 Fungi Beasts","floor":12,"turns":3},{"damage":0,"enemies":"Lagavulin","floor":14,"turns":5},{"damage":3,"enemies":"Slime Boss","floor":16,"turns":7},{"damage":0,"enemies":"Chosen","floor":18,"turns":4},{"damage":21,"enemies":"2 Thieves","floor":22,"turns":5},{"damage":21,"enemies":"Slavers","floor":23,"turns":4},{"damage":27,"enemies":"Gremlin Leader","floor":25,"turns":5},{"damage":5,"enemies":"3 Cultists","floor":27,"turns":5},{"damage":5,"enemies":"Snecko","floor":29,"turns":4},{"damage":14,"enemies":"Shelled Parasite and Fungi","floor":30,"turns":4},{"damage":11,"enemies":"Book of Stabbing","floor":31,"turns":7},{"damage":30,"enemies":"Champ","floor":33,"turns":10},{"damage":9,"enemies":"Orb Walker","floor":35,"turns":4},{"damage":80,"enemies":"2 Orb Walkers","floor":36,"turns":6}],"seed_played":"9046439986435371404","potions_obtained":[{"floor":7,"key":"EssenceOfSteel"},{"floor":11,"key":"Fire Potion"},{"floor":12,"key":"SpeedPotion"},{"floor":14,"key":"EntropicBrew"},{"floor":18,"key":"EssenceOfSteel"},{"floor":23,"key":"LiquidBronze"},{"floor":29,"key":"PowerPotion"},{"floor":31,"key":"Energy Potion"},{"floor":33,"key":"Poison Potion"},{"floor":37,"key":"LiquidBronze"},{"floor":37,"key":"Explosive Potion"}],"is_trial":false,"path_per_floor":["M","$","M","T","?","R","E","M","T","R","M","M","?","E","R","B",null,"M","?","?","?","M","E","R","E","T","M","$","M","M","E","R","B",null,"M","?","?","$"],"character_chosen":"THE_SILENT","items_purchased":["Noxious Fumes","Meat on the Bone","LiquidBronze"],"campfire_rested":3,"item_purchase_floors":[2,28,28],"current_hp_per_floor":[68,68,66,66,66,66,51,49,49,70,70,70,56,56,56,53,70,70,70,70,70,49,28,49,22,22,17,17,24,22,23,44,26,70,61,33,33,33],"gold":209,"neow_bonus":"BOSS_RELIC","is_prod":false,"is_daily":false,"chose_seed":false,"campfire_upgraded":2,"win_rate":0,"timestamp":1551376012,"path_taken":["M","?","M","?","?","R","E","?","T","R","M","M","?","E","R","BOSS","M","?","?","?","M","E","R","E","T","M","$","M","?","E","R","BOSS","M","?","?","$"],"build_version":"2019-01-23","purchased_purges":0,"victory":false,"max_hp_per_floor":[70,70,70,70,70,70,70,70,70,70,70,70,70,70,70,70,70,70,70,70,70,70,70,70,70,70,70,70,70,70,70,70,70,70,70,70,70,70],"card_choices":[{"not_picked":["Blade Dance","Dagger Throw"],"picked":"Bane","floor":1},{"not_picked":["Expertise","Well Laid Plans"],"picked":"Deadly Poison","floor":3},{"not_picked":["Slice","Dagger Throw"],"picked":"Catalyst","floor":7},{"not_picked":["Underhanded Strike","Dagger Spray"],"picked":"PiercingWail","floor":8},{"not_picked":["Bane","Endless Agony","Outmaneuver"],"picked":"SKIP","floor":11},{"not_picked":["PiercingWail","Slice"],"picked":"Flying Knee","floor":12},{"not_picked":["Leg Sweep","Acrobatics","Terror"],"picked":"SKIP","floor":14},{"not_picked":["Unload","A Thousand Cuts"],"picked":"Phantasmal Killer","floor":16},{"not_picked":["Cloak And Dagger","Dodge and Roll","Dagger Spray"],"picked":"SKIP","floor":18},{"not_picked":["Slice","Flying Knee"],"picked":"Poisoned Stab","floor":22},{"not_picked":["Concentrate","Backflip","Quick Slash"],"picked":"SKIP","floor":23},{"not_picked":["Reflex","Deflect"],"picked":"Leg Sweep","floor":25},{"not_picked":["Quick Slash","Slice"],"picked":"Dagger Throw+1","floor":27},{"not_picked":["Caltrops","Acrobatics","Dagger Throw"],"picked":"SKIP","floor":29},{"not_picked":["PiercingWail","Bouncing Flask"],"picked":"Corpse Explosion","floor":30},{"not_picked":["Deflect","Noxious Fumes"],"picked":"Calculated Gamble","floor":31},{"not_picked":["Doppelganger","Venomology"],"picked":"Envenom","floor":33},{"not_picked":["Dagger Spray","Caltrops","Dagger Throw+1"],"picked":"SKIP","floor":35},{"not_picked":["Slice","Cloak And Dagger"],"picked":"Underhanded Strike+1","floor":36}],"player_experience":304674,"relics_obtained":[{"floor":4,"key":"Ice Cream"},{"floor":7,"key":"Dodecahedron"},{"floor":9,"key":"WingedGreaves"},{"floor":23,"key":"Darkstone Periapt"},{"floor":25,"key":"Whetstone"},{"floor":31,"key":"Kunai"},{"floor":36,"key":"Torii"}],"event_choices":[{"damage_healed":0,"gold_gain":0,"player_choice":"Upgraded","damage_taken":0,"max_hp_gain":0,"max_hp_loss":0,"event_name":"Upgrade Shrine","floor":5,"gold_loss":0,"cards_upgraded":["Noxious Fumes"]},{"damage_healed":0,"gold_gain":0,"player_choice":"Entered Light","damage_taken":14,"max_hp_gain":0,"max_hp_loss":0,"event_name":"Shining Light","floor":13,"gold_loss":0,"cards_upgraded":["Strike_G","Strike_G"]},{"damage_healed":0,"gold_gain":0,"player_choice":"Opened","damage_taken":0,"relics_obtained":["Gambling Chip"],"max_hp_gain":0,"max_hp_loss":0,"event_name":"The Mausoleum","floor":19,"gold_loss":0,"cards_obtained":["Writhe"]},{"damage_healed":0,"gold_gain":0,"player_choice":"Ignored","damage_taken":0,"max_hp_gain":0,"max_hp_loss":0,"event_name":"Ghosts","floor":20,"gold_loss":0},{"cards_removed":["Writhe"],"damage_healed":0,"gold_gain":0,"player_choice":"Offered Curse","damage_taken":0,"relics_obtained":["Spirit Poop"],"max_hp_gain":0,"max_hp_loss":0,"event_name":"Bonfire Elementals","floor":21,"gold_loss":0},{"damage_healed":0,"gold_gain":0,"player_choice":"Fight","damage_taken":0,"max_hp_gain":0,"max_hp_loss":0,"event_name":"Mysterious Sphere","floor":36,"gold_loss":0},{"damage_healed":0,"gold_gain":0,"player_choice":"Bought 2 Potions","damage_taken":0,"max_hp_gain":0,"max_hp_loss":0,"event_name":"The Woman in Blue","floor":37,"gold_loss":0}],"is_beta":false,"boss_relics":[{"not_picked":["WristBlade","Runic Dome"],"picked":"Fusion Hammer"},{"not_picked":["Coffee Dripper","Eternal Feather"],"picked":"Lizard Tail"}],"items_purged_floors":[],"is_endless":false,"potions_floor_spawned":[7,11,12,14,18,23,29,31,33],"ascension_level":2}