{"gold_per_floor":[114,129,141,141,157,157,170,170,224,252,272,299,318,318,318,395,395,395,395,395],"floor_reached":20,"playtime":967,"items_purged":[],"score":376,"play_id":"ae5146ed-1d94-435f-b7d4-6a2ffdca3009","local_time":"20190413094539","is_ascension_mode":true,"campfire_choices":[{"data":"Sunder","floor":6.0,"key":"SMITH"},{"floor":8.0,"key":"REST"},{"data":"Defragment","floor":15.0,"key":"SMITH"}],"neow_cost":"NONE","seed_source_timestamp":177869007553571,"circlet_count":0,"master_deck":["AscendersBane","Strike_B","Strike_B","Strike_B","Strike_B","Defend_B","Defend_B","Defend_B","Defend_B","Zap+1","Dualcast","Redo","Sunder+1","Rip and Tear","Defragment+1","Capacitor","Chaos","Chill+1","Creative AI","Rainbow","Auto Shields","Cold Snap"],"special_seed":0,"relics":["Cracked Core","Tiny Chest","Pen Nib","Centennial Puzzle","Ectoplasm"],"potions_floor_usage":[19],"damage_taken":[{"damage":0.0,"enemies":"Cultist","floor":1.0,"turns":4.0},{"damage":0.0,"enemies":"Jaw Worm","floor":2.0,"turns":3.0},{"damage":10.0,"enemies":"Small Slimes","floor":3.0,"turns":2.0},{"damage":5.0,"enemies":"Gremlin Gang","floor":5.0,"turns":3.0},{"damage":8.0,"enemies":"Exordium Thugs","floor":7.0,"turns":3.0},{"damage":17.0,"enemies":"Lagavulin","floor":10.0,"turns":6.0},{"damage":0.0,"enemies":"Lots of Slimes","floor":11.0,"turns":2.0},{"damage":15.0,"enemies":"3 Sentries","floor":12.0,"turns":5.0},{"damage":0.0,"enemies":"Large Slime","floor":13.0,"turns":4.0},{"damage":19.0,"enemies":"The Guardian","floor":16.0,"turns":12.0},{"damage":15.0,"enemies":"Spheric Guardian","floor":18.0,"turns":4.0},{"damage":34,"enemies":"Shell Parasite","floor":19,"turns":5},{"damage":10,"enemies":"Centurion and Healer","floor":20,"turns":1}],"seed_played":"6012341320922175599","potions_obtained":[{"floor":2.0,"key":"PowerPotion"},{"floor":5.0,"key":"Dexterity Potion"},{"floor":7.0,"key":"EntropicBrew"},{"floor":10.0,"key":"Explosive Potion"},{"floor":12.0,"key":"GamblersBrew"},{"floor":18.0,"key":"Strength Potion"},{"floor":19,"key":"Poison Potion"}],"is_trial":false,"path_per_floor":["M","M","M","?","M","R","M","R","T","E","M","E","M","?","R","B",null,"M","M","M"],"character_chosen":"DEFECT","items_purchased":[],"campfire_rested":1,"item_purchase_floors":[],"current_hp_per_floor":[64,64,54,54,49,49,41,62,62,45,45,30,30,30,30,11,56,41,7,0],"gold":395,"neow_bonus":"UPGRADE_CARD","is_prod":false,"is_daily":false,"chose_seed":false,"campfire_upgraded":2,"win_rate":0,"timestamp":1555166739,"path_taken":["M","M","?","?","M","R","M","R","T","E","M","E","M","?","R","BOSS","M","M","M"],"build_version":"2019-01-23","purchased_purges":0,"victory":false,"max_hp_per_floor":[71,71,71,71,71,71,71,71,71,71,71,71,71,71,71,71,71,71,71,71],"card_choices":[{"not_picked":["Barrage","Leap"],"picked":"Redo","floor":1.0},{"not_picked":["Undo","Sweeping Beam"],"picked":"Sunder","floor":2.0},{"not_picked":["Turbo","Redo"],"picked":"Rip and Tear","floor":3.0},{"not_picked":["Hello World","Stack"],"picked":"Defragment","floor":5.0},{"not_picked":["Fusion","Compile Driver","Heatsinks"],"picked":"SKIP","floor":7.0},{"not_picked":["Streamline","Sweeping Beam"],"picked":"Capacitor","floor":10.0},{"not_picked":["Redo","Go for the Eyes"],"picked":"Chaos","floor":11.0},{"not_picked":["Barrage","Defragment"],"picked":"Chill","floor":12.0},{"not_picked":["Compile Driver","Coolheaded"],"picked":"Creative AI","floor":13.0},{"not_picked":["Amplify","Multi-Cast"],"picked":"Rainbow","floor":16.0},{"not_picked":["Reprogram+1","Beam Cell"],"picked":"Auto Shields","floor":18.0},{"not_picked":["Redo+1","Sweeping Beam"],"picked":"Cold Snap","floor":19}],"player_experience":1043457,"relics_obtained":[{"floor":9.0,"key":"Tiny Chest"},{"floor":10.0,"key":"Pen Nib"},{"floor":12.0,"key":"Centennial Puzzle"}],"event_choices":[{"damage_healed":0.0,"max_hp_gain":0.0,"max_hp_loss":0.0,"gold_gain":0.0,"event_name":"Liars Game","player_choice":"Ignored","floor":4.0,"gold_loss":0.0,"damage_taken":0.0},{"damage_healed":0.0,"max_hp_gain":0.0,"max_hp_loss":0.0,"gold_gain":0.0,"event_name":"Upgrade Shrine","player_choice":"Upgraded","floor":14.0,"gold_loss":0.0,"damage_taken":0.0,"cards_upgraded":["Chill"]}],"is_beta":false,"boss_relics":[{"not_picked":["White Beast Statue","Runic Dome"],"picked":"Ectoplasm"}],"items_purged_floors":[],"is_endless":false,"potions_floor_spawned":[2,5,7,10,12,18,19],"killed_by":"Centurion and Healer","ascension_level":20}