{"gold_per_floor":[112,131,16,16,30,63,63,98,121,150,150,166,183,197,197,302,302,318,328,328,344,344,344,379,379,429,464,475,22,37,65,65,164,164,182,182,182,192,206,206,233,233,233,246,0,28,28,63,63,63],"floor_reached":51,"playtime":2715,"items_purged":["Injury"],"score":1083,"play_id":"b30fb045-211e-46d8-86fa-83b5f9bc22eb","local_time":"20180816212220","is_ascension_mode":true,"campfire_choices":[{"data":"Rainbow","floor":11.0,"key":"SMITH"},{"data":"Redo","floor":15.0,"key":"SMITH"},{"floor":23.0,"key":"REST"},{"floor":25.0,"key":"REST"},{"floor":32.0,"key":"REST"},{"floor":40.0,"key":"REST"},{"floor":42,"key":"REST"},{"floor":47,"key":"REST"},{"floor":49,"key":"REST"}],"neow_cost":"CURSE","seed_source_timestamp":92883794470747,"circlet_count":0,"master_deck":["Strike_B","Strike_B","Strike_B","Strike_B","Defend_B","Defend_B","Defend_B","Zap","Dualcast","Static Discharge","Chaos+1","Loop","Leap","Rainbow+1","Electrodynamics","Auto Shields","Loop","Force Field","Redo+1","Core Surge","Barrage+1","Defragment+1","Writhe","Hologram","Amplify","Reprogram+1","Static Discharge+1","White Noise+1","Loop+1","Buffer+1","Defragment+1","Master of Strategy","Panache+1","Conserve Battery+1","All For One","Conserve Battery+1","Fusion","Lockon+1","Double Energy+1","Turbo+1"],"special_seed":0,"relics":["Cracked Core","Bag of Preparation","Happy Flower","Blood Vial","Cables","Fusion Hammer","Frozen Egg 2","Dream Catcher","Boot","Juzu Bracelet","Ice Cream","Oddly Smooth Stone","Bottled Lightning","Snecko Eye","Vajra","Bag of Marbles","Red Mask","Lantern","Mercury Hourglass"],"potions_floor_usage":[41,50],"damage_taken":[{"damage":1.0,"enemies":"2 Louse","floor":1.0,"turns":2.0},{"damage":0.0,"enemies":"Small Slimes","floor":2.0,"turns":2.0},{"damage":0.0,"enemies":"Cultist","floor":5.0,"turns":3.0},{"damage":10.0,"enemies":"Lagavulin","floor":6.0,"turns":5.0},{"damage":6.0,"enemies":"Gremlin Nob","floor":8.0,"turns":3.0},{"damage":15.0,"enemies":"3 Sentries","floor":10.0,"turns":3.0},{"damage":0.0,"enemies":"Large Slime","floor":12.0,"turns":3.0},{"damage":0.0,"enemies":"2 Fungi Beasts","floor":13.0,"turns":3.0},{"damage":0.0,"enemies":"Exordium Wildlife","floor":14.0,"turns":3.0},{"damage":44.0,"enemies":"Hexaghost","floor":16.0,"turns":11.0},{"damage":16.0,"enemies":"2 Thieves","floor":18.0,"turns":3.0},{"damage":0.0,"enemies":"Spheric Guardian","floor":19.0,"turns":2.0},{"damage":3.0,"enemies":"Snake Plant","floor":21.0,"turns":4.0},{"damage":20.0,"enemies":"Book of Stabbing","floor":24.0,"turns":4.0},{"damage":27.0,"enemies":"Slavers","floor":27.0,"turns":3.0},{"damage":14.0,"enemies":"Centurion and Healer","floor":28.0,"turns":3.0},{"damage":2.0,"enemies":"Sentry and Sphere","floor":30.0,"turns":3.0},{"damage":30.0,"enemies":"Gremlin Leader","floor":31.0,"turns":4.0},{"damage":27.0,"enemies":"Collector","floor":33.0,"turns":7.0},{"damage":34.0,"enemies":"3 Darklings","floor":35.0,"turns":3.0},{"damage":6.0,"enemies":"Orb Walker","floor":38.0,"turns":3.0},{"damage":0.0,"enemies":"Sphere and 2 Shapes","floor":39.0,"turns":4.0},{"damage":0,"enemies":"Nemesis","floor":41,"turns":7},{"damage":22,"enemies":"Flame Bruiser 2 Orb","floor":44,"turns":4},{"damage":0,"enemies":"Giant Head","floor":46,"turns":9},{"damage":57,"enemies":"2 Orb Walkers","floor":48,"turns":4},{"damage":53,"enemies":"Time Eater","floor":50,"turns":7}],"seed_played":"8950222663184306123","potions_obtained":[{"floor":1.0,"key":"EssenceOfSteel"},{"floor":2.0,"key":"SkillPotion"},{"floor":5.0,"key":"PowerPotion"},{"floor":6.0,"key":"Fruit Juice"},{"floor":16.0,"key":"SkillPotion"},{"floor":18.0,"key":"LiquidBronze"},{"floor":19.0,"key":"Block Potion"},{"floor":27.0,"key":"PowerPotion"},{"floor":30.0,"key":"Poison Potion"},{"floor":33.0,"key":"FairyPotion"},{"floor":39.0,"key":"Block Potion"},{"floor":41,"key":"Poison Potion"},{"floor":46,"key":"FairyPotion"}],"is_trial":false,"path_per_floor":["M","M","$","?","M","E","?","E","T","E","R","M","M","M","R","B",null,"M","M","?","M","?","R","E","R","T","E","M","$","M","E","R","B",null,"M","?","?","M","M","R","E","R","T","M","?","E","R","E","R","B"],"character_chosen":"DEFECT","items_purchased":["Loop","Ice Cream","Oddly Smooth Stone"],"campfire_rested":7,"item_purchase_floors":[3,29,29],"current_hp_per_floor":[88,88,88,88,88,78,71,70,70,57,57,59,61,63,63,21,94,78,80,80,79,79,94,74,94,94,67,55,55,55,27,55,37,94,60,50,41,37,39,67,69,94,94,72,72,74,94,44,72,21],"gold":63,"neow_bonus":"TWENTY_PERCENT_HP_BONUS","is_prod":false,"is_daily":false,"chose_seed":false,"campfire_upgraded":2,"win_rate":0,"timestamp":1534468940,"path_taken":["M","M","$","?","M","E","?","E","T","E","R","M","?","M","R","BOSS","M","M","?","?","?","R","E","R","T","E","M","$","M","E","R","BOSS","M","?","?","M","M","R","E","R","T","M","?","E","R","E","R","BOSS"],"build_version":"2018-08-09","purchased_purges":1,"victory":true,"max_hp_per_floor":[89,89,89,89,89,89,89,94,94,94,94,94,94,94,94,94,94,94,94,94,94,94,94,94,94,94,94,94,94,94,94,94,94,94,94,94,94,94,94,94,94,94,94,94,94,94,94,94,94,94],"card_choices":[{"not_picked":["Force Field","Sunder"],"picked":"Static Discharge","floor":1.0},{"not_picked":["Barrage","Reinforced Body"],"picked":"Chaos","floor":2.0},{"not_picked":["Coolheaded","Recycle"],"picked":"Leap","floor":5.0},{"not_picked":["Ball Lightning","Recycle"],"picked":"Rainbow","floor":6.0},{"not_picked":["FTL","Static Discharge"],"picked":"Electrodynamics","floor":8.0},{"not_picked":["Go for the Eyes","Leap"],"picked":"Auto Shields","floor":10.0},{"not_picked":["Beam Cell","Leap"],"picked":"Loop","floor":12.0},{"not_picked":["Streamline","Rip and Tear"],"picked":"Force Field","floor":13.0},{"not_picked":["Steam Power","Rebound"],"picked":"Redo","floor":14.0},{"not_picked":["Machine Learning","Meteor Strike"],"picked":"Core Surge","floor":16.0},{"not_picked":["Cold Snap+1","Genetic Algorithm"],"picked":"Barrage+1","floor":18.0},{"not_picked":["Recycle","Darkness"],"picked":"Defragment","floor":19.0},{"not_picked":["Cold Snap","Beam Cell"],"picked":"Hologram","floor":21.0},{"not_picked":["Heatsinks+1","Steam Power"],"picked":"Amplify","floor":24.0},{"not_picked":["Rebound+1","Streamline"],"picked":"Reprogram+1","floor":25.0},{"not_picked":["Scrape","Steam Power"],"picked":"Static Discharge+1","floor":27.0},{"not_picked":["Stack","Gash+1","Hologram"],"picked":"SKIP","floor":28.0},{"not_picked":["Steam","Redo"],"picked":"White Noise+1","floor":30.0},{"not_picked":["Force Field+1","Sunder"],"picked":"Loop+1","floor":31.0},{"not_picked":["Electrodynamics+1","Seek"],"picked":"Buffer+1","floor":33.0},{"not_picked":["Cold Snap","Turbo+1"],"picked":"Defragment+1","floor":35.0},{"not_picked":["Good Instincts","Dramatic Entrance"],"picked":"Master of Strategy","floor":36.0},{"not_picked":["Blind","Panacea"],"picked":"Panache+1","floor":36.0},{"not_picked":["Recycle","Cold Snap","Barrage"],"picked":"SKIP","floor":38.0},{"not_picked":["Genetic Algorithm","Sweeping Beam"],"picked":"Conserve Battery+1","floor":39.0},{"not_picked":["Gash","Steam Power"],"picked":"All For One","floor":41},{"not_picked":["FTL+1","Coolheaded+1"],"picked":"Conserve Battery+1","floor":42},{"not_picked":["Compile Driver","Glacier+1"],"picked":"Fusion","floor":44},{"not_picked":["Stack","Conserve Battery"],"picked":"Lockon+1","floor":46},{"not_picked":["Streamline","Steam Power"],"picked":"Double Energy+1","floor":48},{"not_picked":["BootSequence+1","Genetic Algorithm"],"picked":"Turbo+1","floor":49}],"player_experience":200794,"relics_obtained":[{"floor":6.0,"key":"Bag of Preparation"},{"floor":8.0,"key":"Happy Flower"},{"floor":9.0,"key":"Blood Vial"},{"floor":10.0,"key":"Cables"},{"floor":24.0,"key":"Dream Catcher"},{"floor":26.0,"key":"Boot"},{"floor":27.0,"key":"Juzu Bracelet"},{"floor":31.0,"key":"Bottled Lightning"},{"floor":41,"key":"Vajra"},{"floor":43,"key":"Bag of Marbles"},{"floor":46,"key":"Lantern"},{"floor":48,"key":"Mercury Hourglass"}],"event_choices":[{"event_name":"Living Wall","player_choice":"Grow","floor":4.0,"damage_taken":0.0},{"event_name":"Golden Wing","player_choice":"Card Removal","floor":7.0,"damage_taken":0.0},{"event_name":"The Mausoleum","player_choice":"Yes","floor":20.0,"damage_taken":0.0},{"event_name":"Upgrade Shrine","player_choice":"Upgraded","floor":22.0,"damage_taken":0.0},{"event_name":"SensoryStone","player_choice":"Memory 3","floor":36.0,"damage_taken":0.0},{"event_name":"Wheel of Change","player_choice":"Damage","floor":37.0,"damage_taken":0.0},{"event_name":"Tomb of Lord Red Mask","player_choice":"Paid","floor":45,"damage_taken":0}],"is_beta":false,"boss_relics":[{"not_picked":["Tiny House","Runic Dome"],"picked":"Fusion Hammer"},{"not_picked":["Orrery","Velvet Choker"],"picked":"Snecko Eye"}],"items_purged_floors":[3],"is_endless":false,"potions_floor_spawned":[1,2,5,6,16,18,19,27,30,33,39,41,46],"ascension_level":4}