{"gold_per_floor":[112,129,0,0,18,31,45,45,45,45],"floor_reached":10,"playtime":764,"items_purged":["Defend_R"],"score":120,"play_id":"e9199d61-c6ee-4ae6-801a-66ad67a30573","local_time":"20190102170352","is_ascension_mode":true,"campfire_choices":[{"data":"Clothesline","floor":8,"key":"SMITH"}],"neow_cost":"","seed_source_timestamp":0,"circlet_count":0,"master_deck":["AscendersBane","Strike_R","Strike_R","Strike_R","Strike_R","Strike_R","Defend_R","Defend_R","Defend_R","Bash","Shrug It Off","Disarm","Clothesline+1","Shrug It Off","Cleave"],"special_seed":0,"relics":["Burning Blood","CultistMask","Matryoshka"],"potions_floor_usage":[],"damage_taken":[{"damage":4.0,"enemies":"2 Louse","floor":1.0,"turns":4.0},{"damage":1.0,"enemies":"Cultist","floor":2.0,"turns":4.0},{"damage":14,"enemies":"Jaw Worm","floor":5,"turns":4},{"damage":25,"enemies":"Red Slaver","floor":6,"turns":5},{"damage":20,"enemies":"Exordium Thugs","floor":7,"turns":8},{"damage":0,"enemies":"Gremlin Nob","floor":10,"turns":1}],"seed_played":"2769519861655081918","potions_obtained":[{"floor":5,"key":"Dexterity Potion"},{"floor":7,"key":"Strength Potion"}],"is_trial":true,"path_per_floor":["M","M","M","$","?","M","M","M","R","T","E"],"character_chosen":"IRONCLAD","items_purchased":["AttackPotion"],"campfire_rested":0,"item_purchase_floors":[3],"current_hp_per_floor":[70,75,75,75,67,48,34,34,34,34],"gold":45,"neow_bonus":"","is_prod":false,"is_daily":false,"chose_seed":true,"campfire_upgraded":1,"win_rate":0,"timestamp":1546466632,"path_taken":["M","M","$","?","?","M","M","R","T","E"],"build_version":"2018-12-20","purchased_purges":1,"victory":false,"max_hp_per_floor":[75,75,75,75,75,75,75,75,75,75],"card_choices":[{"not_picked":["True Grit","Thunderclap"],"picked":"Shrug It Off","floor":1.0},{"not_picked":["Sever Soul","Iron Wave"],"picked":"Disarm","floor":2},{"not_picked":["Heavy Blade","Iron Wave"],"picked":"Clothesline","floor":5},{"not_picked":["Rage","Pummel","Shrug It Off"],"picked":"SKIP","floor":6},{"not_picked":["Rage","Pummel"],"picked":"Shrug It Off","floor":6},{"not_picked":["Sword Boomerang","Burning Pact"],"picked":"Cleave","floor":7}],"player_experience":488327,"relics_obtained":[{"floor":9,"key":"Matryoshka"}],"event_choices":[{"damage_healed":0,"gold_gain":0,"player_choice":"Trade","damage_taken":0,"relics_obtained":["CultistMask"],"max_hp_gain":0,"max_hp_loss":0,"event_name":"FaceTrader","floor":4,"gold_loss":0}],"is_beta":false,"boss_relics":[],"items_purged_floors":[3],"is_endless":false,"potions_floor_spawned":[5,7],"killed_by":"Gremlin Nob","ascension_level":20}