{"gold_per_floor":[113,113,124,136,136,136,8,8,8,8,28,28,43,56,56,133,133,150,169,169,169,231,243,266,278,290,312,324,28,41,57,57,57],"floor_reached":33,"playtime":1757,"items_purged":["Strike_G"],"score":454,"play_id":"126ff2dc-b4e8-40a6-9783-7a2cf2542efe","local_time":"20190130233358","is_ascension_mode":true,"campfire_choices":[{"data":"Sucker Punch","floor":6.0,"key":"SMITH"},{"data":"Neutralize","floor":8.0,"key":"SMITH"},{"data":"Quick Slash","floor":10.0,"key":"SMITH"},{"data":"Distraction","floor":15.0,"key":"SMITH"},{"data":"Malaise","floor":23.0,"key":"SMITH"},{"data":"Corpse Explosion","floor":25.0,"key":"SMITH"},{"data":"Blur","floor":28.0,"key":"SMITH"},{"data":"Footwork","floor":32.0,"key":"SMITH"}],"neow_cost":"NONE","seed_source_timestamp":321208736577035,"circlet_count":0,"master_deck":["AscendersBane","Defend_G","Defend_G","Defend_G","Defend_G","Defend_G","Strike_G","Strike_G","Strike_G","Survivor","Neutralize+1","Unload","Sucker Punch+1","Eviscerate","Backstab","Quick Slash+1","Distraction+1","Corpse Explosion+1","Deadly Poison","Malaise+1","Backflip","Blur+1","Writhe","Deflect","Footwork+1"],"special_seed":0,"relics":["Ring of the Snake","Ninja Scroll","Art of War","Eternal Feather","MutagenicStrength","MawBank","Singing Bowl","ClockworkSouvenir"],"potions_floor_usage":[33,33],"damage_taken":[{"damage":0.0,"enemies":"Jaw Worm","floor":1.0,"turns":3.0},{"damage":0.0,"enemies":"Cultist","floor":3.0,"turns":3.0},{"damage":0.0,"enemies":"Small Slimes","floor":4.0,"turns":2.0},{"damage":0.0,"enemies":"Exordium Thugs","floor":11.0,"turns":4.0},{"damage":0.0,"enemies":"3 Louse","floor":13.0,"turns":4.0},{"damage":16.0,"enemies":"Exordium Wildlife","floor":14.0,"turns":4.0},{"damage":24.0,"enemies":"The Guardian","floor":16.0,"turns":9.0},{"damage":18.0,"enemies":"Shell Parasite","floor":18.0,"turns":8.0},{"damage":0.0,"enemies":"3 Byrds","floor":19.0,"turns":2.0},{"damage":9.0,"enemies":"Snake Plant","floor":24.0,"turns":5.0},{"damage":7.0,"enemies":"Snecko","floor":27.0,"turns":5.0},{"damage":0.0,"enemies":"3 Cultists","floor":30.0,"turns":6.0},{"damage":4.0,"enemies":"Cultist and Chosen","floor":31.0,"turns":7.0},{"damage":84,"enemies":"Automaton","floor":33,"turns":12}],"seed_played":"-8807137155009611024","potions_obtained":[{"floor":3.0,"key":"LiquidBronze"},{"floor":4.0,"key":"Poison Potion"},{"floor":14.0,"key":"Fire Potion"},{"floor":16.0,"key":"GamblersBrew"},{"floor":24.0,"key":"PowerPotion"},{"floor":30.0,"key":"Fire Potion"}],"is_trial":false,"path_per_floor":["M","?","M","M","?","R","$","R","T","R","M","$","M","M","R","B",null,"M","M","?","?","?","R","M","R","T","M","R","$","M","M","R","B"],"character_chosen":"THE_SILENT","items_purchased":["Quick Slash","Footwork","ClockworkSouvenir"],"campfire_rested":0,"item_purchase_floors":[7,29,29],"current_hp_per_floor":[59,59,59,59,59,59,59,59,59,59,59,59,59,43,43,19,54,36,36,36,36,36,48,39,51,51,44,56,56,58,56,70,0],"gold":57,"neow_bonus":"ONE_RANDOM_RARE_CARD","is_prod":false,"is_daily":false,"chose_seed":false,"campfire_upgraded":8,"win_rate":0,"timestamp":1548909238,"path_taken":["M","?","?","M","?","R","$","R","T","R","M","?","M","M","R","BOSS","M","M","?","?","?","R","?","R","T","M","R","$","M","M","R","BOSS"],"build_version":"2019-01-23","purchased_purges":1,"victory":false,"max_hp_per_floor":[66,66,66,66,66,66,66,66,66,66,66,66,66,66,66,66,66,66,66,66,66,66,66,66,66,66,66,66,66,68,70,70,70],"card_choices":[{"not_picked":["Blade Dance","Deflect"],"picked":"Backflip","floor":1.0},{"not_picked":["Calculated Gamble","Deadly Poison"],"picked":"Sucker Punch","floor":3.0},{"not_picked":["Expertise","Bane"],"picked":"Eviscerate","floor":4.0},{"not_picked":["Underhanded Strike","Bane"],"picked":"Distraction","floor":11.0},{"not_picked":["Sucker Punch","Masterful Stab"],"picked":"Corpse Explosion","floor":13.0},{"not_picked":["Crippling Poison","All Out Attack"],"picked":"Deadly Poison","floor":14.0},{"not_picked":["Glass Knife","Burst"],"picked":"Malaise","floor":16.0},{"not_picked":["Slice","Dagger Throw+1"],"picked":"Backflip","floor":18.0},{"not_picked":["Deflect","Dagger Throw"],"picked":"Blur","floor":19.0},{"not_picked":["Quick Slash","Acrobatics","Poisoned Stab"],"picked":"SKIP","floor":24.0},{"not_picked":["Calculated Gamble","All Out Attack"],"picked":"Deflect","floor":27.0},{"not_picked":["Calculated Gamble","Concentrate","Underhanded Strike"],"picked":"Singing Bowl","floor":30.0},{"not_picked":["Dagger Throw+1","Poisoned Stab","Quick Slash+1"],"picked":"Singing Bowl","floor":31.0}],"player_experience":608931,"relics_obtained":[{"floor":9.0,"key":"Art of War"},{"floor":26.0,"key":"Singing Bowl"}],"event_choices":[{"cards_removed":["Backflip"],"damage_healed":0.0,"max_hp_gain":0.0,"max_hp_loss":0.0,"gold_gain":0.0,"event_name":"WeMeetAgain","player_choice":"Gave Card","floor":2.0,"gold_loss":0.0,"damage_taken":0.0,"relics_obtained":["Ninja Scroll"]},{"damage_healed":0.0,"max_hp_gain":0.0,"max_hp_loss":0.0,"gold_gain":0.0,"cards_transformed":["Strike_G"],"event_name":"Living Wall","player_choice":"Change","floor":5.0,"gold_loss":0.0,"damage_taken":0.0,"cards_obtained":["Backstab"]},{"damage_healed":0.0,"max_hp_gain":0.0,"max_hp_loss":0.0,"gold_gain":0.0,"event_name":"Drug Dealer","player_choice":"Inject Mutagens","floor":20.0,"gold_loss":0.0,"damage_taken":0.0,"relics_obtained":["MutagenicStrength"]},{"damage_healed":0.0,"max_hp_gain":0.0,"max_hp_loss":0.0,"gold_gain":0.0,"event_name":"The Mausoleum","player_choice":"Opened","floor":21.0,"gold_loss":0.0,"damage_taken":0.0,"relics_obtained":["MawBank"],"cards_obtained":["Writhe"]},{"damage_healed":0.0,"max_hp_gain":0.0,"max_hp_loss":0.0,"gold_gain":100.0,"event_name":"The Joust","player_choice":"Bet on Murderer","floor":22.0,"gold_loss":50.0,"damage_taken":0.0}],"is_beta":false,"boss_relics":[{"not_picked":["Tiny House","Runic Pyramid"],"picked":"Eternal Feather"}],"items_purged_floors":[7],"is_endless":false,"potions_floor_spawned":[3,4,13,14,16,24,30],"killed_by":"Automaton","ascension_level":18}