{"gold_per_floor":[114,114,114,129,144,144,159,159,159,189,204,234,234,249,249,349,399,414,414,62,62,62,92,107,137,212,212,227,242,257,272,272,372,372,387,12,12,27,0,30,45,75,155,170,170,170,8,23,23,23],"floor_reached":51,"playtime":4315,"items_purged":[],"score":909,"play_id":"1a2f61f9-f45f-4196-bddd-67a6f982b674","local_time":"20180802224606","daily_mods":["Heirloom","Time Dilation","Night Terrors"],"is_ascension_mode":false,"campfire_choices":[{"data":"Strike_G","floor":6.0,"key":"PURGE"},{"data":"Defend_G","floor":8.0,"key":"PURGE"},{"data":"Strike_G","floor":15.0,"key":"PURGE"},{"floor":32.0,"key":"REST"},{"data":"Infinite Blades","floor":45.0,"key":"SMITH"},{"floor":49.0,"key":"REST"}],"neow_cost":"","seed_source_timestamp":0,"circlet_count":0,"master_deck":["Defend_G","Defend_G","Defend_G","Strike_G+1","Survivor","Neutralize","Cloak And Dagger","Accuracy","Poisoned Stab+1","Unload","Sucker Punch","Cloak And Dagger","After Image","Blade Dance","Flying Knee","Envenom","Poisoned Stab","Distraction+1","Blade Dance","Tactician+1","Writhe","Dagger Throw","Finisher","Blade Dance+1","RitualDagger","Catalyst+1","Outmaneuver+1","Backstab","Infinite Blades+1","Phantasmal Killer+1","Reflex+1","Deadly Poison+1","Bane","Blade Dance+1","Venomology+1","A Thousand Cuts","Catalyst+1","Cloak And Dagger+1","Prepared+1"],"special_seed":17746,"relics":["Ring of the Snake","Peace Pipe","Ornamental Fan","Orichalcum","Snake Skull","Tiny House","Toxic Egg 2","Gremlin Horn","Shuriken","StoneCalendar","Darkstone Periapt","Runic Pyramid","ClockworkSouvenir","Anchor","The Courier","Red Mask","Pear","Pen Nib","Tiny Chest","Boot"],"potions_floor_usage":[50,50],"damage_taken":[{"damage":0.0,"enemies":"2 Louse","floor":1.0,"turns":3.0},{"damage":0.0,"enemies":"Small Slimes","floor":4.0,"turns":3.0},{"damage":0.0,"enemies":"Jaw Worm","floor":5.0,"turns":3.0},{"damage":3.0,"enemies":"2 Fungi Beasts","floor":7.0,"turns":4.0},{"damage":12.0,"enemies":"Gremlin Nob","floor":10.0,"turns":4.0},{"damage":0.0,"enemies":"Large Slime","floor":11.0,"turns":6.0},{"damage":0.0,"enemies":"Lagavulin","floor":12.0,"turns":8.0},{"damage":3.0,"enemies":"3 Louse","floor":14.0,"turns":4.0},{"damage":0.0,"enemies":"The Guardian","floor":16.0,"turns":11.0},{"damage":0.0,"enemies":"Shell Parasite","floor":18.0,"turns":6.0},{"damage":0.0,"enemies":"Gremlin Leader","floor":23.0,"turns":5.0},{"damage":0.0,"enemies":"2 Thieves","floor":24.0,"turns":3.0},{"damage":16.0,"enemies":"Book of Stabbing","floor":25.0,"turns":5.0},{"damage":13.0,"enemies":"Centurion and Healer","floor":28.0,"turns":4.0},{"damage":0.0,"enemies":"Snecko","floor":29.0,"turns":3.0},{"damage":23.0,"enemies":"Snake Plant","floor":30.0,"turns":4.0},{"damage":0.0,"enemies":"Centurion and Healer","floor":31.0,"turns":5.0},{"damage":23.0,"enemies":"Collector","floor":33.0,"turns":7.0},{"damage":0.0,"enemies":"Flame Bruiser 1 Orb","floor":35.0,"turns":3.0},{"damage":0.0,"enemies":"3 Darklings","floor":38.0,"turns":3.0},{"damage":11.0,"enemies":"2 Orb Walkers","floor":40.0,"turns":4.0},{"damage":16.0,"enemies":"Sphere and 2 Shapes","floor":41.0,"turns":4.0},{"damage":0.0,"enemies":"Giant Head","floor":42.0,"turns":6.0},{"damage":18.0,"enemies":"Maw","floor":44.0,"turns":5.0},{"damage":0.0,"enemies":"Transient","floor":48.0,"turns":5.0},{"damage":52,"enemies":"Donu and Deca","floor":50,"turns":7}],"seed_played":"1315967547394537302","potions_obtained":[{"floor":7.0,"key":"GhostInAJar"},{"floor":11.0,"key":"SneckoOil"},{"floor":12.0,"key":"Strength Potion"},{"floor":14.0,"key":"Block Potion"},{"floor":16.0,"key":"Energy Potion"},{"floor":17.0,"key":"Fire Potion"},{"floor":23.0,"key":"AttackPotion"},{"floor":28.0,"key":"Block Potion"},{"floor":30.0,"key":"LiquidBronze"},{"floor":31.0,"key":"Energy Potion"},{"floor":38.0,"key":"Regen Potion"},{"floor":40.0,"key":"AttackPotion"},{"floor":41.0,"key":"PowerPotion"},{"floor":48.0,"key":"GamblersBrew"}],"is_trial":false,"path_per_floor":["M","?","?","M","M","R","M","R","T","E","M","E","?","M","R","B",null,"M","?","$","?","?","E","M","E","T","?","M","M","M","M","R","B",null,"M","$","?","M","?","E","M","E","T","M","R","?","$","M","R","B"],"character_chosen":"THE_SILENT","items_purchased":["Blade Dance","Toxic Egg 2","Tactician+1","ClockworkSouvenir","Anchor","Deadly Poison+1","Cloak And Dagger+1","Boot"],"campfire_rested":2,"item_purchase_floors":[20,20,20,36,36,36,47,47],"current_hp_per_floor":[70,56,56,56,56,56,53,53,53,41,41,41,34,31,31,31,75,75,61,61,61,61,61,61,45,45,39,26,26,3,3,75,52,75,75,75,75,75,75,74,63,63,63,45,45,45,45,45,80,28],"gold":23,"neow_bonus":"","is_prod":false,"is_daily":true,"chose_seed":false,"campfire_upgraded":1,"win_rate":0,"timestamp":1533264366,"path_taken":["M","?","?","M","M","R","M","R","T","E","M","E","?","M","R","BOSS","M","?","$","?","?","E","?","E","T","?","?","?","?","M","R","BOSS","M","$","?","M","?","E","M","E","T","M","R","?","$","M","R","BOSS"],"build_version":"2018-08-02","purchased_purges":0,"victory":true,"max_hp_per_floor":[70,70,70,70,70,70,70,70,70,70,70,70,70,70,70,70,75,75,80,80,80,80,80,80,80,80,80,80,80,80,80,75,75,75,75,75,75,75,75,85,85,85,85,85,85,85,85,85,80,80],"card_choices":[{"not_picked":["PiercingWail","Backflip"],"picked":"Cloak And Dagger","floor":1.0},{"not_picked":["Outmaneuver","Calculated Gamble"],"picked":"Poisoned Stab","floor":4.0},{"not_picked":["Flechettes","Dodge and Roll"],"picked":"Unload","floor":5.0},{"not_picked":["Reflex","Acrobatics"],"picked":"Sucker Punch","floor":7.0},{"not_picked":["Dagger Throw","Heel Hook"],"picked":"Cloak And Dagger","floor":10.0},{"not_picked":["Bouncing Flask","Well Laid Plans"],"picked":"After Image","floor":11.0},{"not_picked":["Eviscerate","Acrobatics"],"picked":"Blade Dance","floor":12.0},{"not_picked":["PiercingWail","Acrobatics"],"picked":"Flying Knee","floor":14.0},{"not_picked":["Night Terror","Bullet Time"],"picked":"Envenom","floor":16.0},{"not_picked":["Caltrops","Dash"],"picked":"Poisoned Stab","floor":17.0},{"not_picked":["Crippling Poison","Sucker Punch"],"picked":"Distraction+1","floor":18.0},{"not_picked":["Poisoned Stab","Heel Hook"],"picked":"Dagger Throw","floor":23.0},{"not_picked":["Flying Knee","Poisoned Stab"],"picked":"Finisher","floor":24.0},{"not_picked":["Heel Hook","Dagger Throw"],"picked":"Blade Dance+1","floor":25.0},{"not_picked":["Flying Knee","Concentrate+1"],"picked":"Catalyst+1","floor":28.0},{"not_picked":["Predator","Bullet Time+1"],"picked":"Outmaneuver+1","floor":29.0},{"not_picked":["Dagger Spray","Acrobatics+1"],"picked":"Backstab","floor":30.0},{"not_picked":["Escape Plan+1","Reflex+1"],"picked":"Infinite Blades","floor":31.0},{"not_picked":["Venomology+1","Envenom"],"picked":"Phantasmal Killer+1","floor":33.0},{"not_picked":["Outmaneuver+1","Slice"],"picked":"Reflex+1","floor":35.0},{"not_picked":["Bouncing Flask+1","PiercingWail+1"],"picked":"Bane","floor":38.0},{"not_picked":["Quick Slash","Eviscerate+1"],"picked":"Blade Dance+1","floor":40.0},{"not_picked":["Bouncing Flask+1","Slice"],"picked":"Venomology+1","floor":41.0},{"not_picked":["Outmaneuver+1","Prepared+1"],"picked":"A Thousand Cuts","floor":42.0},{"not_picked":["PiercingWail+1","Dagger Spray+1"],"picked":"Catalyst+1","floor":44.0},{"not_picked":["PiercingWail+1","Poisoned Stab+1"],"picked":"Prepared+1","floor":48.0}],"player_experience":160862,"relics_obtained":[{"floor":9.0,"key":"Ornamental Fan"},{"floor":10.0,"key":"Orichalcum"},{"floor":12.0,"key":"Snake Skull"},{"floor":23.0,"key":"Shuriken"},{"floor":25.0,"key":"StoneCalendar"},{"floor":26.0,"key":"Darkstone Periapt"},{"floor":40.0,"key":"Pear"},{"floor":42.0,"key":"Pen Nib"},{"floor":43.0,"key":"Tiny Chest"}],"event_choices":[{"event_name":"Shining Light","player_choice":"Entered Light","floor":2.0,"damage_taken":0.0},{"event_name":"Living Wall","player_choice":"Change","floor":3.0,"damage_taken":0.0},{"event_name":"Golden Wing","player_choice":"Card Removal","floor":13.0,"damage_taken":0.0},{"event_name":"Forgotten Altar","player_choice":"Shed Blood","floor":19.0,"damage_taken":0.0},{"event_name":"The Mausoleum","player_choice":"Yes","floor":21.0,"damage_taken":0.0},{"event_name":"N\u0027loth","player_choice":"Ignored","floor":22.0,"damage_taken":0.0},{"event_name":"Nest","player_choice":"Joined the Cult","floor":27.0,"damage_taken":0.0},{"event_name":"Wheel of Change","player_choice":"Relic","floor":37.0,"damage_taken":0.0},{"event_name":"Tomb of Lord Red Mask","player_choice":"Paid","floor":39.0,"damage_taken":0.0},{"event_name":"Falling","player_choice":"Removed Skill","floor":46.0,"damage_taken":0.0}],"is_beta":false,"boss_relics":[{"not_picked":["Lizard Tail","Ectoplasm"],"picked":"Tiny House"},{"not_picked":["Pandora\u0027s Box","Philosopher\u0027s Stone"],"picked":"Runic Pyramid"}],"items_purged_floors":[],"is_endless":false,"potions_floor_spawned":[7,11,12,14,16,23,28,30,31,38,40,41,48],"ascension_level":0}