{"gold_per_floor":[119,119,119,14,14,14,49,64,64,64,39,39,62,37,37,131,131,156,46,65,80,130,130,130,130,130,89,89,120,20,20,20,92,92,111,111,81,81,100,100,100,111,111,131,6,20,20,20,20,20,20,20,20,46,46],"floor_reached":55,"playtime":2194,"items_purged":["Strike_B","Strike_B","Decay"],"score":1321,"play_id":"a9c1f469-eca0-4fbb-b16e-e8f3aceac565","local_time":"20190324052649","is_ascension_mode":true,"campfire_choices":[{"data":"Zap","floor":6.0,"key":"SMITH"},{"data":"Beam Cell","floor":10.0,"key":"SMITH"},{"floor":15.0,"key":"REST"},{"floor":23.0,"key":"REST"},{"floor":32.0,"key":"REST"},{"floor":40.0,"key":"REST"},{"floor":47,"key":"REST"},{"floor":49,"key":"RECALL"},{"floor":52,"key":"REST"}],"neow_cost":"NONE","seed_source_timestamp":1164170897050312,"circlet_count":0,"master_deck":["AscendersBane","Strike_B+1","Defend_B","Defend_B","Defend_B","Defend_B","Zap+1","Dualcast+1","Streamline+1","Ball Lightning","Beam Cell+1","Gash","Gash","Gash","Seek","Go for the Eyes","BootSequence","Gash","White Noise","Go for the Eyes","All For One","Go for the Eyes","Hologram","Decay","Gash","Conserve Battery"],"special_seed":0,"relics":["Cracked Core","NeowsBlessing","Bloody Idol","Centennial Puzzle","Boot","Bottled Flame","FaceOfCleric","Fusion Hammer","Unceasing Top","Pear","Regal Pillow","Sozu","Pen Nib"],"potions_floor_usage":[],"damage_taken":[{"damage":0.0,"enemies":"Small Slimes","floor":1.0,"turns":1.0},{"damage":0.0,"enemies":"Gremlin Nob","floor":7.0,"turns":1.0},{"damage":0.0,"enemies":"Jaw Worm","floor":8.0,"turns":1.0},{"damage":0.0,"enemies":"2 Louse","floor":13.0,"turns":2.0},{"damage":24.0,"enemies":"The Guardian","floor":16.0,"turns":8.0},{"damage":1.0,"enemies":"Spheric Guardian","floor":18.0,"turns":3.0},{"damage":2.0,"enemies":"3 Byrds","floor":20.0,"turns":4.0},{"damage":24.0,"enemies":"Centurion and Healer","floor":21.0,"turns":4.0},{"damage":21.0,"enemies":"Slavers","floor":29.0,"turns":4.0},{"damage":47.0,"enemies":"Automaton","floor":33.0,"turns":8.0},{"damage":16.0,"enemies":"3 Darklings","floor":35.0,"turns":4.0},{"damage":8.0,"enemies":"3 Shapes","floor":39.0,"turns":2.0},{"damage":10,"enemies":"Spire Growth","floor":42,"turns":3},{"damage":23,"enemies":"Maw","floor":44,"turns":4},{"damage":0,"enemies":"Jaw Worm Horde","floor":46,"turns":2},{"damage":48,"enemies":"Awakened One","floor":50,"turns":6},{"damage":43,"enemies":"Shield and Spear","floor":54,"turns":4},{"damage":67,"enemies":"The Heart","floor":55,"turns":2}],"seed_played":"-1675220775315499348","potions_obtained":[{"floor":13.0,"key":"PowerPotion"},{"floor":16.0,"key":"Fire Potion"},{"floor":29.0,"key":"Explosive Potion"}],"is_trial":false,"path_per_floor":["M","?","?","$","?","R","E","M","T","R","$","?","M","$","R","B",null,"M","?","M","M","?","R","T","?","T","$","?","E","$","?","R","B",null,"M","?","$","?","M","R","?","M","T","M","$","M","R","?","R","B",null,"R","$","E","B"],"character_chosen":"DEFECT","items_purchased":["Streamline","Gash","Gash","White Noise","Hologram"],"campfire_rested":6,"item_purchase_floors":[4,11,14,27,37],"current_hp_per_floor":[64,64,45,45,19,19,19,19,19,19,19,19,20,20,39,16,54,54,54,53,30,30,50,50,50,60,60,60,45,45,45,80,39,71,61,61,61,61,59,83,83,79,79,62,62,68,86,82,82,35,71,83,83,46,0],"gold":46,"neow_bonus":"THREE_ENEMY_KILL","is_prod":false,"is_daily":false,"chose_seed":false,"campfire_upgraded":2,"win_rate":0,"timestamp":1553423209,"path_taken":["M","?","?","$","?","R","E","M","T","R","$","?","?","?","R","BOSS","M","?","M","?","?","R","?","?","T","$","?","E","?","?","R","BOSS","M","?","$","?","?","R","?","?","T","M","?","?","R","?","R","BOSS","R","$","E","BOSS"],"build_version":"2019-01-23","purchased_purges":3,"victory":false,"max_hp_per_floor":[71,64,64,64,64,64,64,64,64,64,64,64,65,65,65,66,66,67,67,68,69,69,69,69,69,79,79,79,80,80,80,80,81,81,82,82,82,82,83,83,83,84,84,85,85,86,86,82,82,83,83,83,83,84,84],"card_choices":[{"not_picked":["Redo","Hologram","Compile Driver"],"picked":"SKIP","floor":1.0},{"not_picked":["Streamline","Turbo"],"picked":"Ball Lightning","floor":7.0},{"not_picked":["Coolheaded","Barrage"],"picked":"Beam Cell","floor":8.0},{"not_picked":["Go for the Eyes","Fission"],"picked":"Gash","floor":13.0},{"not_picked":["Fission","Buffer"],"picked":"Seek","floor":16.0},{"not_picked":["Fusion","Steam Power"],"picked":"Go for the Eyes","floor":18.0},{"not_picked":["Go for the Eyes","Steam"],"picked":"BootSequence","floor":20.0},{"not_picked":["Streamline","Scrape"],"picked":"Gash","floor":21.0},{"not_picked":["Rip and Tear","Stack"],"picked":"Go for the Eyes","floor":29.0},{"not_picked":["Seek","Amplify"],"picked":"All For One","floor":33.0},{"not_picked":["Recycle","Sweeping Beam"],"picked":"Go for the Eyes","floor":35.0},{"not_picked":["Redo","Coolheaded","Skim"],"picked":"SKIP","floor":39.0},{"not_picked":["Doom and Gloom","Capacitor","Rip and Tear"],"picked":"SKIP","floor":42},{"not_picked":["Go for the Eyes","Streamline+1"],"picked":"Gash","floor":44},{"not_picked":["Turbo","Stack+1","Coolheaded"],"picked":"SKIP","floor":46},{"not_picked":["Echo Form","Redo+1"],"picked":"Conserve Battery","floor":54}],"player_experience":641360,"relics_obtained":[{"floor":7.0,"key":"Boot"},{"floor":9.0,"key":"Bottled Flame"},{"floor":24.0,"key":"Unceasing Top"},{"floor":26.0,"key":"Pear"},{"floor":29.0,"key":"Regal Pillow"},{"floor":54,"key":"Pen Nib"}],"event_choices":[{"damage_healed":0.0,"max_hp_gain":0.0,"max_hp_loss":7.0,"gold_gain":0.0,"event_name":"Golden Idol","player_choice":"Lose Max HP","floor":2.0,"gold_loss":0.0,"damage_taken":0.0,"relics_obtained":["Golden Idol"]},{"damage_healed":0.0,"max_hp_gain":0.0,"max_hp_loss":0.0,"gold_gain":0.0,"event_name":"Shining Light","player_choice":"Entered Light","floor":3.0,"gold_loss":0.0,"damage_taken":19.0,"cards_upgraded":["Dualcast","Strike_B"]},{"damage_healed":0.0,"max_hp_gain":0.0,"max_hp_loss":0.0,"gold_gain":0.0,"event_name":"Scrap Ooze","player_choice":"Success","floor":5.0,"gold_loss":0.0,"damage_taken":26.0,"relics_obtained":["Centennial Puzzle"]},{"damage_healed":0.0,"max_hp_gain":0.0,"max_hp_loss":0.0,"gold_gain":0.0,"event_name":"FaceTrader","player_choice":"Trade","floor":12.0,"gold_loss":0.0,"damage_taken":0.0,"relics_obtained":["FaceOfCleric"]},{"cards_removed":["Strike_B"],"damage_healed":0.0,"max_hp_gain":0.0,"max_hp_loss":0.0,"gold_gain":0.0,"event_name":"Designer","player_choice":"Upgrade and Remove","floor":19.0,"gold_loss":110.0,"damage_taken":0.0,"cards_upgraded":["Streamline"]},{"damage_healed":0.0,"max_hp_gain":0.0,"max_hp_loss":0.0,"gold_gain":50.0,"event_name":"Nest","player_choice":"Stole From Cult","floor":22.0,"gold_loss":0.0,"damage_taken":0.0},{"damage_healed":0.0,"max_hp_gain":0.0,"max_hp_loss":0.0,"gold_gain":0.0,"event_name":"Ghosts","player_choice":"Ignored","floor":25.0,"gold_loss":0.0,"damage_taken":0.0},{"damage_healed":0.0,"max_hp_gain":0.0,"max_hp_loss":0.0,"gold_gain":0.0,"event_name":"Forgotten Altar","player_choice":"Gave Idol","floor":28.0,"relics_lost":["Golden Idol"],"gold_loss":0.0,"damage_taken":0.0,"relics_obtained":["Bloody Idol"]},{"damage_healed":0.0,"max_hp_gain":0.0,"max_hp_loss":0.0,"gold_gain":0.0,"event_name":"Wheel of Change","player_choice":"Cursed","floor":31.0,"gold_loss":0.0,"damage_taken":0.0,"cards_obtained":["Decay"]},{"damage_healed":0.0,"max_hp_gain":0.0,"max_hp_loss":0.0,"gold_gain":0.0,"event_name":"SensoryStone","player_choice":"Memory 1","floor":36.0,"gold_loss":0.0,"damage_taken":0.0},{"damage_healed":0.0,"max_hp_gain":0.0,"max_hp_loss":0.0,"gold_gain":0.0,"event_name":"Tomb of Lord Red Mask","player_choice":"Ignored","floor":38.0,"gold_loss":0.0,"damage_taken":0.0},{"damage_healed":0.0,"max_hp_gain":0.0,"max_hp_loss":0.0,"gold_gain":0.0,"event_name":"Wheel of Change","player_choice":"Cursed","floor":41.0,"gold_loss":0.0,"damage_taken":0.0,"cards_obtained":["Decay"]},{"damage_healed":0,"gold_gain":0,"player_choice":"Max HP","damage_taken":0,"max_hp_gain":0,"max_hp_loss":4,"event_name":"Winding Halls","floor":48,"gold_loss":0}],"is_beta":false,"boss_relics":[{"not_picked":["Calling Bell","Runic Dome"],"picked":"Fusion Hammer"},{"not_picked":["Philosopher\u0027s Stone","Tiny House"],"picked":"Sozu"}],"items_purged_floors":[4,30,45],"is_endless":false,"potions_floor_spawned":[13,16,29,35,44,54],"killed_by":"The Heart","ascension_level":19}