{"gold_per_floor":[114,131,131,4,21,21,36,36,36,36,47,60,60,75,75,152,152,166,166,186,28,41,41,41,41,120,134,150,3,3,22,22,93,93,103,116,167,73,89,89,102,102,102,118,134,0,0,11,11,11],"floor_reached":51,"playtime":3568,"items_purged":[],"score":1172,"play_id":"97374575-b0ee-44b5-8832-50be62ca0124","local_time":"20190102142523","is_ascension_mode":true,"campfire_choices":[{"data":"Zap","floor":6.0,"key":"SMITH"},{"data":"Deep Breath","floor":8.0,"key":"SMITH"},{"data":"Reboot","floor":10.0,"key":"SMITH"},{"data":"Skim","floor":13.0,"key":"SMITH"},{"floor":15.0,"key":"REST"},{"data":"Defragment","floor":23.0,"key":"SMITH"},{"data":"Hologram","floor":25.0,"key":"SMITH"},{"floor":32.0,"key":"REST"},{"floor":40.0,"key":"REST"},{"floor":42.0,"key":"REST"},{"floor":47.0,"key":"REST"},{"floor":49.0,"key":"REST"}],"neow_cost":"NONE","seed_source_timestamp":59492787702796,"circlet_count":0,"master_deck":["AscendersBane","Strike_B","Strike_B","Strike_B","Defend_B","Defend_B","Defend_B","Defend_B","Zap+1","Dualcast","Reboot+1","Gash","Gash","Gash","Deep Breath+1","Coolheaded","Compile Driver","Skim+1","Self Repair","Streamline","Reboot","Hologram+1","Coolheaded","All For One","Defragment+1","Gash","White Noise","Echo Form","Glacier","Core Surge","Reinforced Body","Coolheaded+1","Gash","Capacitor","Hologram+1","Consume+1","Glacier+1","Parasite"],"special_seed":0,"relics":["FrozenCore","Bag of Marbles","Bottled Flame","Sozu","MutagenicStrength","Gremlin Horn","StoneCalendar","Ornamental Fan","Red Mask"],"potions_floor_usage":[],"damage_taken":[{"damage":0.0,"enemies":"Cultist","floor":1.0,"turns":3.0},{"damage":12.0,"enemies":"Small Slimes","floor":2.0,"turns":3.0},{"damage":0.0,"enemies":"2 Louse","floor":5.0,"turns":2.0},{"damage":0.0,"enemies":"Gremlin Gang","floor":7.0,"turns":3.0},{"damage":0.0,"enemies":"Lots of Slimes","floor":11.0,"turns":1.0},{"damage":2.0,"enemies":"Red Slaver","floor":12.0,"turns":2.0},{"damage":22.0,"enemies":"Exordium Wildlife","floor":14.0,"turns":3.0},{"damage":0.0,"enemies":"Slime Boss","floor":16.0,"turns":4.0},{"damage":2.0,"enemies":"Chosen","floor":18.0,"turns":3.0},{"damage":4.0,"enemies":"Spheric Guardian","floor":20.0,"turns":3.0},{"damage":12.0,"enemies":"Snake Plant","floor":22.0,"turns":2.0},{"damage":12.0,"enemies":"Cultist and Chosen","floor":27.0,"turns":3.0},{"damage":33.0,"enemies":"Shelled Parasite and Fungi","floor":28.0,"turns":3.0},{"damage":19.0,"enemies":"Snecko","floor":31.0,"turns":5.0},{"damage":15.0,"enemies":"Collector","floor":33.0,"turns":7.0},{"damage":2.0,"enemies":"3 Shapes","floor":35.0,"turns":4.0},{"damage":5.0,"enemies":"Orb Walker","floor":36.0,"turns":6.0},{"damage":46.0,"enemies":"2 Orb Walkers","floor":37.0,"turns":7.0},{"damage":18.0,"enemies":"Transient","floor":39.0,"turns":5.0},{"damage":0.0,"enemies":"4 Shapes","floor":41.0,"turns":7.0},{"damage":0.0,"enemies":"Sphere and 2 Shapes","floor":44.0,"turns":3.0},{"damage":24.0,"enemies":"Transient","floor":45.0,"turns":5.0},{"damage":8.0,"enemies":"Writhing Mass","floor":48.0,"turns":6.0},{"damage":32,"enemies":"Awakened One","floor":50,"turns":10}],"seed_played":"1611623841961222265","potions_obtained":[{"floor":2.0,"key":"AttackPotion"},{"floor":5.0,"key":"Dexterity Potion"},{"floor":14.0,"key":"Fire Potion"}],"is_trial":false,"path_per_floor":["M","M","T","$","M","R","M","R","T","R","M","M","R","M","R","B",null,"M","?","M","$","M","R","?","R","T","M","M","$","$","M","R","B",null,"M","M","?","$","M","R","M","R","T","M","M","?","R","M","R","B",null],"character_chosen":"DEFECT","items_purchased":["Gash","Deep Breath","All For One","Echo Form","Gash","Capacitor"],"campfire_rested":6,"item_purchase_floors":[4,4,21,29,38,38],"current_hp_per_floor":[64,52,52,52,52,52,52,52,52,52,52,50,50,35,56,63,69,71,71,71,71,66,66,66,66,66,54,28,28,28,9,30,22,59,64,71,25,25,7,28,28,49,49,56,39,39,60,52,71,39],"gold":11,"neow_bonus":"ONE_RANDOM_RARE_CARD","is_prod":false,"is_daily":false,"chose_seed":false,"campfire_upgraded":6,"win_rate":0,"timestamp":1546457123,"path_taken":["M","?","?","?","M","R","M","R","T","R","M","M","R","M","R","BOSS","M","?","M","$","M","R","?","R","T","?","?","?","$","M","R","BOSS","M","M","?","$","M","R","M","R","T","M","M","?","R","M","R","BOSS"],"build_version":"2018-12-20","purchased_purges":0,"victory":true,"max_hp_per_floor":[71,71,71,71,71,71,71,71,71,71,71,71,71,71,71,71,71,71,71,71,71,71,71,71,71,71,71,71,71,71,71,71,71,71,71,71,71,71,71,71,71,71,71,71,71,71,71,71,71,71],"card_choices":[{"not_picked":["Chaos","Compile Driver"],"picked":"Gash","floor":1.0},{"not_picked":["Capacitor","Steam"],"picked":"Gash","floor":2.0},{"not_picked":["Recycle","Conserve Battery"],"picked":"Coolheaded","floor":5.0},{"not_picked":["Lockon","Recycle"],"picked":"Compile Driver","floor":7.0},{"not_picked":["Beam Cell","Sunder"],"picked":"Skim","floor":11.0},{"not_picked":["Capacitor","Compile Driver"],"picked":"Self Repair","floor":12.0},{"not_picked":["Conserve Battery","Go for the Eyes"],"picked":"Streamline","floor":14.0},{"not_picked":["Electrodynamics","Meteor Strike"],"picked":"Reboot","floor":16.0},{"not_picked":["BootSequence","Turbo"],"picked":"Hologram","floor":18.0},{"not_picked":["Leap","Self Repair"],"picked":"Coolheaded","floor":20.0},{"not_picked":["Coolheaded","Sunder"],"picked":"Defragment","floor":22.0},{"not_picked":["Redo","Ball Lightning"],"picked":"Gash","floor":27.0},{"not_picked":["Steam","Heatsinks"],"picked":"White Noise","floor":28.0},{"not_picked":["Conserve Battery+1","Self Repair"],"picked":"Glacier","floor":31.0},{"not_picked":["Thunder Strike","Multi-Cast"],"picked":"Core Surge","floor":33.0},{"not_picked":["Lockon","Aggregate+1"],"picked":"Reinforced Body","floor":35.0},{"not_picked":["Hologram","Compile Driver"],"picked":"Coolheaded+1","floor":36.0},{"not_picked":["Genetic Algorithm+1","Stack+1"],"picked":"Hologram+1","floor":39.0},{"not_picked":["Cold Snap+1","Leap","Compile Driver"],"picked":"SKIP","floor":41.0},{"not_picked":["Melter","Genetic Algorithm"],"picked":"Consume+1","floor":44.0},{"not_picked":["BootSequence","Recycle"],"picked":"Glacier+1","floor":45.0},{"not_picked":["Streamline","Sweeping Beam","Ball Lightning"],"picked":"SKIP","floor":48.0}],"player_experience":484759,"relics_obtained":[{"floor":3.0,"key":"Bag of Marbles"},{"floor":9.0,"key":"Bottled Flame"},{"floor":26.0,"key":"Gremlin Horn"},{"floor":37.0,"key":"StoneCalendar"},{"floor":43.0,"key":"Ornamental Fan"}],"event_choices":[{"damage_healed":0.0,"max_hp_gain":0.0,"max_hp_loss":0.0,"gold_gain":0.0,"event_name":"Drug Dealer","player_choice":"Inject Mutagens","floor":19.0,"gold_loss":0.0,"damage_taken":0.0,"relics_obtained":["MutagenicStrength"]},{"cards_removed":["Strike_B"],"damage_healed":0.0,"max_hp_gain":0.0,"max_hp_loss":0.0,"gold_gain":0.0,"event_name":"Purifier","player_choice":"Purged","floor":24.0,"gold_loss":0.0,"damage_taken":0.0},{"damage_healed":0.0,"max_hp_gain":0.0,"max_hp_loss":0.0,"gold_gain":0.0,"event_name":"Mysterious Sphere","player_choice":"Fight","floor":37.0,"gold_loss":0.0,"damage_taken":0.0},{"damage_healed":0.0,"max_hp_gain":0.0,"max_hp_loss":0.0,"gold_gain":0.0,"event_name":"Tomb of Lord Red Mask","player_choice":"Paid","floor":46.0,"gold_loss":134.0,"damage_taken":0.0,"relics_obtained":["Red Mask"]}],"is_beta":false,"boss_relics":[{"not_picked":["Runic Dome","Ectoplasm"],"picked":"Sozu"},{"not_picked":["Pandora\u0027s Box","Snecko Eye"],"picked":"FrozenCore"}],"items_purged_floors":[],"is_endless":false,"potions_floor_spawned":[2,5,14,22,27,33,39,41,44],"ascension_level":14}