{"path_per_floor":["M","M","M","?","?","R","$","M","T","R","M","$","R","?","R","B",null,"M","?","M","?","M","R","$","?","T","?","M","R","M","M","R"],"character_chosen":"IRONCLAD","items_purchased":["Shrug It Off","Pommel Strike","Bloodletting"],"gold_per_floor":[214,225,238,238,238,238,117,137,164,164,181,36,36,36,36,131,131,141,141,158,158,170,170,100,100,100,100,116,116,132,151,151,151],"floor_reached":33,"campfire_rested":1,"playtime":1278,"current_hp_per_floor":[80,80,80,80,73,73,73,77,77,77,80,80,80,80,80,61,80,80,80,80,80,76,76,76,76,76,76,74,74,66,48,74,0],"items_purged":["Strike_R","Strike_R"],"gold":151,"score":237,"play_id":"f707ef5b-b8c8-43e7-ac94-5b63d5c91cac","local_time":"20180517190658","is_prod":false,"is_daily":false,"chose_seed":false,"is_ascension_mode":false,"campfire_upgraded":6,"timestamp":1526555218,"path_taken":["M","M","M","?","?","R","$","M","T","R","M","$","R","?","R","BOSS","M","?","?","?","?","R","$","?","T","?","M","R","M","M","R","BOSS"],"build_version":"2018-05-10","seed_source_timestamp":1277806767834,"purchased_purges":2,"victory":false,"master_deck":["Strike_R","Strike_R","Defend_R","Defend_R","Defend_R","Bash+1","Sword Boomerang","Flex+1","Rage+1","Battle Trance","Shrug It Off","Sword Boomerang","Inflame+1","Pommel Strike+1","Feed","Twin Strike+1","Whirlwind","Bloodletting+1","Armaments+1","Shrug It Off+1"],"max_hp_per_floor":[80,80,80,80,80,80,80,80,80,80,80,80,80,80,80,80,80,80,80,80,80,83,83,83,83,83,83,83,83,88,88,88,88],"relics":["Burning Blood"],"card_choices":[{"not_picked":["Iron Wave","Wild Strike"],"picked":"Sword Boomerang","floor":1},{"not_picked":["Wild Strike","Combust"],"picked":"Flex","floor":2},{"not_picked":["Body Slam","Reckless Charge"],"picked":"Rage","floor":3},{"not_picked":["Thunderclap","Wild Strike"],"picked":"Sword Boomerang","floor":8},{"not_picked":["Havoc","Power Through"],"picked":"Inflame","floor":11},{"not_picked":["Brutality","Barricade"],"picked":"Feed","floor":16},{"not_picked":["Clash","Cleave"],"picked":"Twin Strike","floor":18},{"not_picked":["Twin Strike","Thunderclap"],"picked":"Whirlwind","floor":22},{"not_picked":["Thunderclap","Reckless Charge"],"picked":"Armaments","floor":28},{"not_picked":["Ghostly Armor","Flame Barrier"],"picked":"Shrug It Off","floor":31}],"player_experience":621387,"potions_floor_usage":[22,28,30,33,33],"damage_taken":[{"damage":2,"enemies":"2 Louse","floor":1,"turns":5},{"damage":1,"enemies":"Cultist","floor":2,"turns":3},{"damage":6,"enemies":"Jaw Worm","floor":3,"turns":3},{"damage":2,"enemies":"Looter","floor":8,"turns":3},{"damage":1,"enemies":"2 Fungi Beasts","floor":11,"turns":3},{"damage":25,"enemies":"The Guardian","floor":16,"turns":9},{"damage":2,"enemies":"Shell Parasite","floor":18,"turns":3},{"damage":0,"enemies":"Chosen","floor":20,"turns":4},{"damage":21,"enemies":"Centurion and Healer","floor":22,"turns":7},{"damage":8,"enemies":"Snake Plant","floor":28,"turns":3},{"damage":19,"enemies":"Cultist and Chosen","floor":30,"turns":6},{"damage":24,"enemies":"Snecko","floor":31,"turns":5},{"damage":77,"enemies":"Champ","floor":33,"turns":11}],"event_choices":[{"event_name":"Living Wall","player_choice":"Change","floor":4,"damage_taken":0},{"event_name":"Golden Wing","player_choice":"Card Removal","floor":5,"damage_taken":0},{"event_name":"Golden Idol","player_choice":"Ignored","floor":14,"damage_taken":0},{"event_name":"Ghosts","player_choice":"Ignored","floor":19,"damage_taken":0},{"event_name":"Addict","player_choice":"Ignored","floor":21,"damage_taken":0},{"event_name":"Upgrade Shrine","player_choice":"Upgraded","floor":25,"damage_taken":0},{"event_name":"Vampires","player_choice":"Ignored","floor":27,"damage_taken":0}],"boss_relics":[{"not_picked":["Runic Pyramid","Cursed Key","Ectoplasm"]}],"potions_floor_spawned":[1,8,16,20,28,30],"seed_played":"-52782282531827205","killed_by":"Champ","ascension_level":0,"is_trial":false}