{"gold_per_floor":[117,127,141,153,153,153,6,6,6,23,23,53,71,100,100,198,198,208,222,222,222,234,234,246,246,246,262,262],"floor_reached":28,"playtime":1221,"items_purged":[],"score":257,"play_id":"6923c522-fc5d-49dc-a907-a42af52f3c24","local_time":"20190316234342","is_ascension_mode":false,"campfire_choices":[{"data":"Neutralize","floor":6,"key":"SMITH"},{"data":"Bouncing Flask","floor":8,"key":"SMITH"},{"data":"Catalyst","floor":11,"key":"SMITH"},{"data":"Dash","floor":15,"key":"SMITH"},{"floor":23,"key":"REST"},{"floor":25,"key":"REST"}],"neow_cost":"NONE","seed_source_timestamp":1846304116316035,"circlet_count":0,"master_deck":["Defend_G","Defend_G","Defend_G","Defend_G","Defend_G","Strike_G","Strike_G","Strike_G","Strike_G","Survivor","Neutralize+1","Flying Knee","PiercingWail","Dash+1","Catalyst+1","Bouncing Flask+1","Footwork","Bane","Bane","Flying Knee","Corpse Explosion","Escape Plan+1","Backflip","Escape Plan","Catalyst","Bouncing Flask","Deadly Poison"],"relics":["Ring of the Snake","Question Card","Unceasing Top","Oddly Smooth Stone","Velvet Choker","Vajra"],"potions_floor_usage":[4,16,16],"damage_taken":[{"damage":2,"enemies":"Jaw Worm","floor":1,"turns":5},{"damage":1,"enemies":"Cultist","floor":2,"turns":4},{"damage":0,"enemies":"2 Louse","floor":3,"turns":2},{"damage":2,"enemies":"Exordium Thugs","floor":4,"turns":3},{"damage":5,"enemies":"Blue Slaver","floor":10,"turns":4},{"damage":18,"enemies":"3 Sentries","floor":12,"turns":9},{"damage":3,"enemies":"3 Louse","floor":13,"turns":4},{"damage":6,"enemies":"Lagavulin","floor":14,"turns":7},{"damage":24,"enemies":"The Guardian","floor":16,"turns":8},{"damage":20,"enemies":"Spheric Guardian","floor":18,"turns":4},{"damage":30,"enemies":"3 Byrds","floor":19,"turns":4},{"damage":7,"enemies":"Colosseum Slavers","floor":20,"turns":2},{"damage":4,"enemies":"3 Cultists","floor":22,"turns":3},{"damage":15,"enemies":"Snake Plant","floor":24,"turns":4},{"damage":0,"enemies":"Chosen and Byrds","floor":27,"turns":2},{"damage":0,"enemies":"Centurion and Healer","floor":28,"turns":1}],"seed_played":"1375346967701594258","potions_obtained":[{"floor":0,"key":"Strength Potion"},{"floor":0,"key":"Fire Potion"},{"floor":0,"key":"SkillPotion"},{"floor":14,"key":"Weak Potion"},{"floor":19,"key":"Strength Potion"},{"floor":22,"key":"FearPotion"}],"is_trial":false,"path_per_floor":["M","M","M","M","?","R","$","R","T","M","R","E","M","E","R","B",null,"M","M","?","?","M","R","M","R","T","M","M"],"character_chosen":"THE_SILENT","items_purchased":["Bouncing Flask","Footwork"],"campfire_rested":2,"item_purchase_floors":[7,7],"current_hp_per_floor":[68,67,67,65,65,65,65,65,65,60,60,42,39,33,33,9,70,50,20,13,13,9,30,15,36,36,36,36],"gold":262,"neow_bonus":"THREE_SMALL_POTIONS","is_prod":false,"is_daily":false,"chose_seed":false,"campfire_upgraded":4,"win_rate":0,"timestamp":1552751022,"path_taken":["M","M","M","M","?","R","$","R","T","M","R","E","?","E","R","BOSS","M","?","?","?","M","R","?","R","T","M","M"],"build_version":"2019-01-23","purchased_purges":0,"victory":false,"max_hp_per_floor":[70,70,70,70,70,70,70,70,70,70,70,70,70,70,70,70,70,70,70,70,70,70,70,70,70,70,70,70],"card_choices":[{"not_picked":["After Image","Skewer"],"picked":"Flying Knee","floor":1},{"not_picked":["Prepared","Slice"],"picked":"PiercingWail","floor":2},{"not_picked":["Finisher","Blade Dance"],"picked":"Dash","floor":3},{"not_picked":["Blade Dance","Infinite Blades"],"picked":"Catalyst","floor":4},{"not_picked":["Cloak And Dagger","Flechettes","Leg Sweep"],"picked":"Bane","floor":10},{"not_picked":["PiercingWail","Dagger Spray","Dagger Throw"],"picked":"Bane","floor":12},{"not_picked":["Underhanded Strike","Endless Agony","Expertise","Reflex"],"picked":"SKIP","floor":13},{"not_picked":["Leg Sweep","Dagger Throw","Prepared"],"picked":"Flying Knee","floor":14},{"not_picked":["Doppelganger","Unload","Malaise"],"picked":"Corpse Explosion","floor":16},{"not_picked":["Prepared","Blade Dance+1","Bane"],"picked":"Escape Plan+1","floor":18},{"not_picked":["Dodge and Roll","Sucker Punch","Underhanded Strike"],"picked":"Backflip","floor":19},{"not_picked":["Bane","Distraction","All Out Attack"],"picked":"Catalyst","floor":22},{"not_picked":["Infinite Blades","Malaise","Flying Knee"],"picked":"Bouncing Flask","floor":24},{"not_picked":["Tactician+1","Flying Knee","Caltrops"],"picked":"Deadly Poison","floor":27}],"player_experience":838282,"relics_obtained":[{"floor":12,"key":"Unceasing Top"},{"floor":14,"key":"Oddly Smooth Stone"},{"floor":26,"key":"Vajra"}],"event_choices":[{"damage_healed":0,"gold_gain":0,"player_choice":"Gave Potion","damage_taken":0,"relics_obtained":["Question Card"],"max_hp_gain":0,"max_hp_loss":0,"event_name":"WeMeetAgain","floor":5,"gold_loss":0},{"damage_healed":0,"gold_gain":0,"player_choice":"Fight","damage_taken":0,"max_hp_gain":0,"max_hp_loss":0,"event_name":"Colosseum","floor":20,"gold_loss":0},{"damage_healed":0,"gold_gain":0,"player_choice":"Fled From Nobs","damage_taken":0,"max_hp_gain":0,"max_hp_loss":0,"event_name":"Colosseum","floor":20,"gold_loss":0},{"damage_healed":0,"gold_gain":0,"cards_transformed":["Strike_G"],"player_choice":"Transformed","damage_taken":0,"max_hp_gain":0,"max_hp_loss":0,"event_name":"Transmorgrifier","floor":21,"gold_loss":0,"cards_obtained":["Escape Plan"]}],"is_beta":false,"boss_relics":[{"not_picked":["Eternal Feather","Pandora\u0027s Box"],"picked":"Velvet Choker"}],"items_purged_floors":[],"is_endless":false,"potions_floor_spawned":[1,2,14,19,22],"killed_by":"Centurion and Healer","ascension_level":0}