{"gold_per_floor":[112,126,138,149,163,163,196,196,196,211,211,311,344,363,363,463,463,481,61,78,88,88,88,107,142,213,128,128,153,153,172,172,276,276,286,286,386,100,118,118,134,153,153,507,66,0,0,0,0,0,0,0,0,0],"floor_reached":54,"playtime":2925,"items_purged":["Strike_R","Strike_R","Second Wind"],"score":687,"play_id":"20e66358-3013-4359-803c-f037900131c4","local_time":"20190304223843","is_ascension_mode":false,"campfire_choices":[{"data":"Bash","floor":6,"key":"SMITH"},{"data":"Shrug It Off","floor":8,"key":"SMITH"},{"data":"Flex","floor":11,"key":"SMITH"},{"data":"Iron Wave","floor":15,"key":"SMITH"},{"data":"Demon Form","floor":23,"key":"SMITH"},{"data":"Thinking Ahead","floor":28,"key":"SMITH"},{"data":"Bludgeon","floor":30,"key":"SMITH"},{"data":"Heavy Blade","floor":32,"key":"SMITH"},{"data":"Apotheosis","floor":40,"key":"SMITH"},{"floor":47,"key":"REST"},{"floor":49,"key":"RECALL"},{"data":"Madness","floor":52,"key":"SMITH"}],"neow_cost":"NONE","seed_source_timestamp":803972652286515,"circlet_count":0,"master_deck":["Defend_R","Defend_R","Defend_R","Defend_R","Bash+1","Sword Boomerang","Shrug It Off+1","Flex+1","Iron Wave+1","Disarm","Bludgeon+1","Intimidate+1","Carnage+1","Pommel Strike+1","Sword Boomerang+1","Thinking Ahead+1","Iron Wave+1","Seeing Red+1","Demon Form+1","Sword Boomerang","Cleave+1","Pummel+1","Heavy Blade+1","Offering","Whirlwind","Feed","Madness","Madness+1","Flame Barrier+1","Apotheosis+1","Shrug It Off","Pommel Strike+1","Warcry+1","Pummel"],"relics":["Burning Blood","Boot","Happy Flower","Paper Frog","Dodecahedron","Astrolabe","Bag of Preparation","Ornamental Fan","Gremlin Horn","Ancient Tea Set","Regal Pillow","Orrery","Torii","Old Coin","Red Skull","Red Mask"],"potions_floor_usage":[7,16,20,29,29,39,44,44,50,50],"damage_taken":[{"damage":1,"enemies":"Cultist","floor":1,"turns":4},{"damage":2,"enemies":"2 Louse","floor":2,"turns":2},{"damage":5,"enemies":"Jaw Worm","floor":3,"turns":3},{"damage":7,"enemies":"Looter","floor":4,"turns":3},{"damage":11,"enemies":"Exordium Wildlife","floor":5,"turns":5},{"damage":22,"enemies":"3 Sentries","floor":7,"turns":11},{"damage":0,"enemies":"2 Fungi Beasts","floor":10,"turns":3},{"damage":16,"enemies":"Lagavulin","floor":13,"turns":5},{"damage":0,"enemies":"3 Louse","floor":14,"turns":3},{"damage":22,"enemies":"The Guardian","floor":16,"turns":12},{"damage":0,"enemies":"Spheric Guardian","floor":18,"turns":3},{"damage":0,"enemies":"Shell Parasite","floor":20,"turns":2},{"damage":6,"enemies":"Shelled Parasite and Fungi","floor":21,"turns":3},{"damage":6,"enemies":"Snecko","floor":24,"turns":3},{"damage":7,"enemies":"Book of Stabbing","floor":25,"turns":4},{"damage":5,"enemies":"Slavers","floor":29,"turns":4},{"damage":4,"enemies":"Centurion and Healer","floor":31,"turns":3},{"damage":29,"enemies":"Champ","floor":33,"turns":6},{"damage":9,"enemies":"Orb Walker","floor":35,"turns":2},{"damage":6,"enemies":"Mind Bloom Boss Battle","floor":37,"turns":3},{"damage":22,"enemies":"3 Darklings","floor":39,"turns":4},{"damage":0,"enemies":"Sphere and 2 Shapes","floor":41,"turns":3},{"damage":28,"enemies":"Spire Growth","floor":42,"turns":3},{"damage":33,"enemies":"2 Orb Walkers","floor":44,"turns":5},{"damage":67,"enemies":"Awakened One","floor":50,"turns":9},{"damage":87,"enemies":"Shield and Spear","floor":54,"turns":5}],"seed_played":"7784597733762830745","potions_obtained":[{"floor":4,"key":"BloodPotion"},{"floor":7,"key":"Swift Potion"},{"floor":13,"key":"FearPotion"},{"floor":16,"key":"FairyPotion"},{"floor":18,"key":"AttackPotion"},{"floor":20,"key":"Fire Potion"},{"floor":33,"key":"PowerPotion"},{"floor":35,"key":"Swift Potion"},{"floor":39,"key":"BloodPotion"},{"floor":41,"key":"SteroidPotion"}],"is_trial":false,"path_per_floor":["M","M","M","M","M","R","E","R","T","M","R","?","E","M","R","B",null,"M","$","M","M","?","R","M","E","T","?","R","E","R","M","R","B",null,"M","?","?","$","M","R","M","M","T","?","$","?","R","$","R","B",null,"R","$","E"],"character_chosen":"IRONCLAD","items_purchased":["Bag of Preparation","Thinking Ahead","Apotheosis","Strength Potion","BloodPotion","Red Skull","Pummel"],"campfire_rested":1,"item_purchase_floors":[19,19,38,45,45,45,45],"current_hp_per_floor":[80,80,80,79,74,74,66,66,66,72,72,72,62,68,68,52,80,80,80,80,80,80,80,80,79,79,79,79,80,80,80,80,57,80,77,67,70,70,54,54,60,38,38,11,11,11,50,50,50,14,86,86,86,0],"gold":0,"neow_bonus":"RANDOM_COMMON_RELIC","is_prod":false,"is_daily":false,"chose_seed":false,"campfire_upgraded":10,"win_rate":0,"timestamp":1551710323,"path_taken":["M","M","M","M","M","R","E","R","T","?","R","?","E","?","R","BOSS","M","$","M","M","?","R","M","E","T","?","R","E","R","M","R","BOSS","M","?","?","$","M","R","M","M","T","?","$","?","R","?","R","BOSS","R","$","E"],"build_version":"2019-01-23","purchased_purges":3,"victory":false,"max_hp_per_floor":[80,80,80,80,80,80,80,80,80,80,80,80,80,80,80,80,80,80,80,80,80,80,80,80,80,80,80,80,80,80,80,80,80,80,80,80,83,83,83,83,83,83,83,83,83,83,83,83,83,86,86,86,86,86],"card_choices":[{"not_picked":["Wild Strike","Clothesline"],"picked":"Sword Boomerang","floor":1},{"not_picked":["Heavy Blade","Perfected Strike"],"picked":"Shrug It Off","floor":2},{"not_picked":["Reckless Charge","Warcry","True Grit"],"picked":"SKIP","floor":3},{"not_picked":["Shrug It Off","Perfected Strike"],"picked":"Flex","floor":4},{"not_picked":["Intimidate","Burning Pact"],"picked":"Iron Wave","floor":5},{"not_picked":["Bloodletting","Shrug It Off"],"picked":"Disarm","floor":7},{"not_picked":["Juggernaut","Carnage"],"picked":"Second Wind","floor":10},{"not_picked":["Second Wind","Infernal Blade","Sentinel"],"picked":"SKIP","floor":13},{"not_picked":["Anger","Shockwave","Infernal Blade"],"picked":"SKIP","floor":14},{"not_picked":["Barricade","Feed"],"picked":"Bludgeon","floor":16},{"not_picked":["Wild Strike+1","Body Slam+1"],"picked":"Sword Boomerang+1","floor":18},{"not_picked":["Disarm","Flex"],"picked":"Iron Wave+1","floor":20},{"not_picked":["Pummel","Wild Strike"],"picked":"Seeing Red+1","floor":21},{"not_picked":["Headbutt","Feed"],"picked":"Sword Boomerang","floor":24},{"not_picked":["Headbutt+1","Wild Strike+1"],"picked":"Cleave+1","floor":25},{"not_picked":["Heavy Blade","Infernal Blade"],"picked":"Pummel+1","floor":29},{"not_picked":["True Grit","Warcry"],"picked":"Heavy Blade","floor":31},{"not_picked":["Demon Form","Immolate"],"picked":"Offering","floor":33},{"not_picked":["Body Slam","Heavy Blade"],"picked":"Whirlwind","floor":34},{"not_picked":["Heavy Blade","Cleave"],"picked":"Feed","floor":34},{"not_picked":["Iron Wave+1","Fire Breathing","Perfected Strike"],"picked":"SKIP","floor":35},{"not_picked":["Body Slam","Corruption+1"],"picked":"Flame Barrier+1","floor":37},{"not_picked":["Feed","Fire Breathing"],"picked":"Shrug It Off","floor":39},{"not_picked":["Shockwave","Headbutt","Sever Soul"],"picked":"SKIP","floor":41},{"not_picked":["Wild Strike","Metallicize+1"],"picked":"Pommel Strike+1","floor":42},{"not_picked":["Pommel Strike+1","Evolve"],"picked":"Warcry+1","floor":44}],"player_experience":746352,"relics_obtained":[{"floor":7,"key":"Happy Flower"},{"floor":9,"key":"Paper Frog"},{"floor":13,"key":"Dodecahedron"},{"floor":25,"key":"Ornamental Fan"},{"floor":26,"key":"Gremlin Horn"},{"floor":29,"key":"Regal Pillow"},{"floor":37,"key":"Torii"},{"floor":44,"key":"Old Coin"}],"event_choices":[{"damage_healed":0,"gold_gain":100,"player_choice":"Pray","damage_taken":0,"max_hp_gain":0,"max_hp_loss":0,"event_name":"Golden Shrine","floor":12,"gold_loss":0},{"damage_healed":0,"gold_gain":0,"player_choice":"Read","damage_taken":0,"max_hp_gain":0,"max_hp_loss":0,"event_name":"The Library","floor":22,"gold_loss":0,"cards_obtained":["Demon Form"]},{"damage_healed":0,"gold_gain":0,"player_choice":"Obtained Relic","damage_taken":0,"relics_obtained":["Ancient Tea Set"],"max_hp_gain":0,"max_hp_loss":0,"event_name":"Addict","floor":27,"gold_loss":85},{"damage_healed":0,"gold_gain":0,"player_choice":"Embrace Madness","damage_taken":10,"max_hp_gain":0,"max_hp_loss":0,"event_name":"Winding Halls","floor":36,"gold_loss":0,"cards_obtained":["Madness","Madness"]},{"damage_healed":0,"gold_gain":0,"player_choice":"Fight","damage_taken":0,"max_hp_gain":0,"max_hp_loss":0,"event_name":"MindBloom","floor":37,"gold_loss":0},{"damage_healed":0,"gold_gain":0,"player_choice":"Fight","damage_taken":0,"max_hp_gain":0,"max_hp_loss":0,"event_name":"Mysterious Sphere","floor":44,"gold_loss":0},{"damage_healed":0,"gold_gain":0,"player_choice":"Paid","damage_taken":0,"relics_obtained":["Red Mask"],"max_hp_gain":0,"max_hp_loss":0,"event_name":"Tomb of Lord Red Mask","floor":46,"gold_loss":66}],"is_beta":false,"boss_relics":[{"not_picked":["Empty Cage","Philosopher\u0027s Stone"],"picked":"Astrolabe"},{"not_picked":["Runic Dome","Runic Pyramid"],"picked":"Orrery"}],"items_purged_floors":[19,38,45],"is_endless":false,"potions_floor_spawned":[4,7,13,16,18,20,33,35,39,41],"killed_by":"Shield and Spear","ascension_level":0}