{"gold_per_floor":[110,140,65,83,83,83,95,95,95,115,145,193,193,249,249,351,351,336,353,364,21,21,21,21,21,21,31,47,82,5,16,16,112,112,130,144,159,174,174,174,191,191,242,242,275,290,300,319,319,319],"floor_reached":50,"playtime":3611,"items_purged":["Regret","Defend_B"],"score":521,"play_id":"14292642-3c62-4956-a612-00711ee5b577","local_time":"20181207183053","is_ascension_mode":false,"campfire_choices":[{"data":"Zap","floor":6,"key":"SMITH"},{"data":"Hologram","floor":8,"key":"SMITH"},{"floor":15,"key":"REST"},{"data":"Dualcast","floor":23,"key":"SMITH"},{"data":"Conserve Battery","floor":25,"key":"SMITH"},{"floor":32,"key":"REST"},{"floor":40,"key":"RECALL"},{"data":"Echo Form","floor":42,"key":"SMITH"},{"floor":49,"key":"REST"}],"neow_cost":"PERCENT_DAMAGE","seed_source_timestamp":40399258792000,"circlet_count":0,"master_deck":["Strike_B+1","Strike_B+1","Defend_B+1","Defend_B+1","Defend_B+1","Zap+1","Dualcast+1","Hologram+1","Conserve Battery+1","Doom and Gloom","Ball Lightning","Echo Form+1","Hologram","Biased Cognition","Go for the Eyes+1","Leap+1","Hologram+1","Cold Snap+1","Echo Form+1","Ball Lightning+1","Blizzard+1","Hologram+1","Fission+1","Coolheaded+1","Conserve Battery+1","Redo+1","Madness+1","Madness+1","Cold Snap+1","Glacier+1","Parasite","Loop+1","Glacier+1"],"relics":["FrozenCore","Dead Branch","Tiny Chest","Art of War","Blood Vial","Regal Pillow","Molten Egg 2","Nilry\u0027s Codex","Toxic Egg 2","Nuclear Battery","PreservedInsect","Strawberry"],"potions_floor_usage":[11,19,33,33,35,45,46,47],"damage_taken":[{"damage":5,"enemies":"Small Slimes","floor":1,"turns":3},{"damage":1,"enemies":"2 Louse","floor":4,"turns":2},{"damage":0,"enemies":"Cultist","floor":7,"turns":4},{"damage":9,"enemies":"Exordium Thugs","floor":10,"turns":5},{"damage":17,"enemies":"3 Sentries","floor":11,"turns":5},{"damage":17,"enemies":"The Guardian","floor":16,"turns":10},{"damage":10,"enemies":"2 Thieves","floor":18,"turns":5},{"damage":9,"enemies":"Spheric Guardian","floor":19,"turns":5},{"damage":1,"enemies":"Shelled Parasite and Fungi","floor":20,"turns":6},{"damage":0,"enemies":"Cultist and Chosen","floor":27,"turns":5},{"damage":11,"enemies":"Snake Plant","floor":28,"turns":7},{"damage":30,"enemies":"Slavers","floor":29,"turns":6},{"damage":0,"enemies":"Snecko","floor":31,"turns":8},{"damage":21,"enemies":"Champ","floor":33,"turns":11},{"damage":5,"enemies":"3 Darklings","floor":35,"turns":5},{"damage":0,"enemies":"3 Shapes","floor":36,"turns":4},{"damage":8,"enemies":"Jaw Worm Horde","floor":37,"turns":6},{"damage":0,"enemies":"4 Shapes","floor":38,"turns":4},{"damage":13,"enemies":"Spire Growth","floor":41,"turns":7},{"damage":1,"enemies":"Giant Head","floor":45,"turns":8},{"damage":5,"enemies":"Writhing Mass","floor":46,"turns":9},{"damage":12,"enemies":"Transient","floor":47,"turns":5},{"damage":0,"enemies":"Maw","floor":48,"turns":7},{"damage":92,"enemies":"Time Eater","floor":50,"turns":9}],"seed_played":"-1035513001952420216","potions_obtained":[{"floor":1,"key":"SkillPotion"},{"floor":11,"key":"Energy Potion"},{"floor":16,"key":"Swift Potion"},{"floor":28,"key":"GamblersBrew"},{"floor":31,"key":"AttackPotion"},{"floor":33,"key":"SpeedPotion"},{"floor":35,"key":"SkillPotion"},{"floor":41,"key":"Regen Potion"},{"floor":45,"key":"Explosive Potion"},{"floor":47,"key":"Energy Potion"}],"is_trial":false,"path_per_floor":["M","?","$","M","?","R","M","R","T","M","E","T","?","?","R","B",null,"M","M","M","$","?","R","?","R","T","M","M","E","$","M","R","B",null,"M","M","M","M","?","R","M","R","T","?","E","M","M","M","R","B"],"character_chosen":"DEFECT","items_purchased":["Molten Egg 2","Blizzard+1"],"campfire_rested":3,"item_purchase_floors":[21,30],"current_hp_per_floor":[49,49,49,48,48,48,48,48,48,39,22,22,22,22,59,44,75,65,58,59,59,43,43,43,43,43,45,36,8,8,10,47,28,75,70,72,66,68,59,59,48,48,48,48,56,53,43,45,82,0],"gold":319,"neow_bonus":"ONE_RARE_RELIC","is_prod":false,"is_daily":false,"chose_seed":false,"campfire_upgraded":5,"win_rate":0,"timestamp":1544203853,"path_taken":["M","?","$","M","?","R","M","R","T","?","E","?","?","?","R","BOSS","M","M","M","$","?","R","?","R","T","M","M","E","?","M","R","BOSS","M","M","M","M","?","R","M","R","T","?","E","M","?","M","R","BOSS"],"build_version":"2018-12-06","purchased_purges":2,"victory":false,"max_hp_per_floor":[75,75,75,75,75,75,75,75,75,75,75,75,75,75,75,75,75,75,75,75,75,75,75,75,75,75,75,75,75,75,75,75,75,75,75,75,75,75,75,75,75,75,75,75,82,82,82,82,82,82],"card_choices":[{"not_picked":["Loop","Stack"],"picked":"Hologram","floor":1},{"not_picked":["Barrage","Doom and Gloom"],"picked":"Conserve Battery","floor":4},{"not_picked":["Static Discharge","Stack"],"picked":"Ball Lightning","floor":7},{"not_picked":["Steam","Coolheaded"],"picked":"Echo Form","floor":10},{"not_picked":["Conserve Battery","Beam Cell"],"picked":"Hologram","floor":11},{"not_picked":["All For One","Rainbow"],"picked":"Biased Cognition","floor":16},{"not_picked":["Gash+1","Chaos"],"picked":"Go for the Eyes+1","floor":18},{"not_picked":["Heatsinks+1","Amplify"],"picked":"Leap+1","floor":19},{"not_picked":["Chaos+1","Ball Lightning"],"picked":"Hologram+1","floor":20},{"not_picked":["Chill","Steam+1"],"picked":"Cold Snap+1","floor":27},{"not_picked":["Stack","Ball Lightning+1"],"picked":"Echo Form","floor":28},{"not_picked":["Capacitor+1","Coolheaded"],"picked":"Ball Lightning+1","floor":29},{"not_picked":["Sweeping Beam+1","Steam Power+1"],"picked":"Hologram+1","floor":31},{"not_picked":["All For One+1","Electrodynamics"],"picked":"Fission+1","floor":33},{"not_picked":["Barrage+1","Static Discharge"],"picked":"Coolheaded+1","floor":35},{"not_picked":["Gash+1","Hologram+1"],"picked":"Conserve Battery+1","floor":36},{"not_picked":["Coolheaded+1","Melter+1"],"picked":"Redo+1","floor":37},{"not_picked":["Go for the Eyes+1","Gash+1","Sweeping Beam+1"],"picked":"SKIP","floor":38},{"not_picked":["Redo+1","Reinforced Body+1"],"picked":"Cold Snap+1","floor":41},{"not_picked":["Capacitor","Double Energy+1"],"picked":"Glacier+1","floor":45},{"not_picked":["Go for the Eyes+1","Sweeping Beam+1","Static Discharge+1"],"picked":"SKIP","floor":46},{"not_picked":["Reinforced Body+1","Streamline+1"],"picked":"Loop+1","floor":47},{"not_picked":["Leap+1","Skim+1"],"picked":"Glacier+1","floor":48}],"player_experience":230962,"relics_obtained":[{"floor":9,"key":"Art of War"},{"floor":11,"key":"Blood Vial"},{"floor":12,"key":"Regal Pillow"},{"floor":22,"key":"Nilry\u0027s Codex"},{"floor":29,"key":"Toxic Egg 2"},{"floor":43,"key":"PreservedInsect"},{"floor":45,"key":"Strawberry"}],"event_choices":[{"damage_healed":0,"gold_gain":0,"player_choice":"Box","damage_taken":0,"relics_obtained":["Tiny Chest"],"max_hp_gain":0,"max_hp_loss":0,"event_name":"Big Fish","floor":2,"gold_loss":0,"cards_obtained":["Regret"]},{"damage_healed":0,"gold_gain":0,"cards_transformed":["Strike_B"],"player_choice":"Transformed","damage_taken":0,"max_hp_gain":0,"max_hp_loss":0,"event_name":"Transmorgrifier","floor":5,"gold_loss":0,"cards_obtained":["Doom and Gloom"]},{"damage_healed":0,"gold_gain":0,"player_choice":"Grow","damage_taken":0,"max_hp_gain":0,"max_hp_loss":0,"event_name":"Living Wall","floor":13,"gold_loss":0,"cards_upgraded":["Echo Form"]},{"damage_healed":0,"gold_gain":56,"player_choice":"Gained Gold","damage_taken":0,"max_hp_gain":0,"max_hp_loss":0,"event_name":"Golden Wing","floor":14,"gold_loss":0},{"damage_healed":0,"gold_gain":0,"player_choice":"Obtained Book","damage_taken":16,"max_hp_gain":0,"max_hp_loss":0,"event_name":"Cursed Tome","floor":22,"gold_loss":0},{"damage_healed":0,"gold_gain":0,"player_choice":"Simplicity","damage_taken":0,"max_hp_gain":0,"max_hp_loss":0,"event_name":"Back to Basics","floor":24,"gold_loss":0,"cards_upgraded":["Strike_B","Strike_B","Strike_B","Defend_B","Defend_B","Defend_B"]},{"damage_healed":0,"gold_gain":0,"player_choice":"Embrace Madness","damage_taken":9,"max_hp_gain":0,"max_hp_loss":0,"event_name":"Winding Halls","floor":39,"gold_loss":0,"cards_obtained":["Madness","Madness"]},{"cards_removed":["Strike_B"],"damage_healed":0,"gold_gain":0,"player_choice":"Purged","damage_taken":0,"max_hp_gain":0,"max_hp_loss":0,"event_name":"Purifier","floor":44,"gold_loss":0}],"is_beta":false,"boss_relics":[{"not_picked":["Coffee Dripper","Eternal Feather"],"picked":"FrozenCore"},{"not_picked":["Astrolabe","Empty Cage"],"picked":"Nuclear Battery"}],"items_purged_floors":[3,21],"is_endless":false,"potions_floor_spawned":[1,11,16,28,31,33,35,41,45,47],"killed_by":"Time Eater","ascension_level":0}