{"gold_per_floor":[13,13,33,33,33,65,65,124,147,207,220,220,9,0,0,0],"floor_reached":16,"playtime":416,"items_purged":["Strike_G"],"score":207,"play_id":"f5dbb432-a0e6-4854-b7a9-fd6a10da7538","local_time":"20190302160435","is_ascension_mode":true,"campfire_choices":[{"floor":7,"key":"REST"},{"floor":12,"key":"REST"},{"floor":15,"key":"REST"}],"neow_cost":"NO_GOLD","seed_source_timestamp":374519523768900,"circlet_count":0,"master_deck":["AscendersBane","Defend_G","Defend_G","Defend_G","Defend_G","Defend_G","Strike_G","Strike_G","Strike_G","Strike_G","Survivor","Neutralize","Envenom+1","Bane","Bane","Backstab","Dagger Spray","Infinite Blades","Poisoned Stab"],"relics":["Ring of the Snake","Snake Skull","Bronze Scales","Tiny Chest"],"potions_floor_usage":[10],"damage_taken":[{"damage":1,"enemies":"2 Louse","floor":1,"turns":2},{"damage":1,"enemies":"Small Slimes","floor":3,"turns":4},{"damage":41,"enemies":"Lagavulin","floor":6,"turns":9},{"damage":31,"enemies":"3 Sentries","floor":10,"turns":9},{"damage":1,"enemies":"Jaw Worm","floor":11,"turns":3},{"damage":64,"enemies":"Slime Boss","floor":16,"turns":6}],"seed_played":"-597338086332981372","potions_obtained":[{"floor":6,"key":"Poison Potion"},{"floor":10,"key":"SpeedPotion"}],"is_trial":false,"path_per_floor":["M","?","M","?","?","E","R","?","T","E","M","R","$","?","R","B"],"character_chosen":"THE_SILENT","items_purchased":["Infinite Blades","Poisoned Stab"],"campfire_rested":3,"item_purchase_floors":[13,13],"current_hp_per_floor":[58,58,57,62,62,21,42,42,42,11,10,31,31,31,52,0],"gold":0,"neow_bonus":"THREE_RARE_CARDS","is_prod":false,"is_daily":false,"chose_seed":false,"campfire_upgraded":0,"win_rate":0,"timestamp":1551539075,"path_taken":["M","?","M","?","?","E","R","?","T","E","?","R","?","?","R","BOSS"],"build_version":"2019-01-23","purchased_purges":1,"victory":false,"max_hp_per_floor":[66,66,66,71,71,71,71,71,71,71,71,71,71,71,71,71],"card_choices":[{"not_picked":["Unload","Night Terror"],"picked":"Envenom","floor":0},{"not_picked":["Deflect","Endless Agony"],"picked":"Bane","floor":1},{"not_picked":["Predator","Underhanded Strike"],"picked":"Bane","floor":3},{"not_picked":["Blade Dance","Expertise"],"picked":"Backstab","floor":6},{"not_picked":["Accuracy","Phantasmal Killer","Endless Agony"],"picked":"SKIP","floor":10},{"not_picked":["Flying Knee","Quick Slash"],"picked":"Dagger Spray","floor":11}],"player_experience":532682,"relics_obtained":[{"floor":6,"key":"Snake Skull"},{"floor":9,"key":"Bronze Scales"},{"floor":10,"key":"Tiny Chest"}],"event_choices":[{"damage_healed":0,"gold_gain":0,"player_choice":"Ignored","damage_taken":0,"max_hp_gain":0,"max_hp_loss":0,"event_name":"Liars Game","floor":2,"gold_loss":0},{"damage_healed":0,"gold_gain":0,"player_choice":"Donut","damage_taken":0,"max_hp_gain":5,"max_hp_loss":0,"event_name":"Big Fish","floor":4,"gold_loss":0},{"damage_healed":0,"gold_gain":0,"player_choice":"Grow","damage_taken":0,"max_hp_gain":0,"max_hp_loss":0,"event_name":"Living Wall","floor":5,"gold_loss":0,"cards_upgraded":["Envenom"]},{"damage_healed":0,"gold_gain":59,"player_choice":"Gained Gold","damage_taken":0,"max_hp_gain":0,"max_hp_loss":0,"event_name":"Golden Wing","floor":8,"gold_loss":0},{"damage_healed":0,"gold_gain":0,"player_choice":"Left Gold","damage_taken":0,"max_hp_gain":0,"max_hp_loss":0,"event_name":"World of Goop","floor":14,"gold_loss":9}],"is_beta":false,"boss_relics":[],"items_purged_floors":[13],"is_endless":false,"potions_floor_spawned":[6,10],"killed_by":"Slime Boss","ascension_level":19}