{"gold_per_floor":[116,41,57,57,72,72,101,64,135,135,152,178,178,189,189,289,289,300,20,20,20,33,44,60,70,70,70,70,70,95,113,113,214,214,227,227,247,265,275,275,550,177,177,207,207,232,250,263,263,263,263,263,119,148,148],"floor_reached":55,"playtime":4207,"items_purged":["Injury","Regret"],"score":864,"play_id":"e9d84e84-69f7-40ac-8e5a-e5331b6e178b","local_time":"20181214175333","is_ascension_mode":false,"campfire_choices":[{"data":"Zap","floor":6,"key":"SMITH"},{"data":"Genetic Algorithm","floor":10,"key":"SMITH"},{"data":"Defragment","floor":13,"key":"SMITH"},{"data":"Cold Snap","floor":15,"key":"SMITH"},{"data":"Fission","floor":27,"key":"SMITH"},{"data":"Ghostly","floor":29,"key":"SMITH"},{"data":"Ghostly","floor":32,"key":"SMITH"},{"data":"Defragment","floor":40,"key":"SMITH"},{"data":"Defragment","floor":45,"key":"SMITH"},{"floor":49,"key":"RECALL"},{"data":"Cold Snap","floor":52,"key":"SMITH"}],"neow_cost":"CURSE","seed_source_timestamp":115899844367000,"circlet_count":0,"master_deck":["Strike_B","Strike_B","Strike_B","Strike_B","Defend_B","Defend_B","Defend_B","Defend_B","Zap+1","Dualcast","Bandage Up","Swift Strike","Cold Snap+1","Cold Snap","Genetic Algorithm+1","Defragment+1","Conserve Battery","Compile Driver","Cold Snap+1","Buffer","Redo","Fission+1","Writhe","Ghostly+1","Ghostly+1","Ghostly+1","Ghostly","Ghostly","Seek","FTL+1","White Noise+1","Coolheaded","Compile Driver","Self Repair","Defragment+1","Parasite","Defragment+1","Hologram+1","Static Discharge","Seek","BootSequence+1"],"relics":["Cracked Core","Oddly Smooth Stone","Question Card","Dream Catcher","Philosopher\u0027s Stone","Strange Spoon","Mercury Hourglass","Gremlin Horn","Art of War","White Beast Statue","ClockworkSouvenir","Girya","Symbiotic Virus","Bottled Tornado"],"potions_floor_usage":[16,16,33,33,33,39,39,44,46,47,50,50,55],"damage_taken":[{"damage":0,"enemies":"Small Slimes","floor":1,"turns":3},{"damage":1,"enemies":"Jaw Worm","floor":3,"turns":3},{"damage":6,"enemies":"2 Louse","floor":5,"turns":3},{"damage":26,"enemies":"Gremlin Nob","floor":7,"turns":5},{"damage":9,"enemies":"Lots of Slimes","floor":11,"turns":5},{"damage":7,"enemies":"3 Sentries","floor":12,"turns":9},{"damage":8,"enemies":"Exordium Thugs","floor":14,"turns":4},{"damage":5,"enemies":"Hexaghost","floor":16,"turns":8},{"damage":3,"enemies":"3 Byrds","floor":18,"turns":6},{"damage":2,"enemies":"Spheric Guardian","floor":22,"turns":4},{"damage":16,"enemies":"Snake Plant","floor":23,"turns":5},{"damage":3,"enemies":"Centurion and Healer","floor":24,"turns":10},{"damage":0,"enemies":"Snecko","floor":25,"turns":9},{"damage":0,"enemies":"Gremlin Leader","floor":30,"turns":9},{"damage":16,"enemies":"Snake Plant","floor":31,"turns":5},{"damage":3,"enemies":"Collector","floor":33,"turns":14},{"damage":3,"enemies":"Orb Walker","floor":35,"turns":5},{"damage":0,"enemies":"3 Shapes","floor":37,"turns":5},{"damage":0,"enemies":"Sphere and 2 Shapes","floor":38,"turns":9},{"damage":12,"enemies":"Writhing Mass","floor":39,"turns":12},{"damage":10,"enemies":"Nemesis","floor":44,"turns":11},{"damage":8,"enemies":"Giant Head","floor":46,"turns":13},{"damage":1,"enemies":"4 Shapes","floor":47,"turns":5},{"damage":18,"enemies":"Transient","floor":48,"turns":5},{"damage":23,"enemies":"Awakened One","floor":50,"turns":27},{"damage":0,"enemies":"Shield and Spear","floor":54,"turns":7},{"damage":41,"enemies":"The Heart","floor":55,"turns":8}],"seed_played":"8329732778743684089","potions_obtained":[{"floor":5,"key":"LiquidBronze"},{"floor":7,"key":"Weak Potion"},{"floor":12,"key":"FocusPotion"},{"floor":14,"key":"LiquidBronze"},{"floor":23,"key":"FocusPotion"},{"floor":24,"key":"Dexterity Potion"},{"floor":33,"key":"Weak Potion"},{"floor":35,"key":"LiquidBronze"},{"floor":37,"key":"AttackPotion"},{"floor":39,"key":"Explosive Potion"},{"floor":44,"key":"Dexterity Potion"},{"floor":46,"key":"FocusPotion"},{"floor":48,"key":"Dexterity Potion"},{"floor":54,"key":"Fire Potion"}],"is_trial":false,"path_per_floor":["M","$","M","?","M","R","E","$","T","R","M","E","R","M","R","B",null,"M","$","?","?","M","M","M","M","T","R","$","R","E","M","R","B",null,"M","?","M","M","M","R","?","$","T","E","R","E","M","M","R","B",null,"R","$","E","B"],"character_chosen":"DEFECT","items_purchased":["Defragment","Fission","Strange Spoon","Defragment","ClockworkSouvenir","Static Discharge","Seek"],"campfire_rested":0,"item_purchase_floors":[8,19,19,42,42,53,53],"current_hp_per_floor":[75,75,75,75,73,73,49,49,49,49,44,41,41,37,37,36,75,74,74,74,37,35,23,28,32,32,32,32,32,37,21,21,26,37,37,37,37,37,36,36,36,36,36,37,37,37,37,26,26,18,37,37,37,37,0],"gold":148,"neow_bonus":"RANDOM_COLORLESS_2","is_prod":false,"is_daily":false,"chose_seed":false,"campfire_upgraded":10,"win_rate":0,"timestamp":1544806413,"path_taken":["M","$","M","?","M","R","E","$","T","R","M","E","R","M","R","BOSS","M","$","?","?","?","M","M","M","T","R","$","R","E","M","R","BOSS","M","?","?","M","M","R","?","$","T","E","R","E","?","M","R","BOSS","R","$","E","BOSS"],"build_version":"2018-12-13","purchased_purges":2,"victory":false,"max_hp_per_floor":[75,75,75,75,75,75,75,75,75,75,75,75,75,75,75,75,75,75,75,75,37,37,37,37,37,37,37,37,37,37,37,37,37,37,37,37,37,37,37,37,37,37,37,37,37,37,37,37,37,37,37,37,37,37,37],"card_choices":[{"not_picked":["Blizzard","Hologram"],"picked":"Cold Snap","floor":1},{"not_picked":["Recycle","Streamline","Gash"],"picked":"SKIP","floor":3},{"not_picked":["Steam","Hologram"],"picked":"Cold Snap","floor":5},{"not_picked":["Compile Driver","Hello World"],"picked":"Genetic Algorithm","floor":7},{"not_picked":["Double Energy","Buffer","Beam Cell"],"picked":"Conserve Battery","floor":11},{"not_picked":["Hologram","Gash","Capacitor"],"picked":"Compile Driver","floor":12},{"not_picked":["Double Energy","Barrage","Beam Cell"],"picked":"Cold Snap","floor":14},{"not_picked":["Thunder Strike","Reboot","Hyperbeam"],"picked":"Buffer","floor":16},{"not_picked":["Beam Cell","Turbo","Rebound"],"picked":"Redo","floor":18},{"not_picked":["Aggregate+1","Rebound","Loop+1"],"picked":"Seek","floor":22},{"not_picked":["Heatsinks","Recycle+1","Cold Snap+1"],"picked":"FTL+1","floor":23},{"not_picked":["Redo","Go for the Eyes","Coolheaded"],"picked":"White Noise+1","floor":24},{"not_picked":["Beam Cell+1","Amplify","Gash+1","Rip and Tear"],"picked":"SKIP","floor":25},{"not_picked":["Cold Snap","Steam","Heatsinks"],"picked":"Coolheaded","floor":30},{"not_picked":["Streamline+1","Rebound","Beam Cell"],"picked":"Compile Driver","floor":31},{"not_picked":["Stack+1","Turbo+1","Heatsinks","Leap+1"],"picked":"SKIP","floor":35},{"not_picked":["Rebound+1","Turbo","Ball Lightning"],"picked":"Self Repair","floor":37},{"not_picked":["Chill","Coolheaded+1","Heatsinks"],"picked":"Defragment","floor":38},{"not_picked":["Turbo","Conserve Battery+1","Reprogram+1","Sunder+1"],"picked":"SKIP","floor":39},{"not_picked":["Hyperbeam","Chaos+1","Barrage","Amplify"],"picked":"SKIP","floor":44},{"not_picked":["Streamline","Redo","Leap+1","Gash+1"],"picked":"SKIP","floor":46},{"not_picked":["Steam+1","Leap+1","Doom and Gloom","Cold Snap"],"picked":"SKIP","floor":47},{"not_picked":["Conserve Battery+1","Consume+1","Beam Cell+1"],"picked":"Hologram+1","floor":48},{"not_picked":["Hyperbeam","Hello World","Consume+1"],"picked":"BootSequence+1","floor":54}],"player_experience":251748,"relics_obtained":[{"floor":7,"key":"Oddly Smooth Stone"},{"floor":9,"key":"Question Card"},{"floor":12,"key":"Dream Catcher"},{"floor":26,"key":"Gremlin Horn"},{"floor":30,"key":"Art of War"},{"floor":44,"key":"Girya"},{"floor":46,"key":"Symbiotic Virus"},{"floor":54,"key":"Bottled Tornado"}],"event_choices":[{"damage_healed":0,"gold_gain":0,"player_choice":"Ignored","damage_taken":0,"max_hp_gain":0,"max_hp_loss":0,"event_name":"Liars Game","floor":4,"gold_loss":0},{"damage_healed":0,"gold_gain":0,"player_choice":"Opened","damage_taken":0,"relics_obtained":["Mercury Hourglass"],"max_hp_gain":0,"max_hp_loss":0,"event_name":"The Mausoleum","floor":20,"gold_loss":0,"cards_obtained":["Writhe"]},{"damage_healed":0,"gold_gain":0,"player_choice":"Became a Ghost","damage_taken":0,"max_hp_gain":0,"max_hp_loss":38,"event_name":"Ghosts","floor":21,"gold_loss":0,"cards_obtained":["Ghostly","Ghostly","Ghostly","Ghostly","Ghostly"]},{"damage_healed":0,"gold_gain":0,"player_choice":"Forge","damage_taken":0,"max_hp_gain":0,"max_hp_loss":0,"event_name":"Accursed Blacksmith","floor":36,"gold_loss":0,"cards_upgraded":["Ghostly"]},{"damage_healed":0,"gold_gain":275,"player_choice":"Desecrate","damage_taken":0,"max_hp_gain":0,"max_hp_loss":0,"event_name":"Golden Shrine","floor":41,"gold_loss":0,"cards_obtained":["Regret"]}],"is_beta":false,"boss_relics":[{"not_picked":["Pandora\u0027s Box","Runic Pyramid"],"picked":"Philosopher\u0027s Stone"},{"not_picked":["Snecko Eye","Fusion Hammer"],"picked":"White Beast Statue"}],"items_purged_floors":[2,42],"is_endless":false,"potions_floor_spawned":[5,7,12,14,23,24,30,33,35,37,38,39,44,46,47,48,54],"killed_by":"The Heart","ascension_level":0}