{"gold_per_floor":[14,25,25,25,38,38,27,44,44,62,72,87,87,387,387,485,485,503,503,301,313,412,443,443,453,477,218,232,248,259,7,7,106,106,126,140,140,155,80,135,135,135,135,135,147,158,158,176,176,176],"floor_reached":51,"playtime":6193,"items_purged":["Strike_R"],"score":690,"play_id":"d3369f81-f29b-45a2-ae88-0ccbc7f9c152","local_time":"20190210011824","is_ascension_mode":false,"campfire_choices":[{"data":"Bash","floor":6,"key":"SMITH"},{"data":"Shockwave","floor":13,"key":"SMITH"},{"data":"Body Slam","floor":15,"key":"SMITH"},{"floor":24,"key":"REST"},{"data":"Pommel Strike","floor":32,"key":"SMITH"},{"floor":41,"key":"REST"},{"floor":44,"key":"REST"},{"data":"Deep Breath","floor":49,"key":"SMITH"}],"neow_cost":"NO_GOLD","seed_source_timestamp":523915471893317,"circlet_count":0,"master_deck":["Strike_R","Defend_R","Bash+1","Metallicize","Disarm","Deep Breath+1","Body Slam+1","Shockwave+1","Offering+1","Warcry+1","Power Through+1","Metallicize","Evolve","Armaments","Pommel Strike+1","Iron Wave","Entrench+1","Cleave+1","Rampage+1","Body Slam+1","Juggernaut+1","Pommel Strike","Whirlwind+1","Armaments+1","Pommel Strike","Shrug It Off","Shrug It Off+1","Warcry+1","Ghostly Armor+1"],"relics":["Burning Blood","Astrolabe","Nloth\u0027s Gift","Tiny Chest","Gambling Chip","Orichalcum","Pantograph","DollysMirror","Orrery","Calipers","Oddly Smooth Stone"],"potions_floor_usage":[12,16,16,16,23,29,33,33,40,48,48],"damage_taken":[{"damage":5,"enemies":"Cultist","floor":1,"turns":4},{"damage":1,"enemies":"Jaw Worm","floor":2,"turns":5},{"damage":9,"enemies":"2 Louse","floor":5,"turns":3},{"damage":7,"enemies":"Exordium Thugs","floor":7,"turns":4},{"damage":14,"enemies":"Large Slime","floor":8,"turns":9},{"damage":2,"enemies":"Blue Slaver","floor":10,"turns":6},{"damage":18,"enemies":"Lots of Slimes","floor":11,"turns":6},{"damage":7,"enemies":"Red Slaver","floor":12,"turns":5},{"damage":44,"enemies":"Slime Boss","floor":16,"turns":16},{"damage":14,"enemies":"3 Byrds","floor":18,"turns":8},{"damage":7,"enemies":"Shell Parasite","floor":21,"turns":7},{"damage":42,"enemies":"Gremlin Leader","floor":23,"turns":7},{"damage":16,"enemies":"Snake Plant","floor":25,"turns":6},{"damage":9,"enemies":"Centurion and Healer","floor":28,"turns":7},{"damage":11,"enemies":"Sentry and Sphere","floor":29,"turns":10},{"damage":12,"enemies":"Snake Plant","floor":30,"turns":6},{"damage":25,"enemies":"Collector","floor":33,"turns":6},{"damage":26,"enemies":"3 Darklings","floor":35,"turns":5},{"damage":22,"enemies":"Orb Walker","floor":36,"turns":5},{"damage":15,"enemies":"3 Darklings","floor":38,"turns":6},{"damage":31,"enemies":"2 Orb Walkers","floor":40,"turns":6},{"damage":14,"enemies":"Maw","floor":45,"turns":6},{"damage":16,"enemies":"Transient","floor":46,"turns":5},{"damage":4,"enemies":"3 Darklings","floor":48,"turns":7},{"damage":24,"enemies":"Time Eater","floor":50,"turns":14}],"seed_played":"3879305613299935397","potions_obtained":[{"floor":1,"key":"SkillPotion"},{"floor":5,"key":"Swift Potion"},{"floor":8,"key":"SkillPotion"},{"floor":11,"key":"Strength Potion"},{"floor":12,"key":"Swift Potion"},{"floor":21,"key":"GamblersBrew"},{"floor":23,"key":"Block Potion"},{"floor":30,"key":"PowerPotion"},{"floor":35,"key":"Weak Potion"},{"floor":38,"key":"Explosive Potion"},{"floor":40,"key":"FairyPotion"},{"floor":46,"key":"SteroidPotion"}],"is_trial":false,"path_per_floor":["M","M","$","?","M","R","M","M","T","M","M","M","R","?","R","B",null,"M","?","$","M","?","E","R","M","T","$","M","M","M","$","R","B",null,"M","M","?","M","$","?","R","?","T","R","M","M","?","M","R","B",null],"character_chosen":"IRONCLAD","items_purchased":["Tiny Chest","Evolve","Pantograph","DollysMirror","Poison Potion"],"campfire_rested":3,"item_purchase_floors":[20,20,27,31,31],"current_hp_per_floor":[80,80,80,80,77,77,76,68,68,72,60,59,59,59,59,21,80,72,72,72,71,71,35,59,49,49,49,46,41,35,35,35,41,80,60,44,44,35,35,10,34,34,34,58,50,40,40,42,42,49],"gold":176,"neow_bonus":"REMOVE_TWO","is_prod":false,"is_daily":false,"chose_seed":false,"campfire_upgraded":5,"win_rate":0,"timestamp":1549783104,"path_taken":["M","M","?","?","?","R","M","M","T","M","M","M","R","?","R","BOSS","M","?","?","M","?","E","R","M","T","?","M","M","?","$","R","BOSS","M","?","?","?","$","?","R","?","T","R","M","?","?","M","R","BOSS"],"build_version":"2019-01-23","purchased_purges":1,"victory":true,"max_hp_per_floor":[80,80,80,80,80,80,80,80,80,80,80,80,80,80,80,80,80,80,80,80,80,80,80,80,80,80,80,80,80,80,80,80,80,80,80,80,80,80,80,80,80,80,80,80,80,80,80,80,80,80],"card_choices":[{"not_picked":["Entrench","Infernal Blade"],"picked":"Metallicize","floor":1},{"not_picked":["Armaments","Cleave"],"picked":"Disarm","floor":2},{"not_picked":["Shockwave","Sword Boomerang","Warcry"],"picked":"SKIP","floor":5},{"not_picked":["Dropkick","Havoc","Second Wind"],"picked":"SKIP","floor":7},{"not_picked":["Pummel","Twin Strike","True Grit"],"picked":"SKIP","floor":8},{"not_picked":["Twin Strike","Clash","Power Through"],"picked":"SKIP","floor":10},{"not_picked":["Clash","Battle Trance"],"picked":"Body Slam","floor":11},{"not_picked":["Perfected Strike","Pommel Strike"],"picked":"Shockwave","floor":12},{"not_picked":["Burning Pact","True Grit"],"picked":"Metallicize","floor":18},{"not_picked":["Sword Boomerang","Whirlwind"],"picked":"Armaments","floor":21},{"not_picked":["Limit Break","Thunderclap"],"picked":"Pommel Strike","floor":23},{"not_picked":["Second Wind","True Grit"],"picked":"Iron Wave","floor":25},{"not_picked":["Armaments+1","Carnage"],"picked":"Entrench+1","floor":28},{"not_picked":["Clothesline","Heavy Blade"],"picked":"Cleave+1","floor":29},{"not_picked":["Inflame","Flex+1"],"picked":"Rampage+1","floor":30},{"not_picked":["Reaper","Berserk"],"picked":"Juggernaut","floor":33},{"not_picked":["Heavy Blade","Searing Blow+1"],"picked":"Pommel Strike","floor":34},{"not_picked":["Clash","Armaments"],"picked":"Whirlwind+1","floor":34},{"not_picked":["Twin Strike","Warcry+1"],"picked":"Armaments+1","floor":34},{"not_picked":["Iron Wave","Anger"],"picked":"Pommel Strike","floor":35},{"not_picked":["Berserk","Headbutt"],"picked":"Shrug It Off","floor":36},{"not_picked":["Dual Wield","Flex+1"],"picked":"Shrug It Off+1","floor":38},{"not_picked":["Havoc+1","Reckless Charge+1"],"picked":"Warcry+1","floor":45},{"not_picked":["Exhume","Clash+1"],"picked":"Ghostly Armor+1","floor":46},{"not_picked":["Pommel Strike","Cleave","Wild Strike+1"],"picked":"SKIP","floor":48}],"player_experience":148732,"relics_obtained":[{"floor":14,"key":"Old Coin"},{"floor":23,"key":"Gambling Chip"},{"floor":26,"key":"Orichalcum"},{"floor":40,"key":"Calipers"},{"floor":43,"key":"Oddly Smooth Stone"}],"event_choices":[{"damage_healed":0,"gold_gain":0,"player_choice":"1 cards matched","damage_taken":0,"max_hp_gain":0,"max_hp_loss":0,"event_name":"Match and Keep!","floor":4,"gold_loss":0,"cards_obtained":["Deep Breath"]},{"damage_healed":0,"gold_gain":0,"player_choice":"1 cards matched","damage_taken":0,"max_hp_gain":0,"max_hp_loss":0,"event_name":"Match and Keep!","floor":4,"gold_loss":0,"cards_obtained":["Deep Breath"]},{"damage_healed":0,"gold_gain":0,"player_choice":"Relic","damage_taken":0,"max_hp_gain":0,"max_hp_loss":0,"event_name":"Wheel of Change","floor":14,"gold_loss":0},{"damage_healed":0,"gold_gain":0,"player_choice":"Traded Relic","damage_taken":0,"relics_obtained":["Nloth\u0027s Gift"],"max_hp_gain":0,"max_hp_loss":0,"event_name":"N\u0027loth","floor":19,"relics_lost":["Old Coin"],"gold_loss":0},{"damage_healed":0,"gold_gain":99,"player_choice":"Stole From Cult","damage_taken":0,"max_hp_gain":0,"max_hp_loss":0,"event_name":"Nest","floor":22,"gold_loss":0},{"damage_healed":0,"gold_gain":0,"player_choice":"Ignored","damage_taken":0,"max_hp_gain":0,"max_hp_loss":0,"event_name":"SecretPortal","floor":37,"gold_loss":0},{"damage_healed":0,"gold_gain":0,"player_choice":"Fight","damage_taken":0,"max_hp_gain":0,"max_hp_loss":0,"event_name":"Mysterious Sphere","floor":40,"gold_loss":0},{"damage_healed":0,"gold_gain":0,"player_choice":"Forge","damage_taken":0,"max_hp_gain":0,"max_hp_loss":0,"event_name":"Accursed Blacksmith","floor":42,"gold_loss":0,"cards_upgraded":["Juggernaut"]},{"cards_removed":["Defend_R"],"damage_healed":0,"gold_gain":0,"player_choice":"Removed Skill","damage_taken":0,"max_hp_gain":0,"max_hp_loss":0,"event_name":"Falling","floor":47,"gold_loss":0}],"is_beta":false,"boss_relics":[{"not_picked":["Black Star","Runic Pyramid"],"picked":"Astrolabe"},{"not_picked":["Coffee Dripper","Sozu"],"picked":"Orrery"}],"items_purged_floors":[39],"is_endless":false,"potions_floor_spawned":[1,5,8,11,12,21,23,30,35,38,40,46],"ascension_level":0}