{"path_per_floor":["M","?","?","M","M","R","?","T","T","M","T","R","M","$","R","B",null,"M","$","?","?","?","R","M","R","T","M","M","M","M"],"character_chosen":"IRONCLAD","items_purchased":["Trip","Body Slam","Cleave"],"gold_per_floor":[114,114,114,127,140,140,140,164,164,174,199,199,211,44,44,149,149,159,83,83,83,83,83,100,100,100,114,124,137,154,154],"floor_reached":31,"campfire_rested":1,"playtime":1031,"current_hp_per_floor":[75,75,75,80,80,80,64,64,64,35,35,35,33,33,57,10,80,60,60,60,60,60,60,54,54,54,25,13,16,12,0],"items_purged":["Strike_R"],"gold":154,"score":252,"play_id":"bcf2bb8a-d331-4569-be26-5eb0633ac4fb","local_time":"20180515001951","is_prod":false,"is_daily":false,"chose_seed":false,"is_ascension_mode":false,"campfire_upgraded":4,"timestamp":1526314791,"path_taken":["M","?","?","M","?","R","?","?","T","M","?","R","M","$","R","BOSS","M","$","?","?","?","R","M","R","T","M","M","M","M","?"],"build_version":"2018-05-10","seed_source_timestamp":24008690257561,"purchased_purges":1,"victory":false,"master_deck":["Strike_R+1","Strike_R+1","Strike_R+1","Strike_R+1","Defend_R+1","Defend_R+1","Defend_R+1","Defend_R+1","Bash+1","Uppercut+1","Inflame","Armaments+1","Pommel Strike","Body Slam+1","Bloodletting","Trip+1","Impervious","Sword Boomerang","Body Slam+1","Cleave","Battle Trance","Body Slam","Limit Break","Body Slam+1"],"max_hp_per_floor":[80,80,80,80,80,80,80,80,80,80,80,80,80,80,80,80,80,80,80,80,80,80,80,80,80,80,80,80,80,80,80],"relics":["Burning Blood"],"card_choices":[{"not_picked":["Warcry","Havoc"],"picked":"Uppercut","floor":0},{"not_picked":["Warcry","Dropkick"],"picked":"Inflame","floor":1},{"not_picked":["Carnage","Havoc"],"picked":"Armaments","floor":4},{"not_picked":["Brutality","Anger"],"picked":"Pommel Strike","floor":5},{"not_picked":["Burning Pact","Iron Wave"],"picked":"Body Slam","floor":10},{"not_picked":["Dual Wield","Twin Strike"],"picked":"Bloodletting","floor":13},{"not_picked":["Reaper","Brutality"],"picked":"Impervious","floor":16},{"not_picked":["Wild Strike","Searing Blow"],"picked":"Sword Boomerang","floor":18},{"not_picked":["Carnage","Uppercut"],"picked":"Battle Trance","floor":24},{"not_picked":["Fire Breathing","Havoc"],"picked":"Body Slam","floor":27},{"not_picked":["Havoc","Pommel Strike"],"picked":"Limit Break","floor":29},{"not_picked":["Second Wind","Sword Boomerang"],"picked":"Body Slam","floor":30}],"player_experience":620356,"potions_floor_usage":[16,24,28,30],"damage_taken":[{"damage":11,"enemies":"Jaw Worm","floor":1,"turns":3},{"damage":0,"enemies":"Cultist","floor":4,"turns":3},{"damage":3,"enemies":"Small Slimes","floor":5,"turns":3},{"damage":35,"enemies":"Exordium Thugs","floor":10,"turns":4},{"damage":8,"enemies":"Red Slaver","floor":13,"turns":3},{"damage":53,"enemies":"The Guardian","floor":16,"turns":13},{"damage":26,"enemies":"2 Thieves","floor":18,"turns":5},{"damage":12,"enemies":"Chosen","floor":24,"turns":4},{"damage":35,"enemies":"Slaver and Parasite","floor":27,"turns":6},{"damage":18,"enemies":"3 Cultists","floor":28,"turns":5},{"damage":3,"enemies":"Snake Plant","floor":29,"turns":4},{"damage":10,"enemies":"Centurion and Healer","floor":30,"turns":4},{"damage":24,"enemies":"3 Cultists","floor":31,"turns":3}],"event_choices":[{"event_name":"Accursed Blacksmith","player_choice":"Forge","floor":2,"damage_taken":0},{"event_name":"Upgrade Shrine","player_choice":"Upgraded","floor":3,"damage_taken":0},{"event_name":"Shining Light","player_choice":"Entered Light","floor":7,"damage_taken":0},{"event_name":"Ghosts","player_choice":"Ignored","floor":20,"damage_taken":0},{"event_name":"The Woman in Blue","player_choice":"Bought 0 Potions","floor":21,"damage_taken":0},{"event_name":"Back to Basics","player_choice":"Simplicity","floor":22,"damage_taken":0}],"boss_relics":[{"not_picked":["Runic Cube","Pandora\u0027s Box","Tiny House"]}],"potions_floor_spawned":[4,5,16,18,24,29],"seed_played":"3517611179816081380","killed_by":"3 Cultists","ascension_level":0,"is_trial":false}