{"gold_per_floor":[114,125,135,85,55,68,78,78,78,92,127,127,140,160,160,264,264,282,21,0,0,19,19,30,30,30,30,42,42,61,61],"floor_reached":31,"playtime":3039,"items_purged":[],"score":291,"play_id":"935ebbdb-e555-41bd-b51e-51b23af27236","local_time":"20180922104536","is_ascension_mode":false,"campfire_choices":[{"data":"Backstab","floor":8,"key":"SMITH"},{"floor":15,"key":"REST"},{"floor":23,"key":"REST"},{"floor":25,"key":"REST"},{"floor":27,"key":"REST"},{"floor":29,"key":"REST"}],"neow_cost":"","seed_source_timestamp":10570346980514,"circlet_count":0,"master_deck":["Defend_G","Defend_G","Defend_G","Defend_G","Strike_G","Strike_G","Strike_G","Strike_G","Strike_G","Survivor","Neutralize","Blur","Backstab+1","Deadly Poison","Dagger Spray","Terror","Dodge and Roll","Deadly Poison","Distraction","Infinite Blades","Burst","Calculated Gamble+1","Poisoned Stab","Noxious Fumes","Prepared","Dash","Dagger Throw"],"relics":["Dodecahedron","Mummified Hand","MealTicket","Nloth\u0027s Gift","Pear"],"potions_floor_usage":[16,18,18,28,28,30],"damage_taken":[{"damage":1,"enemies":"Cultist","floor":1,"turns":4},{"damage":0,"enemies":"Small Slimes","floor":2,"turns":7},{"damage":3,"enemies":"Jaw Worm","floor":3,"turns":4},{"damage":7,"enemies":"Blue Slaver","floor":6,"turns":4},{"damage":0,"enemies":"3 Louse","floor":7,"turns":2},{"damage":0,"enemies":"Red Slaver","floor":10,"turns":3},{"damage":19,"enemies":"Gremlin Nob","floor":11,"turns":4},{"damage":0,"enemies":"Large Slime","floor":13,"turns":3},{"damage":13,"enemies":"Exordium Thugs","floor":14,"turns":3},{"damage":0,"enemies":"Slime Boss","floor":16,"turns":5},{"damage":14,"enemies":"Spheric Guardian","floor":18,"turns":4},{"damage":20,"enemies":"Chosen","floor":22,"turns":6},{"damage":36,"enemies":"Centurion and Healer","floor":24,"turns":9},{"damage":33,"enemies":"Snecko","floor":28,"turns":8},{"damage":51,"enemies":"Cultist and Chosen","floor":30,"turns":7},{"damage":32,"enemies":"Chosen and Byrds","floor":31,"turns":4}],"seed_played":"-6051923519552816121","potions_obtained":[{"floor":1,"key":"AttackPotion"},{"floor":5,"key":"PowerPotion"},{"floor":5,"key":"EntropicBrew"},{"floor":18,"key":"Explosive Potion"},{"floor":24,"key":"AttackPotion"}],"is_trial":false,"path_per_floor":["M","M","M","?","?","M","M","R","T","M","E","?","M","M","R","B",null,"M","$","?","?","M","R","M","R","T","R","M","R","M"],"character_chosen":"THE_SILENT","items_purchased":["Poisoned Stab","MealTicket"],"campfire_rested":5,"item_purchase_floors":[19,19],"current_hp_per_floor":[69,69,66,66,66,59,59,59,59,59,40,63,63,50,70,70,70,56,56,56,56,36,57,21,42,52,76,43,67,16,0],"gold":61,"neow_bonus":"","is_prod":false,"is_daily":false,"chose_seed":false,"campfire_upgraded":1,"win_rate":0.0,"timestamp":1537605936,"path_taken":["M","M","?","?","?","M","M","R","T","?","E","?","M","M","R","BOSS","M","$","?","?","M","R","?","R","T","R","M","R","M","M"],"build_version":"2018-09-20","purchased_purges":0,"victory":false,"max_hp_per_floor":[70,70,70,70,70,70,70,70,70,70,70,70,70,70,70,70,70,70,70,70,70,70,70,70,70,80,80,80,80,80,80],"card_choices":[{"not_picked":["Prepared","Outmaneuver"],"picked":"Blur","floor":1},{"not_picked":["Well Laid Plans","Flechettes"],"picked":"Backstab","floor":2},{"not_picked":["Underhanded Strike","Dodge and Roll"],"picked":"Deadly Poison","floor":3},{"not_picked":["PiercingWail","Heel Hook"],"picked":"Dagger Spray","floor":6},{"not_picked":["Footwork","Phantasmal Killer"],"picked":"Terror","floor":7},{"not_picked":["Sucker Punch","Leg Sweep"],"picked":"Dodge and Roll","floor":10},{"not_picked":["Dash","Dagger Throw"],"picked":"Deadly Poison","floor":11},{"not_picked":["Terror","Underhanded Strike"],"picked":"Distraction","floor":13},{"not_picked":["Outmaneuver","Heel Hook"],"picked":"Infinite Blades","floor":14},{"not_picked":["Phantasmal Killer","Doppelganger"],"picked":"Burst","floor":16},{"not_picked":["Slice+1","Outmaneuver+1"],"picked":"Calculated Gamble+1","floor":18},{"not_picked":["Poisoned Stab","Distraction"],"picked":"Noxious Fumes","floor":22},{"not_picked":["Dagger Spray","Quick Slash"],"picked":"Prepared","floor":24},{"not_picked":["Flying Knee+1","Venomology"],"picked":"Dash","floor":28},{"not_picked":["All Out Attack","Underhanded Strike"],"picked":"Dagger Throw","floor":30}],"player_experience":10438,"relics_obtained":[{"floor":9,"key":"Dodecahedron"},{"floor":11,"key":"Mummified Hand"},{"floor":26,"key":"Pear"}],"event_choices":[{"event_name":"The Cleric","player_choice":"Card Removal","floor":4,"damage_taken":0},{"event_name":"The Woman in Blue","player_choice":"Bought 2 Potions","floor":5,"damage_taken":0},{"event_name":"Big Fish","player_choice":"Banana","floor":12,"damage_taken":0},{"event_name":"Masked Bandits","player_choice":"Paid Fearfully","floor":20,"damage_taken":0},{"event_name":"N\u0027loth","player_choice":"Traded a Ring of the Serpent","floor":21,"damage_taken":0}],"is_beta":false,"boss_relics":[{"not_picked":["Coffee Dripper","Snecko Eye"],"picked":"Ring of the Serpent"}],"items_purged_floors":[],"is_endless":false,"potions_floor_spawned":[1,6,10,13,18,24],"killed_by":"Chosen and Byrds","ascension_level":0}