{"path_per_floor":["M","?","$","?","M","R","E","M","T","R","M","R","$","M","R","B",null,"M","M","M","$","M","R","?","M","T","M","R","M","$","M","R","B",null,"M","?","M","?","$","R","M","R","T","?","R","M","M","$","R"],"character_chosen":"IRONCLAD","items_purchased":["Spot Weakness","Bag of Preparation","Shrug It Off","Dropkick"],"gold_per_floor":[119,119,8,8,20,20,54,74,98,98,114,114,14,25,25,130,130,149,168,178,53,70,70,70,82,82,101,101,116,116,129,129,234,234,252,252,265,265,112,112,122,122,122,122,122,135,148,25,25,25],"floor_reached":50,"campfire_rested":4,"playtime":2019,"current_hp_per_floor":[80,80,80,80,80,80,37,36,36,36,38,77,77,80,80,49,80,80,80,61,61,50,50,50,27,27,29,68,66,66,49,80,45,80,73,73,71,71,71,71,67,67,67,67,67,56,48,48,80,0],"items_purged":["Defend_R","Strike_R","Strike_R"],"gold":25,"score":542,"play_id":"9f6bc314-823b-4dbf-8bae-51325785e3cc","local_time":"20180520163927","is_prod":false,"is_daily":false,"chose_seed":false,"is_ascension_mode":true,"campfire_upgraded":7,"timestamp":1526805567,"campfire_choices":[{"data":"Armaments","floor":6,"key":"SMITH"},{"data":"Whirlwind","floor":10,"key":"SMITH"},{"floor":12,"key":"REST"},{"data":"Bash","floor":15,"key":"SMITH"},{"data":"Offering","floor":23,"key":"SMITH"},{"floor":28,"key":"REST"},{"floor":32,"key":"REST"},{"data":"Double Tap","floor":40,"key":"SMITH"},{"data":"Heavy Blade","floor":42,"key":"SMITH"},{"data":"Good Instincts","floor":45,"key":"SMITH"},{"floor":49,"key":"REST"}],"path_taken":["M","?","$","?","M","R","E","M","T","R","M","R","$","M","R","BOSS","M","M","M","$","M","R","?","M","T","M","R","M","?","M","R","BOSS","M","?","M","?","?","R","?","R","T","?","R","M","M","$","R","BOSS"],"build_version":"2018-05-17","seed_source_timestamp":104031086007120,"purchased_purges":3,"victory":false,"master_deck":["Defend_R","Defend_R","Defend_R","Bash+1","Second Wind","Flex","Blind","Armaments+1","Spot Weakness","Whirlwind+1","Inflame","Thunderclap","Cleave","Headbutt","Offering+1","Rampage+1","Twin Strike","Heavy Blade+1","Uppercut+1","Double Tap+1","Flame Barrier+1","Good Instincts+1","Twin Strike","Twin Strike+1","Shrug It Off","Dropkick"],"max_hp_per_floor":[80,80,80,80,80,80,80,80,80,80,80,80,80,80,80,80,80,80,80,80,80,80,80,80,80,80,80,80,80,80,80,80,80,80,80,80,80,80,80,80,80,80,80,80,80,80,80,80,80,80],"relics":["Burning Blood","Bronze Scales","Regal Pillow","Black Star","Shuriken","Mark of Pain","Bag of Preparation","Self Forming Clay"],"card_choices":[{"not_picked":["Infernal Blade","Power Through"],"picked":"Flex","floor":1},{"not_picked":["Blood for Blood","Headbutt"],"picked":"Whirlwind","floor":5},{"not_picked":["Searing Blow","Armaments"],"picked":"Inflame","floor":7},{"not_picked":["Perfected Strike","Warcry"],"picked":"Thunderclap","floor":8},{"not_picked":["Fire Breathing","Havoc"],"picked":"Cleave","floor":11},{"not_picked":["Clothesline","Body Slam"],"picked":"Headbutt","floor":14},{"not_picked":["Brutality","Fiend Fire"],"picked":"Offering","floor":16},{"not_picked":["Havoc","Dropkick","Anger"],"picked":"SKIP","floor":18},{"not_picked":["Anger+1","True Grit"],"picked":"Rampage+1","floor":19},{"not_picked":["Reckless Charge+1","Heavy Blade","Wild Strike"],"picked":"SKIP","floor":20},{"not_picked":["Armaments","Anger+1","Hemokinesis+1"],"picked":"SKIP","floor":22},{"not_picked":["Havoc","Cleave"],"picked":"Twin Strike","floor":25},{"not_picked":["Iron Wave","Reaper"],"picked":"Heavy Blade","floor":27},{"not_picked":["True Grit","Power Through","Carnage"],"picked":"SKIP","floor":29},{"not_picked":["Thunderclap+1","Evolve+1"],"picked":"Uppercut+1","floor":31},{"not_picked":["Bludgeon","Demon Form"],"picked":"Double Tap","floor":33},{"not_picked":["Hemokinesis","Clothesline+1","Cleave+1"],"picked":"SKIP","floor":35},{"not_picked":["Heavy Blade","Cleave","Thunderclap"],"picked":"SKIP","floor":37},{"not_picked":["Havoc+1","Anger+1"],"picked":"Flame Barrier+1","floor":41},{"not_picked":["Blind","Transmutation"],"picked":"Good Instincts","floor":44},{"not_picked":["Thunderclap","Feel No Pain"],"picked":"Twin Strike","floor":46},{"not_picked":["Cleave","Infernal Blade+1"],"picked":"Twin Strike+1","floor":47}],"player_experience":650592,"potions_floor_usage":[19,20,27,29,33,33,41,50,50],"damage_taken":[{"damage":0,"enemies":"2 Louse","floor":1,"turns":2},{"damage":6,"enemies":"Cultist","floor":5,"turns":5},{"damage":49,"enemies":"Lagavulin","floor":7,"turns":7},{"damage":7,"enemies":"Jaw Worm","floor":8,"turns":3},{"damage":4,"enemies":"Blue Slaver","floor":11,"turns":3},{"damage":0,"enemies":"Large Slime","floor":14,"turns":3},{"damage":37,"enemies":"The Guardian","floor":16,"turns":9},{"damage":0,"enemies":"3 Byrds","floor":18,"turns":3},{"damage":4,"enemies":"Chosen","floor":19,"turns":5},{"damage":33,"enemies":"Snake Plant","floor":20,"turns":5},{"damage":17,"enemies":"Snecko","floor":22,"turns":3},{"damage":29,"enemies":"Cultist and Chosen","floor":25,"turns":6},{"damage":4,"enemies":"Chosen and Byrds","floor":27,"turns":4},{"damage":16,"enemies":"Snecko","floor":29,"turns":4},{"damage":23,"enemies":"3 Cultists","floor":31,"turns":3},{"damage":49,"enemies":"Collector","floor":33,"turns":6},{"damage":13,"enemies":"Orb Walker","floor":35,"turns":3},{"damage":8,"enemies":"3 Darklings","floor":37,"turns":2},{"damage":10,"enemies":"Maw","floor":41,"turns":6},{"damage":17,"enemies":"Sphere and 2 Shapes","floor":46,"turns":2},{"damage":14,"enemies":"3 Darklings","floor":47,"turns":5},{"damage":82,"enemies":"Awakened One","floor":50,"turns":9}],"relics_obtained":[{"floor":7,"key":"Bronze Scales"},{"floor":9,"key":"Regal Pillow"},{"floor":26,"key":"Shuriken"},{"floor":43,"key":"Self Forming Clay"}],"event_choices":[{"event_name":"Match and Keep!","player_choice":"2 cards matched","floor":2,"damage_taken":0},{"event_name":"The Cleric","player_choice":"Leave","floor":4,"damage_taken":0},{"event_name":"Back to Basics","player_choice":"Elegance","floor":24,"damage_taken":0},{"event_name":"Tomb of Lord Red Mask","player_choice":"Ignored","floor":36,"damage_taken":0},{"event_name":"Purifier","player_choice":"One Purge","floor":38,"damage_taken":0},{"event_name":"SensoryStone","player_choice":"Memory 1","floor":44,"damage_taken":0}],"boss_relics":[{"not_picked":["Runic Pyramid","Philosopher\u0027s Stone"],"picked":"Black Star"},{"not_picked":["Calling Bell","Runic Dome"],"picked":"Mark of Pain"}],"potions_floor_spawned":[1,5,8,16,19,22,25,27,31,37,41,47],"seed_played":"300105967334336981","killed_by":"Awakened One","ascension_level":3,"potions_obtained":[{"floor":1,"key":"EssenceOfSteel"},{"floor":5,"key":"PowerPotion"},{"floor":8,"key":"Energy Potion"},{"floor":16,"key":"Ancient Potion"},{"floor":19,"key":"BloodPotion"},{"floor":22,"key":"Poison Potion"},{"floor":25,"key":"Swift Potion"},{"floor":27,"key":"BloodPotion"},{"floor":31,"key":"BloodPotion"},{"floor":37,"key":"Fire Potion"},{"floor":41,"key":"Swift Potion"},{"floor":47,"key":"FearPotion"}],"is_trial":false}