{"gold_per_floor":[112,124,142,142,67,67,93,107,156,169,169,186,206,206,206,304,304,324,324,177,191,191,191,191,210,210,210,310,329,343,343],"floor_reached":31,"playtime":1294,"items_purged":["Strike_R","Strike_R"],"score":239,"play_id":"82d6b6d6-a14c-4c71-99bb-01da67a539f8","local_time":"20190304230032","is_ascension_mode":false,"campfire_choices":[{"data":"Rampage","floor":6,"key":"SMITH"},{"data":"Trip","floor":11,"key":"SMITH"},{"data":"Limit Break","floor":15,"key":"SMITH"},{"data":"Armaments","floor":23,"key":"SMITH"},{"data":"Flex","floor":27,"key":"SMITH"}],"neow_cost":"NONE","seed_source_timestamp":806915311938331,"circlet_count":0,"master_deck":["Strike_R","Defend_R","Defend_R","Defend_R","Defend_R","Bash","Trip+1","Shrug It Off","Rampage+1","Dropkick","Headbutt","Flex+1","Limit Break+1","Offering","Heavy Blade","Armaments+1","Heavy Blade","Shrug It Off","Dropkick+1"],"relics":["Burning Blood","Bottled Flame","Busted Crown","Potion Belt","Charon\u0027s Ashes","Pantograph"],"potions_floor_usage":[16,21,28,28],"damage_taken":[{"damage":2,"enemies":"Small Slimes","floor":1,"turns":3},{"damage":1,"enemies":"Cultist","floor":2,"turns":3},{"damage":2,"enemies":"Jaw Worm","floor":3,"turns":4},{"damage":34,"enemies":"Gremlin Nob","floor":7,"turns":5},{"damage":1,"enemies":"2 Fungi Beasts","floor":8,"turns":4},{"damage":11,"enemies":"Exordium Wildlife","floor":10,"turns":4},{"damage":5,"enemies":"Looter","floor":12,"turns":2},{"damage":3,"enemies":"Large Slime","floor":13,"turns":3},{"damage":24,"enemies":"Hexaghost","floor":16,"turns":9},{"damage":16,"enemies":"Spheric Guardian","floor":18,"turns":4},{"damage":14,"enemies":"3 Byrds","floor":21,"turns":6},{"damage":28,"enemies":"Snecko","floor":25,"turns":5},{"damage":5,"enemies":"Colosseum Slavers","floor":28,"turns":3},{"damage":17,"enemies":"Colosseum Nobs","floor":28,"turns":3},{"damage":12,"enemies":"Snake Plant","floor":29,"turns":4},{"damage":22,"enemies":"Cultist and Chosen","floor":30,"turns":5},{"damage":9,"enemies":"Shelled Parasite and Fungi","floor":31,"turns":1}],"seed_played":"5250672433592099510","potions_obtained":[{"floor":1,"key":"Swift Potion"},{"floor":10,"key":"Explosive Potion"},{"floor":13,"key":"Poison Potion"},{"floor":18,"key":"SpeedPotion"},{"floor":30,"key":"LiquidBronze"}],"is_trial":false,"path_per_floor":["M","M","M","?","$","R","E","M","T","M","R","M","M","?","R","B",null,"M","?","$","M","?","R","?","M","T","R","?","M","M","M"],"character_chosen":"IRONCLAD","items_purchased":["Armaments"],"campfire_rested":0,"item_purchase_floors":[20],"current_hp_per_floor":[80,80,80,80,80,80,52,57,57,52,52,53,56,49,49,31,80,70,70,70,62,62,62,62,40,40,40,30,24,8,0],"gold":343,"neow_bonus":"RANDOM_COLORLESS","is_prod":false,"is_daily":false,"chose_seed":false,"campfire_upgraded":5,"win_rate":0,"timestamp":1551711632,"path_taken":["M","M","M","?","$","R","E","?","T","M","R","M","M","?","R","BOSS","M","?","$","M","?","R","?","M","T","R","?","M","?","M"],"build_version":"2019-01-23","purchased_purges":2,"victory":false,"max_hp_per_floor":[80,80,80,80,80,80,80,80,80,80,80,80,80,80,80,80,80,80,80,80,80,80,80,80,80,80,80,80,80,80,80],"card_choices":[{"not_picked":["True Grit","Twin Strike"],"picked":"Shrug It Off","floor":1},{"not_picked":["Heavy Blade","Burning Pact","Clothesline"],"picked":"SKIP","floor":2},{"not_picked":["Cleave","Sword Boomerang"],"picked":"Rampage","floor":3},{"not_picked":["Thunderclap","Iron Wave"],"picked":"Dropkick","floor":7},{"not_picked":["Anger","True Grit","Perfected Strike"],"picked":"SKIP","floor":8},{"not_picked":["True Grit","Warcry"],"picked":"Headbutt","floor":10},{"not_picked":["Sword Boomerang","Bloodletting"],"picked":"Flex","floor":12},{"not_picked":["Clash","Headbutt"],"picked":"Limit Break","floor":13},{"not_picked":["Juggernaut","Fiend Fire"],"picked":"Offering","floor":16},{"not_picked":["Shockwave"],"picked":"SKIP","floor":18},{"not_picked":["Entrench"],"picked":"SKIP","floor":21},{"not_picked":[],"picked":"Heavy Blade","floor":25},{"not_picked":[],"picked":"Shrug It Off","floor":29},{"not_picked":[],"picked":"Dropkick+1","floor":30}],"player_experience":749277,"relics_obtained":[{"floor":7,"key":"Bottled Flame"},{"floor":26,"key":"Potion Belt"},{"floor":28,"key":"Charon\u0027s Ashes"},{"floor":28,"key":"Pantograph"}],"event_choices":[{"cards_removed":["Strike_R"],"damage_healed":0,"gold_gain":0,"player_choice":"Offered Basic","damage_taken":0,"max_hp_gain":0,"max_hp_loss":0,"event_name":"Bonfire Elementals","floor":4,"gold_loss":0},{"cards_removed":["Strike_R"],"damage_healed":0,"gold_gain":0,"player_choice":"Card Removal","damage_taken":7,"max_hp_gain":0,"max_hp_loss":0,"event_name":"Golden Wing","floor":14,"gold_loss":0},{"damage_healed":0,"gold_gain":0,"player_choice":"Read","damage_taken":0,"max_hp_gain":0,"max_hp_loss":0,"event_name":"The Library","floor":19,"gold_loss":0,"cards_obtained":["Heavy Blade"]},{"damage_healed":0,"gold_gain":0,"player_choice":"Ignored","damage_taken":0,"max_hp_gain":0,"max_hp_loss":0,"event_name":"Vampires","floor":22,"gold_loss":0},{"damage_healed":0,"gold_gain":0,"player_choice":"Ignored","damage_taken":0,"max_hp_gain":0,"max_hp_loss":0,"event_name":"Ghosts","floor":24,"gold_loss":0},{"damage_healed":0,"gold_gain":0,"player_choice":"Fight","damage_taken":0,"max_hp_gain":0,"max_hp_loss":0,"event_name":"Colosseum","floor":28,"gold_loss":0},{"damage_healed":0,"gold_gain":0,"player_choice":"Fought Nobs","damage_taken":0,"max_hp_gain":0,"max_hp_loss":0,"event_name":"Colosseum","floor":28,"gold_loss":0}],"is_beta":false,"boss_relics":[{"not_picked":["Eternal Feather","Snecko Eye"],"picked":"Busted Crown"}],"items_purged_floors":[5,20],"is_endless":false,"potions_floor_spawned":[1,10,13,18,28,30],"killed_by":"Shelled Parasite and Fungi","ascension_level":0}