{"gold_per_floor":[109,27,27,39,39,66,78,124,160,200,224,251,263,291,303,413,425,451,562,499,511,533,572,584,596],"floor_reached":25,"playtime":1702,"items_purged":[],"score":304,"play_id":"ebf39f30-3410-4dc7-9cbc-0e37f1451ba0","local_time":"20190303005140","is_ascension_mode":true,"campfire_choices":[{"data":"Zap","floor":7.0,"key":"SMITH"},{"data":"Fusion","floor":15.0,"key":"SMITH"},{"floor":24,"key":"REST"}],"neow_cost":"NONE","seed_source_timestamp":0,"circlet_count":0,"master_deck":["Zap+1","Dualcast","Self Repair","Sunder+1","Conserve Battery","Go for the Eyes","Cold Snap","Fusion+1","White Noise","White Noise","Skim","Leap","Seek","Electrodynamics","Go for the Eyes","Sunder","Reinforced Body","Rainbow","Self Repair","FTL","Redo","White Noise","Cold Snap"],"special_seed":0,"relics":["Cracked Core","NeowsBlessing","MawBank","Potion Belt","Regal Pillow","Centennial Puzzle","Strawberry","Pandora\u0027s Box","Nunchaku"],"potions_floor_usage":[25],"damage_taken":[{"damage":0.0,"enemies":"Jaw Worm","floor":1.0,"turns":1.0},{"damage":0.0,"enemies":"Small Slimes","floor":4.0,"turns":1.0},{"damage":0.0,"enemies":"Lagavulin","floor":6.0,"turns":1.0},{"damage":14.0,"enemies":"Gremlin Nob","floor":8.0,"turns":4.0},{"damage":8.0,"enemies":"3 Sentries","floor":10.0,"turns":6.0},{"damage":0.0,"enemies":"Cultist","floor":11.0,"turns":3.0},{"damage":9.0,"enemies":"Exordium Thugs","floor":12.0,"turns":4.0},{"damage":0.0,"enemies":"2 Fungi Beasts","floor":14.0,"turns":2.0},{"damage":8.0,"enemies":"The Guardian","floor":16.0,"turns":10.0},{"damage":11,"enemies":"Shell Parasite","floor":18,"turns":5},{"damage":0,"enemies":"3 Byrds","floor":22,"turns":2},{"damage":69,"enemies":"Slavers","floor":23,"turns":6},{"damage":63,"enemies":"Book of Stabbing","floor":25,"turns":4}],"seed_played":"5787123720828431657","potions_obtained":[{"floor":5.0,"key":"FearPotion"},{"floor":5.0,"key":"LiquidBronze"},{"floor":5.0,"key":"Dexterity Potion"},{"floor":6.0,"key":"LiquidBronze"},{"floor":10.0,"key":"SneckoOil"},{"floor":11.0,"key":"FearPotion"},{"floor":16.0,"key":"Fire Potion"},{"floor":22,"key":"Explosive Potion"}],"is_trial":false,"path_per_floor":["M","$","?","M","?","E","R","E","T","E","M","M","T","M","R","B",null,"M","?","?","$","M","E","R","E"],"character_chosen":"DEFECT","items_purchased":["Sunder","Conserve Battery"],"campfire_rested":1,"item_purchase_floors":[2,2],"current_hp_per_floor":[75,75,60,67,67,74,74,67,67,66,73,71,78,78,78,77,82,78,78,78,78,78,23,62,0],"gold":596,"neow_bonus":"THREE_ENEMY_KILL","is_prod":false,"is_daily":false,"chose_seed":false,"campfire_upgraded":2,"win_rate":0,"timestamp":1551595900,"path_taken":["M","$","?","M","?","E","R","E","T","E","M","?","?","M","R","BOSS","M","?","?","?","?","E","R","E"],"build_version":"2019-01-23","purchased_purges":0,"victory":false,"max_hp_per_floor":[75,75,75,75,75,75,75,75,75,75,75,75,82,82,82,82,82,82,82,82,82,82,82,82,82],"card_choices":[{"not_picked":["Ball Lightning","Beam Cell"],"picked":"Self Repair","floor":1.0},{"not_picked":["Beam Cell","Steam"],"picked":"Go for the Eyes","floor":4.0},{"not_picked":["Rip and Tear","Aggregate"],"picked":"Cold Snap","floor":6.0},{"not_picked":["Steam Power","Consume"],"picked":"Fusion","floor":8.0},{"not_picked":["Ball Lightning","Go for the Eyes"],"picked":"White Noise","floor":10.0},{"not_picked":["Blizzard","Reinforced Body"],"picked":"White Noise","floor":11.0},{"not_picked":["Fusion","Gash"],"picked":"Skim","floor":12.0},{"not_picked":["Undo","Scrape"],"picked":"Leap","floor":14.0},{"not_picked":["Machine Learning","Reboot"],"picked":"Seek","floor":16.0},{"not_picked":["Blizzard","Coolheaded"],"picked":"Redo","floor":18},{"not_picked":["Sweeping Beam+1","Conserve Battery+1"],"picked":"White Noise","floor":22},{"not_picked":["Gash","Rebound"],"picked":"Cold Snap","floor":23}],"player_experience":229161,"relics_obtained":[{"floor":6.0,"key":"MawBank"},{"floor":8.0,"key":"Potion Belt"},{"floor":9.0,"key":"Regal Pillow"},{"floor":10.0,"key":"Centennial Puzzle"},{"floor":13.0,"key":"Strawberry"},{"floor":23,"key":"Nunchaku"}],"event_choices":[{"damage_healed":0.0,"max_hp_gain":0.0,"max_hp_loss":0.0,"gold_gain":0.0,"event_name":"Shining Light","player_choice":"Entered Light","floor":3.0,"gold_loss":0.0,"damage_taken":15.0,"cards_upgraded":["Sunder","Defend_B"]},{"damage_healed":0.0,"max_hp_gain":0.0,"max_hp_loss":0.0,"gold_gain":0.0,"event_name":"Lab","player_choice":"Got Potions","floor":5.0,"gold_loss":0.0,"damage_taken":0.0},{"damage_healed":0,"gold_gain":99,"player_choice":"Stole From Cult","damage_taken":0,"max_hp_gain":0,"max_hp_loss":0,"event_name":"Nest","floor":19,"gold_loss":0},{"cards_removed":["Gash"],"damage_healed":0,"gold_gain":0,"player_choice":"Gave Gold","damage_taken":0,"max_hp_gain":0,"max_hp_loss":0,"event_name":"Beggar","floor":20,"gold_loss":75}],"is_beta":false,"boss_relics":[{"not_picked":["Coffee Dripper","Runic Dome"],"picked":"Pandora\u0027s Box"}],"items_purged_floors":[],"is_endless":false,"potions_floor_spawned":[6,10,11,12,16,22],"killed_by":"Book of Stabbing","ascension_level":3}