{"path_per_floor":["M","M","M","?","M","E","M","?","T","R","?","R","M","M","R","B",null,"M","M","$","T","T","R","E","$","T","R"],"character_chosen":"IRONCLAD","items_purchased":["Omamori","Torii"],"gold_per_floor":[109,123,142,142,158,193,213,213,213,213,284,284,305,324,324,443,443,464,485,307,378,378,378,414,178,203,203],"floor_reached":28,"campfire_rested":3,"playtime":1038,"current_hp_per_floor":[76,80,79,79,80,63,58,38,38,62,44,68,67,73,73,18,80,74,77,77,77,77,77,14,14,14,38],"items_purged":["Strike_R"],"gold":203,"score":238,"play_id":"0c05ceb3-1e09-4fc7-be1a-c2cdd439edd5","local_time":"20180316234647","is_prod":false,"is_daily":false,"is_ascension_mode":false,"campfire_upgraded":2,"timestamp":1521215207,"path_taken":["M","M","M","?","M","E","M","?","T","R","?","R","?","M","R","BOSS","M","M","$","?","?","R","E","$","T","R","E"],"build_version":"2018-03-15","purchased_purges":1,"victory":false,"master_deck":["Strike_R","Strike_R","Strike_R","Defend_R","Defend_R","Defend_R","Defend_R","Bash+1","Corruption","Hemokinesis","Armaments+1","Iron Wave","Blood for Blood","Cleave","Twin Strike","Intimidate","Sword Boomerang","Berserk+1","Iron Wave","Metallicize+1","Battle Trance+1"],"max_hp_per_floor":[80,80,80,80,80,80,80,80,80,80,80,80,80,80,80,80,80,80,80,80,80,80,80,80,80,80,80],"relics":["Burning Blood","The Courier","Golden Idol","Girya","Pen Nib","Philosopher\u0027s Stone","Omamori","Darkstone Periapt","Bag of Preparation","Orichalcum","Torii","Blood Vial"],"card_choices":[{"not_picked":["Heavy Blade","Metallicize"],"picked":"Hemokinesis"},{"not_picked":["Sword Boomerang","Havoc"],"picked":"Armaments"},{"not_picked":["Anger","Armaments"],"picked":"Iron Wave"},{"not_picked":["Body Slam","Dark Embrace"],"picked":"Blood for Blood"},{"not_picked":["Perfected Strike","Dropkick"],"picked":"Cleave"},{"not_picked":["Dual Wield","Rampage"],"picked":"Twin Strike"},{"not_picked":["Body Slam","Havoc"],"picked":"Intimidate"},{"not_picked":["Clash","Burning Pact"],"picked":"Sword Boomerang"},{"not_picked":["Immolate","Bludgeon"],"picked":"Berserk"},{"not_picked":["Cleave","Havoc"],"picked":"Iron Wave"},{"not_picked":["Burning Pact","Wild Strike"],"picked":"Metallicize"},{"not_picked":["Combust","Sentinel"],"picked":"Battle Trance"}],"player_experience":315180,"potions_floor_usage":[16],"damage_taken":[{"damage":10,"enemies":"Jaw Worm","floor":1,"turns":4},{"damage":1,"enemies":"Cultist","floor":2,"turns":3},{"damage":7,"enemies":"2 Louse","floor":3,"turns":3},{"damage":4,"enemies":"Blue Slaver","floor":5,"turns":4},{"damage":23,"enemies":"Gremlin Nob","floor":6,"turns":4},{"damage":11,"enemies":"2 Fungi Beasts","floor":7,"turns":3},{"damage":24,"enemies":"Gremlin Nob","floor":11,"turns":5},{"damage":7,"enemies":"Looter","floor":13,"turns":4},{"damage":0,"enemies":"3 Louse","floor":14,"turns":4},{"damage":61,"enemies":"The Guardian","floor":16,"turns":12},{"damage":12,"enemies":"2 Thieves","floor":18,"turns":3},{"damage":3,"enemies":"Chosen","floor":19,"turns":3},{"damage":69,"enemies":"Slavers","floor":24,"turns":7},{"damage":49,"enemies":"Gremlin Leader","floor":28,"turns":6}],"event_choices":[{"event_name":"Accursed Blacksmith","player_choice":"Forge","floor":4,"damage_taken":0},{"event_name":"Golden Idol","player_choice":"Take Damage","floor":8,"damage_taken":0},{"event_name":"Dead Adventurer","player_choice":"Searched \u00271\u0027 times","floor":11,"damage_taken":0}],"boss_relics":[{"not_picked":["Runic Pyramid","Astrolabe"],"picked":"Philosopher\u0027s Stone"}],"potions_floor_spawned":[1,5,6],"seed_played":"-1930369790924038545","killed_by":"Gremlin Leader","ascension_level":0,"is_trial":false}