{"gold_per_floor":[115,125,136,148,73,73,105,118,194,194,212,212,162,180,180,180],"floor_reached":16,"playtime":603,"items_purged":["Strike_R"],"score":104,"play_id":"f8417708-2ebc-4bae-a3df-18ec28f99320","local_time":"20180716142523","is_ascension_mode":false,"campfire_choices":[{"data":"Bash","floor":6,"key":"SMITH"},{"data":"Whirlwind","floor":10,"key":"SMITH"},{"data":"Strike_R","floor":12,"key":"PURGE"},{"data":"Sword Boomerang","floor":15,"key":"SMITH"}],"neow_cost":"NONE","seed_source_timestamp":238932340351233,"circlet_count":0,"master_deck":["Strike_R","Defend_R","Defend_R","Defend_R","Defend_R","Bash+1","Sword Boomerang+1","Whirlwind+1","Headbutt","Twin Strike"],"relics":["Burning Blood","Peace Pipe","Tiny Chest"],"potions_floor_usage":[16],"damage_taken":[{"damage":1,"enemies":"2 Louse","floor":1,"turns":2},{"damage":9,"enemies":"Small Slimes","floor":2,"turns":4},{"damage":6,"enemies":"Jaw Worm","floor":3,"turns":4},{"damage":8,"enemies":"Large Slime","floor":4,"turns":5},{"damage":28,"enemies":"3 Sentries","floor":7,"turns":7},{"damage":21,"enemies":"Lots of Slimes","floor":8,"turns":4},{"damage":1,"enemies":"2 Fungi Beasts","floor":11,"turns":2},{"damage":6,"enemies":"Blue Slaver","floor":14,"turns":4},{"damage":44,"enemies":"Hexaghost","floor":16,"turns":9}],"seed_played":"-5945525109055775530","potions_obtained":[{"floor":3,"key":"EssenceOfSteel"},{"floor":11,"key":"GamblersBrew"}],"is_trial":false,"path_per_floor":["M","M","M","M","$","R","E","M","T","R","M","R","?","M","R"],"character_chosen":"IRONCLAD","items_purchased":[],"campfire_rested":0,"item_purchase_floors":[],"current_hp_per_floor":[80,77,77,75,75,75,53,38,38,38,43,43,43,43,43,0],"gold":180,"neow_bonus":"REMOVE_CARD","is_prod":false,"is_daily":false,"chose_seed":false,"campfire_upgraded":3,"win_rate":0,"timestamp":1531722323,"path_taken":["M","M","M","M","$","R","E","M","T","R","M","R","?","M","R","BOSS"],"build_version":"2018-07-12","purchased_purges":1,"victory":false,"max_hp_per_floor":[80,80,80,80,80,80,80,80,80,80,80,80,80,80,80,80],"card_choices":[{"not_picked":["Rage","Heavy Blade"],"picked":"Sword Boomerang","floor":1},{"not_picked":["Cleave","Thunderclap"],"picked":"Whirlwind","floor":2},{"not_picked":["Evolve","Ghostly Armor","Dual Wield"],"picked":"SKIP","floor":3},{"not_picked":["Sentinel","Dropkick","Power Through"],"picked":"SKIP","floor":4},{"not_picked":["Combust","Demon Form"],"picked":"Headbutt","floor":7},{"not_picked":["Clash","Thunderclap"],"picked":"Twin Strike","floor":8},{"not_picked":["Shockwave","Clash","True Grit"],"picked":"SKIP","floor":11},{"not_picked":["Warcry","Anger","Havoc"],"picked":"SKIP","floor":14}],"player_experience":674966,"relics_obtained":[{"floor":7,"key":"Peace Pipe"},{"floor":9,"key":"Tiny Chest"}],"event_choices":[{"event_name":"The Cleric","player_choice":"Card Removal","floor":13,"damage_taken":0}],"boss_relics":[],"items_purged_floors":[5],"is_endless":false,"potions_floor_spawned":[3,11],"killed_by":"Hexaghost","ascension_level":0}