{"gold_per_floor":[119,135,115,129,146,146,22,54,54,54,71,71,71,403,403,477,477,489,414,432,432,482,482,482,545,545,560,560,580,595,595],"floor_reached":31,"playtime":1317,"items_purged":[],"score":490,"play_id":"1b0863aa-992a-4b71-a590-fa7b5c5954a4","local_time":"20190209161424","is_ascension_mode":true,"campfire_choices":[{"data":"Zap","floor":6,"key":"SMITH"},{"data":"Defragment","floor":10,"key":"SMITH"},{"data":"Dualcast","floor":12,"key":"SMITH"},{"data":"Cold Snap","floor":15,"key":"SMITH"},{"floor":23,"key":"REST"},{"floor":28,"key":"REST"}],"neow_cost":"NONE","seed_source_timestamp":286978535487300,"circlet_count":0,"master_deck":["AscendersBane","Strike_B","Strike_B","Strike_B","Defend_B","Defend_B","Defend_B","Defend_B","Zap+1","Dualcast+1","Steam+1","Cold Snap+1","Cold Snap","Defragment+1","Genetic Algorithm","Rebound","Go for the Eyes","Compile Driver","Rainbow+1","Capacitor+1","Coolheaded","Electrodynamics","FTL","Glacier","Leap"],"relics":["Cracked Core","Orichalcum","Mummified Hand","Old Coin","Nuclear Battery","MutagenicStrength","Tiny Chest","Mercury Hourglass"],"potions_floor_usage":[16,16,31],"damage_taken":[{"damage":2,"enemies":"2 Louse","floor":1,"turns":2},{"damage":0,"enemies":"Cultist","floor":2,"turns":3},{"damage":2,"enemies":"Small Slimes","floor":4,"turns":4},{"damage":1,"enemies":"Exordium Wildlife","floor":5,"turns":3},{"damage":19,"enemies":"3 Sentries","floor":8,"turns":10},{"damage":7,"enemies":"3 Louse","floor":11,"turns":3},{"damage":7,"enemies":"Lagavulin","floor":14,"turns":5},{"damage":25,"enemies":"Slime Boss","floor":16,"turns":12},{"damage":6,"enemies":"Spheric Guardian","floor":18,"turns":4},{"damage":19,"enemies":"3 Byrds","floor":20,"turns":7},{"damage":37,"enemies":"Gremlin Leader","floor":25,"turns":9},{"damage":14,"enemies":"Sentry and Sphere","floor":27,"turns":6},{"damage":21,"enemies":"Snake Plant","floor":29,"turns":4},{"damage":3,"enemies":"Centurion and Healer","floor":30,"turns":8},{"damage":7,"enemies":"Cultist and Chosen","floor":31,"turns":3}],"seed_played":"7086635744780561279","potions_obtained":[{"floor":3,"key":"SpeedPotion"},{"floor":8,"key":"SpeedPotion"},{"floor":14,"key":"Dexterity Potion"},{"floor":27,"key":"SpeedPotion"},{"floor":29,"key":"Poison Potion"},{"floor":30,"key":"Strength Potion"}],"is_trial":false,"path_per_floor":["M","M","?","M","M","R","$","E","T","R","M","R","?","E","R","B",null,"M","?","M","?","?","R","?","E","T","M","R","M","M","M"],"character_chosen":"DEFECT","items_purchased":["Defragment","Genetic Algorithm"],"campfire_rested":2,"item_purchase_floors":[7,7],"current_hp_per_floor":[69,69,69,67,66,66,66,47,47,47,40,40,40,33,33,8,61,55,55,36,36,36,59,59,22,22,8,31,10,7,0],"gold":595,"neow_bonus":"TEN_PERCENT_HP_BONUS","is_prod":false,"is_daily":false,"chose_seed":false,"campfire_upgraded":4,"win_rate":0,"timestamp":1549725264,"path_taken":["M","M","?","M","M","R","$","E","T","R","?","R","?","E","R","BOSS","M","?","M","?","?","R","?","E","T","?","R","?","M","M"],"build_version":"2019-01-23","purchased_purges":0,"victory":false,"max_hp_per_floor":[78,78,78,78,78,78,78,78,78,78,78,78,78,78,78,78,78,78,78,78,78,78,78,78,78,78,78,78,78,78,78],"card_choices":[{"not_picked":["Rebound","Barrage"],"picked":"Steam","floor":1},{"not_picked":["Darkness","Conserve Battery"],"picked":"Cold Snap","floor":2},{"not_picked":["Undo","Chaos","Redo"],"picked":"SKIP","floor":4},{"not_picked":["Hologram","Sweeping Beam"],"picked":"Cold Snap","floor":5},{"not_picked":["Chaos","Steam"],"picked":"Rebound","floor":8},{"not_picked":["Beam Cell","Barrage"],"picked":"Go for the Eyes","floor":11},{"not_picked":["Steam","Meteor Strike"],"picked":"Compile Driver","floor":14},{"not_picked":["Machine Learning","Multi-Cast"],"picked":"Rainbow","floor":16},{"not_picked":["Reprogram","Leap"],"picked":"Capacitor+1","floor":18},{"not_picked":["Streamline","Darkness"],"picked":"Coolheaded","floor":20},{"not_picked":["Steam","Melter"],"picked":"Electrodynamics","floor":25},{"not_picked":["Sunder","Static Discharge"],"picked":"FTL","floor":27},{"not_picked":["Turbo+1","Force Field"],"picked":"Glacier","floor":29},{"not_picked":["Beam Cell","Reprogram"],"picked":"Leap","floor":30}],"player_experience":480001,"relics_obtained":[{"floor":8,"key":"Orichalcum"},{"floor":9,"key":"Mummified Hand"},{"floor":14,"key":"Old Coin"},{"floor":25,"key":"Tiny Chest"},{"floor":26,"key":"Mercury Hourglass"}],"event_choices":[{"damage_healed":0,"gold_gain":0,"player_choice":"Bought 1 Potion","damage_taken":0,"max_hp_gain":0,"max_hp_loss":0,"event_name":"The Woman in Blue","floor":3,"gold_loss":0},{"damage_healed":0,"gold_gain":0,"player_choice":"Grow","damage_taken":0,"max_hp_gain":0,"max_hp_loss":0,"event_name":"Living Wall","floor":13,"gold_loss":0,"cards_upgraded":["Steam"]},{"cards_removed":["Strike_B"],"damage_healed":0,"gold_gain":0,"player_choice":"Gave Gold","damage_taken":0,"max_hp_gain":0,"max_hp_loss":0,"event_name":"Beggar","floor":19,"gold_loss":75},{"damage_healed":0,"gold_gain":0,"player_choice":"Inject Mutagens","damage_taken":0,"relics_obtained":["MutagenicStrength"],"max_hp_gain":0,"max_hp_loss":0,"event_name":"Drug Dealer","floor":21,"gold_loss":0},{"damage_healed":0,"gold_gain":50,"player_choice":"Stole From Cult","damage_taken":0,"max_hp_gain":0,"max_hp_loss":0,"event_name":"Nest","floor":22,"gold_loss":0},{"damage_healed":0,"gold_gain":0,"player_choice":"Forge","damage_taken":0,"max_hp_gain":0,"max_hp_loss":0,"event_name":"Accursed Blacksmith","floor":24,"gold_loss":0,"cards_upgraded":["Rainbow"]}],"is_beta":false,"boss_relics":[{"not_picked":["Ectoplasm","Busted Crown"],"picked":"Nuclear Battery"}],"items_purged_floors":[],"is_endless":false,"potions_floor_spawned":[8,11,14,27,29,30],"killed_by":"Cultist and Chosen","ascension_level":17}