{"gold_per_floor":[119,119,132,150,162,189,209,134,157,157,157,332,342,360,360,457,457,472,482,42,42,42,54,85,97,109,121,133,162,174,198,210,325,337,365,29,29,45,58,58,58],"floor_reached":41,"playtime":3477,"items_purged":["Strike_G","Doubt"],"score":588,"play_id":"c9c04838-60f0-480d-b45f-b296b2935728","local_time":"20190319211046","is_ascension_mode":true,"campfire_choices":[{"floor":10,"key":"REST"},{"floor":15,"key":"REST"},{"data":"Corpse Explosion","floor":25,"key":"SMITH"},{"data":"Well Laid Plans","floor":28,"key":"SMITH"},{"data":"Infinite Blades","floor":30,"key":"SMITH"},{"floor":32,"key":"REST"},{"data":"A Thousand Cuts","floor":40,"key":"SMITH"}],"neow_cost":"NONE","seed_source_timestamp":266579946773900,"circlet_count":0,"master_deck":["Defend_G","Defend_G","Defend_G","Defend_G+1","Defend_G","Strike_G","Strike_G","Survivor+1","Neutralize+1","Purity","Flying Knee","Deadly Poison+1","Bouncing Flask","Well Laid Plans+1","Backflip","After Image","Caltrops","Corpse Explosion+1","Footwork+1","Infinite Blades+1","Poisoned Stab","Caltrops","A Thousand Cuts+1","Blur+1","Noxious Fumes+1","Deflect","Caltrops+1"],"relics":["Ring of the Snake","Incense Burner","Lantern","Cursed Key","PreservedInsect","War Paint","MawBank","Blue Candle","WarpedTongs","Empty Cage","Pear"],"potions_floor_usage":[5,14,16,33,38,41],"damage_taken":[{"damage":0,"enemies":"Jaw Worm","floor":1,"turns":5},{"damage":0,"enemies":"Cultist","floor":3,"turns":4},{"damage":1,"enemies":"Small Slimes","floor":4,"turns":4},{"damage":23,"enemies":"Exordium Wildlife","floor":5,"turns":4},{"damage":29,"enemies":"Lagavulin","floor":6,"turns":6},{"damage":0,"enemies":"Red Slaver","floor":7,"turns":5},{"damage":10,"enemies":"Gremlin Gang","floor":13,"turns":5},{"damage":0,"enemies":"Exordium Thugs","floor":14,"turns":4},{"damage":0,"enemies":"The Guardian","floor":16,"turns":9},{"damage":6,"enemies":"Shell Parasite","floor":18,"turns":4},{"damage":12,"enemies":"2 Thieves","floor":19,"turns":3},{"damage":2,"enemies":"Snecko","floor":23,"turns":6},{"damage":2,"enemies":"Gremlin Leader","floor":24,"turns":5},{"damage":8,"enemies":"Centurion and Healer","floor":29,"turns":5},{"damage":5,"enemies":"3 Cultists","floor":31,"turns":3},{"damage":4,"enemies":"Automaton","floor":33,"turns":9},{"damage":1,"enemies":"Orb Walker","floor":35,"turns":4},{"damage":5,"enemies":"3 Darklings","floor":38,"turns":3},{"damage":21,"enemies":"Jaw Worm Horde","floor":39,"turns":4},{"damage":57,"enemies":"Transient","floor":41,"turns":5}],"seed_played":"392566822404096072","potions_obtained":[{"floor":3,"key":"Ancient Potion"},{"floor":4,"key":"LiquidBronze"},{"floor":5,"key":"Block Potion"},{"floor":14,"key":"Dexterity Potion"},{"floor":16,"key":"Strength Potion"},{"floor":24,"key":"AttackPotion"},{"floor":31,"key":"Poison Potion"},{"floor":35,"key":"SteroidPotion"}],"is_trial":false,"path_per_floor":["M","?","M","M","M","E","M","$","T","R","?","?","M","M","R","B",null,"M","M","$","?","$","M","E","R","T","?","R","M","R","M","R","B",null,"M","$","?","M","M","R","M"],"character_chosen":"THE_SILENT","items_purchased":["Infinite Blades","PreservedInsect","War Paint","Pear","Noxious Fumes","Deflect"],"campfire_rested":3,"item_purchase_floors":[20,20,20,36,36,36],"current_hp_per_floor":[70,70,70,69,46,17,17,17,17,38,24,24,14,14,35,35,70,64,52,52,52,52,50,48,48,48,48,48,40,40,35,56,52,67,66,76,76,71,50,50,0],"gold":58,"neow_bonus":"RANDOM_COLORLESS","is_prod":false,"is_daily":false,"chose_seed":false,"campfire_upgraded":4,"win_rate":0,"timestamp":1553026246,"path_taken":["M","?","M","M","?","E","?","$","T","R","?","?","M","M","R","BOSS","M","M","$","?","$","M","E","R","T","?","R","?","R","?","R","BOSS","M","$","?","M","M","R","M"],"build_version":"2019-01-23","purchased_purges":2,"victory":false,"max_hp_per_floor":[70,70,70,70,70,70,70,70,70,70,70,70,70,70,70,70,70,70,70,70,70,70,70,70,70,70,70,70,70,70,70,70,70,67,67,77,77,77,77,77,77],"card_choices":[{"not_picked":["Infinite Blades","Underhanded Strike"],"picked":"Flying Knee","floor":1},{"not_picked":["Acrobatics","Deflect"],"picked":"Deadly Poison","floor":3},{"not_picked":["Caltrops","Bane"],"picked":"Bouncing Flask","floor":4},{"not_picked":["Poisoned Stab","Choke"],"picked":"Well Laid Plans","floor":5},{"not_picked":["Dagger Throw","Dodge and Roll"],"picked":"Backflip","floor":6},{"not_picked":["Flechettes","Dagger Throw","Accuracy"],"picked":"SKIP","floor":7},{"not_picked":["Slice","Cloak And Dagger"],"picked":"After Image","floor":13},{"not_picked":["Dagger Throw","Outmaneuver"],"picked":"Caltrops","floor":14},{"not_picked":["Adrenaline","Die Die Die"],"picked":"Corpse Explosion","floor":16},{"not_picked":["Escape Plan+1","Backstab"],"picked":"Footwork+1","floor":18},{"not_picked":["Outmaneuver","Cloak And Dagger","Dagger Spray"],"picked":"SKIP","floor":19},{"not_picked":["Cloak And Dagger","Blade Dance","Riddle With Holes"],"picked":"SKIP","floor":23},{"not_picked":["Bane","Masterful Stab+1"],"picked":"Poisoned Stab","floor":24},{"not_picked":["Prepared","Predator","Slice"],"picked":"SKIP","floor":29},{"not_picked":["Deadly Poison","Endless Agony"],"picked":"Caltrops","floor":31},{"not_picked":["Die Die Die","Night Terror"],"picked":"A Thousand Cuts","floor":33},{"not_picked":["Cloak And Dagger+1","Acrobatics"],"picked":"Blur+1","floor":35},{"not_picked":["Outmaneuver+1","Deadly Poison+1"],"picked":"Caltrops+1","floor":38},{"not_picked":["Underhanded Strike+1","Outmaneuver","Blade Dance"],"picked":"SKIP","floor":39}],"player_experience":407197,"relics_obtained":[{"floor":6,"key":"Incense Burner"},{"floor":9,"key":"Lantern"},{"floor":24,"key":"MawBank"},{"floor":26,"key":"Blue Candle"}],"event_choices":[{"cards_removed":["Strike_G"],"damage_healed":0,"gold_gain":0,"player_choice":"Offered Basic","damage_taken":0,"max_hp_gain":0,"max_hp_loss":0,"event_name":"Bonfire Elementals","floor":2,"gold_loss":0},{"damage_healed":0,"gold_gain":0,"player_choice":"Entered Light","damage_taken":14,"max_hp_gain":0,"max_hp_loss":0,"event_name":"Shining Light","floor":11,"gold_loss":0,"cards_upgraded":["Deadly Poison","Neutralize"]},{"damage_healed":0,"gold_gain":175,"player_choice":"AGREE","damage_taken":0,"max_hp_gain":0,"max_hp_loss":0,"event_name":"Liars Game","floor":12,"gold_loss":0,"cards_obtained":["Doubt"]},{"cards_removed":["Strike_G"],"damage_healed":0,"gold_gain":0,"player_choice":"Elegance","damage_taken":0,"max_hp_gain":0,"max_hp_loss":0,"event_name":"Back to Basics","floor":21,"gold_loss":0},{"damage_healed":0,"gold_gain":0,"player_choice":"Rummage","damage_taken":0,"relics_obtained":["WarpedTongs"],"max_hp_gain":0,"max_hp_loss":0,"event_name":"Accursed Blacksmith","floor":27,"gold_loss":0,"cards_obtained":["Pain"]},{"damage_healed":0,"gold_gain":0,"player_choice":"Upgraded","damage_taken":0,"max_hp_gain":0,"max_hp_loss":0,"event_name":"Upgrade Shrine","floor":37,"gold_loss":0,"cards_upgraded":["Noxious Fumes"]}],"is_beta":false,"boss_relics":[{"not_picked":["Ring of the Serpent","Fusion Hammer"],"picked":"Cursed Key"},{"not_picked":["Coffee Dripper","Tiny House"],"picked":"Empty Cage"}],"items_purged_floors":[8,20],"is_endless":false,"potions_floor_spawned":[3,4,5,14,16,24,31,35],"killed_by":"Transient","ascension_level":4}