{"gold_per_floor":[214,214,66,46,65,105,70,70,70,86,86,10,10,25,25,148,148,162,175,60,83,106,106,140,140],"floor_reached":25,"playtime":1822,"items_purged":["Strike_G"],"score":254,"play_id":"ca3ef12e-d190-4206-8239-954feb534061","local_time":"20190309011048","is_ascension_mode":true,"campfire_choices":[{"data":"Dagger Spray","floor":8,"key":"SMITH"},{"data":"Neutralize","floor":11,"key":"SMITH"},{"data":"Tools of the Trade","floor":13,"key":"SMITH"},{"data":"All Out Attack","floor":15,"key":"SMITH"},{"data":"Night Terror","floor":23,"key":"SMITH"}],"neow_cost":"NONE","seed_source_timestamp":527043451510400,"circlet_count":0,"master_deck":["Defend_G","Defend_G","Defend_G","Defend_G","Defend_G","Strike_G","Survivor","Neutralize+1","Backflip","Deadly Poison","Dagger Spray+1","Tools of the Trade+1","Well Laid Plans","Terror","All Out Attack+1","Night Terror+1","Dagger Throw+1","Blade Dance+1","Distraction+1","Noxious Fumes","Deflect","Bouncing Flask","Blur","Poisoned Stab+1","After Image","Outmaneuver+1"],"relics":["Ring of the Snake","Golden Idol","Singing Bowl","Bird Faced Urn","Astrolabe","Molten Egg 2"],"potions_floor_usage":[5,16,25,25,25],"damage_taken":[{"damage":2,"enemies":"Cultist","floor":1,"turns":4},{"damage":0,"enemies":"Small Slimes","floor":5,"turns":3},{"damage":28,"enemies":"Lagavulin","floor":6,"turns":8},{"damage":0,"enemies":"Jaw Worm","floor":10,"turns":4},{"damage":8,"enemies":"Large Slime","floor":14,"turns":6},{"damage":44,"enemies":"Slime Boss","floor":16,"turns":7},{"damage":0,"enemies":"Chosen","floor":18,"turns":4},{"damage":0,"enemies":"Shell Parasite","floor":19,"turns":7},{"damage":7,"enemies":"Snecko","floor":21,"turns":4},{"damage":22,"enemies":"Centurion and Healer","floor":22,"turns":8},{"damage":41,"enemies":"Book of Stabbing","floor":24,"turns":8},{"damage":22,"enemies":"Sentry and Sphere","floor":25,"turns":3}],"seed_played":"2501069585722513989","potions_obtained":[{"floor":4,"key":"Block Potion"},{"floor":6,"key":"Dexterity Potion"},{"floor":14,"key":"FearPotion"},{"floor":19,"key":"Fire Potion"},{"floor":24,"key":"Poison Potion"}],"is_trial":false,"path_per_floor":["M","?","$","?","M","E","?","R","T","M","R","$","R","M","R","B",null,"M","M","$","M","M","R","E","M"],"character_chosen":"THE_SILENT","items_purchased":["Deadly Poison","Dagger Spray","Terror","Bouncing Flask","Blur"],"campfire_rested":0,"item_purchase_floors":[3,3,12,20,20],"current_hp_per_floor":[68,65,65,65,65,37,53,53,53,55,55,55,55,51,51,11,65,65,65,65,60,44,44,11,0],"gold":140,"neow_bonus":"HUNDRED_GOLD","is_prod":false,"is_daily":false,"chose_seed":false,"campfire_upgraded":5,"win_rate":0,"timestamp":1552090248,"path_taken":["M","?","$","?","?","E","?","R","T","M","R","?","R","M","R","BOSS","M","M","$","M","M","R","E","M"],"build_version":"2019-01-23","purchased_purges":1,"victory":false,"max_hp_per_floor":[70,65,65,65,65,65,65,65,65,65,65,65,65,65,65,65,65,65,65,65,65,65,65,65,65],"card_choices":[{"not_picked":["Prepared","Reflex"],"picked":"Backflip","floor":1},{"not_picked":["Bane","Dagger Spray","Blade Dance"],"picked":"SKIP","floor":5},{"not_picked":["Dagger Spray","Finisher"],"picked":"Tools of the Trade","floor":6},{"not_picked":["Accuracy","Flying Knee"],"picked":"Well Laid Plans","floor":10},{"not_picked":["Underhanded Strike","Finisher"],"picked":"All Out Attack","floor":14},{"not_picked":["Die Die Die","A Thousand Cuts"],"picked":"Night Terror","floor":16},{"not_picked":["Bouncing Flask+1","Escape Plan"],"picked":"Noxious Fumes","floor":18},{"not_picked":["Sucker Punch","Acrobatics"],"picked":"Deflect","floor":19},{"not_picked":["Dodge and Roll","Dagger Spray"],"picked":"Poisoned Stab+1","floor":21},{"not_picked":["Well Laid Plans","Terror"],"picked":"After Image","floor":22},{"not_picked":["Backflip","Prepared"],"picked":"Outmaneuver+1","floor":24}],"player_experience":348659,"relics_obtained":[{"floor":6,"key":"Singing Bowl"},{"floor":9,"key":"Bird Faced Urn"},{"floor":24,"key":"Molten Egg 2"}],"event_choices":[{"damage_healed":0,"gold_gain":0,"player_choice":"Lose Max HP","damage_taken":0,"relics_obtained":["Golden Idol"],"max_hp_gain":0,"max_hp_loss":5,"event_name":"Golden Idol","floor":2,"gold_loss":0},{"damage_healed":0,"gold_gain":0,"player_choice":"Bought 1 Potion","damage_taken":0,"max_hp_gain":0,"max_hp_loss":0,"event_name":"The Woman in Blue","floor":4,"gold_loss":0},{"damage_healed":16,"gold_gain":0,"player_choice":"Healed","damage_taken":0,"max_hp_gain":0,"max_hp_loss":0,"event_name":"The Cleric","floor":7,"gold_loss":35}],"is_beta":false,"boss_relics":[{"not_picked":["Philosopher\u0027s Stone","Tiny House"],"picked":"Astrolabe"}],"items_purged_floors":[3],"is_endless":false,"potions_floor_spawned":[6,14,19,24],"killed_by":"Sentry and Sphere","ascension_level":3}