{"path_per_floor":["M","M","M","?","?","R","E","M","T","?","$","M","E","M","R","B",null,"M","$","?","M","M","R","?","E","T","M","E","$","M","M","R","B",null,"M","M","M","M","M","R","?","$","T","M","?","M"],"character_chosen":"IRONCLAD","items_purchased":["Perfected Strike","Iron Wave","Ancient Tea Set","Clash","Whetstone","Prayer Wheel","Bloodletting","Rage","War Paint","Block Potion","Fire Potion"],"gold_per_floor":[116,130,141,141,241,241,280,301,301,260,29,44,87,105,105,224,224,240,35,35,48,68,68,68,112,165,188,232,9,28,48,48,171,209,222,236,257,270,293,293,393,102,172,192,525,544],"floor_reached":47,"campfire_rested":2,"playtime":5158,"current_hp_per_floor":[80,80,80,60,60,60,30,29,29,29,29,37,42,47,71,56,80,80,80,80,80,77,77,77,80,80,80,71,71,74,72,72,34,85,85,75,50,19,9,34,34,34,34,38,38,19],"items_purged":[],"gold":544,"score":483,"play_id":"f0ae5c0c-0c53-447f-b7ec-becd01c751fb","is_prod":false,"is_daily":false,"is_ascension_mode":false,"campfire_upgraded":3,"path_taken":["M","M","M","?","?","R","E","M","T","?","?","M","E","M","R","BOSS","M","$","?","M","M","R","?","E","T","M","E","$","M","M","R","BOSS","M","M","M","M","?","R","?","?","T","?","?","M","M"],"build_version":"2018-02-15-PROD1","purchased_purges":0,"victory":false,"master_deck":["Strike_R","Strike_R","Strike_R+1","Strike_R","Strike_R","Defend_R","Defend_R","Defend_R","Bash+1","Headbutt","Iron Wave","Thunderclap","Clash","Cleave","Perfected Strike+1","Iron Wave","Bloodletting+1","Shrug It Off","Fiend Fire+1","Hemokinesis+1","Disarm+1","Uppercut+1","Infernal Blade","Clash+1","Armaments+1","Dual Wield+1","Power Through+1","Headbutt","Clash","Bloodletting+1","Rupture+1","Searing Blow","Juggernaut","Heavy Blade+1","Anger+1","Dual Wield+1","Thunderclap","Infernal Blade+1","Warcry+1","Rage","Dropkick+1","Anger+1","Spot Weakness"],"max_hp_per_floor":[80,80,80,80,80,80,80,80,80,80,80,80,80,80,80,80,80,80,80,80,80,80,80,80,80,80,80,80,80,80,80,80,80,85,85,85,85,85,85,85,85,85,85,88,88,88],"relics":["Burning Blood","Blood Vial","Thread and Needle","Ancient Tea Set","Happy Flower","Astrolabe","Whetstone","Self Forming Clay","Orichalcum","Pantograph","Prayer Wheel","Tiny House","War Paint","Kunai"],"card_choices":[{"not_picked":["Twin Strike","Warcry"],"picked":"Headbutt"},{"not_picked":["Pommel Strike","Sword Boomerang"],"picked":"Body Slam"},{"not_picked":["Headbutt","Fire Breathing"],"picked":"Iron Wave"},{"not_picked":["Body Slam","Flex"],"picked":"Thunderclap"},{"not_picked":["Intimidate","Shockwave"],"picked":"Clash"},{"not_picked":["Headbutt","Flex"],"picked":"Cleave"},{"not_picked":["Thunderclap","Second Wind"],"picked":"Bloodletting"},{"not_picked":["Pommel Strike","Flex"],"picked":"Shrug It Off"},{"not_picked":["Combust","Heavy Blade"],"picked":"Second Wind"},{"not_picked":["Demon Form","Bludgeon"],"picked":"Fiend Fire"},{"not_picked":["Clothesline","Intimidate"],"picked":"Infernal Blade"},{"not_picked":["Rage","Sword Boomerang"],"picked":"Armaments"},{"not_picked":["Headbutt","Flex"],"picked":"Dual Wield"},{"not_picked":["Fiend Fire","Dropkick"],"picked":"Power Through"},{"not_picked":["Clothesline","Armaments"],"picked":"Headbutt"},{"not_picked":["Combust","Pommel Strike"],"picked":"Clash"},{"not_picked":["Anger","Feel No Pain"],"picked":"Rupture"},{"not_picked":["Power Through","Warcry"],"picked":"Searing Blow"},{"not_picked":["Dark Embrace","Offering"],"picked":"Juggernaut"},{"not_picked":["Pommel Strike","Dual Wield"],"picked":"Heavy Blade"},{"not_picked":["Twin Strike","Armaments"],"picked":"Anger"},{"not_picked":["Cleave","Sever Soul"],"picked":"Dual Wield"},{"not_picked":["Second Wind","Shrug It Off"],"picked":"Thunderclap"},{"not_picked":["Uppercut","Warcry"],"picked":"Infernal Blade"},{"not_picked":["Twin Strike","Feel No Pain"],"picked":"Warcry"},{"not_picked":["Body Slam","Infernal Blade"],"picked":"Dropkick"},{"not_picked":["Seeing Red","Inflame"],"picked":"Anger"},{"not_picked":["Combust","Clothesline"],"picked":"Spot Weakness"}],"player_experience":15690,"potions_floor_usage":[28,33,33,36,44],"damage_taken":[{"damage":5.0,"enemies":"Small Slimes","floor":1.0,"turns":3.0},{"damage":6.0,"enemies":"Cultist","floor":2.0,"turns":4.0},{"damage":1.0,"enemies":"2 Louse","floor":3.0,"turns":4.0},{"damage":36.0,"enemies":"Lagavulin","floor":7.0,"turns":7.0},{"damage":9.0,"enemies":"Exordium Thugs","floor":8.0,"turns":4.0},{"damage":0.0,"enemies":"3 Louse","floor":12.0,"turns":3.0},{"damage":3.0,"enemies":"3 Sentries","floor":13.0,"turns":5.0},{"damage":3.0,"enemies":"Looter","floor":14.0,"turns":2.0},{"damage":23.0,"enemies":"The Guardian","floor":16.0,"turns":9.0},{"damage":2.0,"enemies":"Spheric Guardian","floor":18.0,"turns":3.0},{"damage":2.0,"enemies":"Shell Parasite","floor":21.0,"turns":3.0},{"damage":9.0,"enemies":"Snake Plant","floor":22.0,"turns":4.0},{"damage":5.0,"enemies":"Gremlin Leader","floor":25.0,"turns":4.0},{"damage":2,"enemies":"Chosen and Byrds","floor":27,"turns":5},{"damage":15,"enemies":"Slavers","floor":28,"turns":5},{"damage":5,"enemies":"Snecko","floor":30,"turns":2},{"damage":10,"enemies":"Snake Plant","floor":31,"turns":2},{"damage":52,"enemies":"Collector","floor":33,"turns":8},{"damage":4,"enemies":"Orb Walker","floor":35,"turns":3},{"damage":16,"enemies":"3 Darklings","floor":36,"turns":4},{"damage":33,"enemies":"Maw","floor":37,"turns":8},{"damage":39,"enemies":"Sphere and 2 Shapes","floor":38,"turns":8},{"damage":18,"enemies":"3 Darklings","floor":39,"turns":5},{"damage":7,"enemies":"4 Shapes","floor":44,"turns":6},{"damage":27,"enemies":"Maw","floor":46,"turns":7},{"damage":26,"enemies":"3 Darklings","floor":47,"turns":3}],"event_choices":[{"event_name":"Golden Idol","player_choice":"Take Damage","floor":4.0,"damage_taken":0.0},{"event_name":"Wheel of Change","player_choice":"Gold","floor":5.0,"damage_taken":0.0},{"event_name":"World of Goop","player_choice":"Left","floor":10.0,"damage_taken":0.0},{"event_name":"Accursed Blacksmith","player_choice":"Forge","floor":20.0,"damage_taken":0.0},{"event_name":"Vampires","player_choice":"Ignored","floor":24.0,"damage_taken":0.0},{"event_name":"Golden Shrine","player_choice":"Pray","floor":41,"damage_taken":0},{"event_name":"The Moai Head","player_choice":"Gave Idol","floor":45,"damage_taken":0}],"boss_relics":[{"not_picked":["Mark of Pain","Eternal Feather"],"picked":"Tiny House"}],"potions_floor_spawned":[3,8,12,14,16,25,27,28,39,46],"seed_played":"-5067044412490049068","killed_by":"3 Darklings","ascension_level":0,"is_trial":false}