{"gold_per_floor":[112,132,3,20,20,20,49,49,127,158,158,158,173,73,73,172,172,185,185,185,205,80,80,91,104,131,160,160,187,187,204,204,309,309,319,169,181,196,216,251,251,284,284,314,139,155,171,190,190,190],"floor_reached":51,"playtime":3192,"items_purged":["Strike_R","Defend_R","Defend_R","Defend_R","Strike_R"],"score":1059,"play_id":"de3691ab-b9ac-4833-a8e9-5e6933da566e","local_time":"20190417140925","is_ascension_mode":true,"campfire_choices":[{"data":"Bash","floor":6.0,"key":"SMITH"},{"floor":12.0,"key":"REST"},{"floor":15.0,"key":"REST"},{"floor":23.0,"key":"REST"},{"floor":28.0,"key":"REST"},{"data":"Dropkick","floor":32.0,"key":"SMITH"},{"data":"Shrug It Off","floor":41,"key":"SMITH"},{"data":"Shrug It Off","floor":49,"key":"SMITH"}],"neow_cost":"NONE","seed_source_timestamp":560153420052830,"circlet_count":0,"master_deck":["Bash+1","Shrug It Off+1","Dropkick+1","Shrug It Off+1","Dropkick+1"],"special_seed":0,"relics":["Black Blood","Potion Belt","Sundial","Mercury Hourglass","Bag of Marbles","Bronze Scales","Lantern","Runic Cube","Calipers","Paper Frog","Pantograph","Bottled Lightning"],"potions_floor_usage":[33],"damage_taken":[{"damage":1.0,"enemies":"Cultist","floor":1.0,"turns":3.0},{"damage":22.0,"enemies":"Small Slimes","floor":2.0,"turns":5.0},{"damage":6.0,"enemies":"Jaw Worm","floor":4.0,"turns":3.0},{"damage":20.0,"enemies":"Lagavulin","floor":7.0,"turns":5.0},{"damage":43.0,"enemies":"Gremlin Nob","floor":10.0,"turns":6.0},{"damage":5.0,"enemies":"2 Fungi Beasts","floor":13.0,"turns":3.0},{"damage":41.0,"enemies":"Hexaghost","floor":16.0,"turns":9.0},{"damage":14.0,"enemies":"3 Byrds","floor":18.0,"turns":5.0},{"damage":38.0,"enemies":"Spheric Guardian","floor":21.0,"turns":7.0},{"damage":4.0,"enemies":"Centurion and Healer","floor":24.0,"turns":7.0},{"damage":14.0,"enemies":"Shelled Parasite and Fungi","floor":25.0,"turns":7.0},{"damage":54.0,"enemies":"Gremlin Leader","floor":27.0,"turns":6.0},{"damage":33.0,"enemies":"Book of Stabbing","floor":29.0,"turns":7.0},{"damage":0.0,"enemies":"Snecko","floor":31.0,"turns":1.0},{"damage":0,"enemies":"Automaton","floor":33,"turns":2},{"damage":0,"enemies":"Orb Walker","floor":35,"turns":1},{"damage":0,"enemies":"3 Shapes","floor":37,"turns":1},{"damage":0,"enemies":"Transient","floor":38,"turns":1},{"damage":0,"enemies":"3 Darklings","floor":39,"turns":1},{"damage":0,"enemies":"Nemesis","floor":40,"turns":1},{"damage":0,"enemies":"Reptomancer","floor":42,"turns":1},{"damage":0,"enemies":"Giant Head","floor":44,"turns":1},{"damage":0,"enemies":"Sphere and 2 Shapes","floor":46,"turns":2},{"damage":0,"enemies":"Jaw Worm Horde","floor":47,"turns":1},{"damage":0,"enemies":"3 Darklings","floor":48,"turns":1},{"damage":0,"enemies":"Awakened One","floor":50,"turns":2}],"seed_played":"-4654773537930927015","potions_obtained":[{"floor":4.0,"key":"LiquidBronze"},{"floor":7.0,"key":"SpeedPotion"},{"floor":10.0,"key":"Swift Potion"},{"floor":24.0,"key":"SkillPotion"},{"floor":25.0,"key":"SkillPotion"},{"floor":29.0,"key":"Block Potion"},{"floor":37,"key":"Regen Potion"},{"floor":38,"key":"LiquidBronze"},{"floor":39,"key":"Weak Potion"},{"floor":42,"key":"PowerPotion"}],"is_trial":false,"path_per_floor":["M","M","$","M","$","R","E","?","T","E","?","R","M","$","R","B",null,"M","?","?","M","$","R","M","M","T","E","R","E","?","M","R","B",null,"M","$","M","M","M","E","R","E","T","E","$","M","M","M","R","B",null],"character_chosen":"IRONCLAD","items_purchased":["Shrug It Off"],"campfire_rested":4,"item_purchase_floors":[3],"current_hp_per_floor":[80,64,64,64,64,64,50,50,50,13,13,37,38,38,62,27,80,76,61,61,33,33,58,64,60,60,16,41,18,18,28,28,38,85,85,85,85,85,85,85,85,85,85,85,85,85,85,85,85,85],"gold":190,"neow_bonus":"REMOVE_CARD","is_prod":false,"is_daily":false,"chose_seed":false,"campfire_upgraded":4,"win_rate":0,"timestamp":1555528165,"path_taken":["M","M","$","M","$","R","E","?","T","E","?","R","M","$","R","BOSS","M","?","?","M","$","R","M","M","T","E","R","E","?","M","R","BOSS","M","$","M","M","M","E","R","E","T","E","$","?","M","M","R","BOSS"],"build_version":"2019-01-23","purchased_purges":5,"victory":true,"max_hp_per_floor":[80,80,80,80,80,80,80,80,80,80,80,80,80,80,80,80,80,80,85,85,85,85,85,85,85,85,85,85,85,85,85,85,85,85,85,85,85,85,85,85,85,85,85,85,85,85,85,85,85,85],"card_choices":[{"not_picked":["Armaments","Thunderclap","Body Slam"],"picked":"SKIP","floor":1.0},{"not_picked":["Clothesline","Wild Strike","Corruption"],"picked":"SKIP","floor":2.0},{"not_picked":["Headbutt","Flex"],"picked":"Dropkick","floor":4.0},{"not_picked":["Clash","Infernal Blade","Warcry"],"picked":"SKIP","floor":7.0},{"not_picked":["Intimidate","Clash","Corruption"],"picked":"SKIP","floor":10.0},{"not_picked":["Sentinel","Sever Soul","Seeing Red"],"picked":"SKIP","floor":13.0},{"not_picked":["Thunderclap","Clothesline","Iron Wave+1"],"picked":"SKIP","floor":18.0},{"not_picked":["Cleave","Clothesline"],"picked":"Shrug It Off","floor":21.0},{"not_picked":["Wild Strike","Clothesline","Juggernaut"],"picked":"SKIP","floor":24.0},{"not_picked":["Cleave","Bloodletting+1","Evolve"],"picked":"SKIP","floor":25.0},{"not_picked":["Armaments","Battle Trance","Inflame+1"],"picked":"SKIP","floor":27.0},{"not_picked":["Sever Soul","True Grit","Whirlwind"],"picked":"SKIP","floor":29.0},{"not_picked":["Shrug It Off+1","Blood for Blood","True Grit+1"],"picked":"SKIP","floor":31.0},{"not_picked":["Havoc+1","Cleave+1","Inflame+1"],"picked":"SKIP","floor":35},{"not_picked":["Armaments+1","Pummel+1","Clash+1"],"picked":"SKIP","floor":37},{"not_picked":["Headbutt","Second Wind+1","Clothesline"],"picked":"SKIP","floor":38},{"not_picked":["Body Slam+1","Pummel"],"picked":"Dropkick+1","floor":39},{"not_picked":["Headbutt+1","Sentinel","Offering"],"picked":"SKIP","floor":40},{"not_picked":["Reckless Charge","Pommel Strike","Body Slam+1"],"picked":"SKIP","floor":42},{"not_picked":["Clash+1","Anger+1","Warcry+1"],"picked":"SKIP","floor":44},{"not_picked":["Evolve+1","Cleave+1","Infernal Blade+1"],"picked":"SKIP","floor":46},{"not_picked":["Reckless Charge+1","Iron Wave+1","Flex+1"],"picked":"SKIP","floor":47},{"not_picked":["Power Through+1","True Grit","Metallicize+1"],"picked":"SKIP","floor":48}],"player_experience":465336,"relics_obtained":[{"floor":7.0,"key":"Potion Belt"},{"floor":9.0,"key":"Sundial"},{"floor":10.0,"key":"Mercury Hourglass"},{"floor":26.0,"key":"Bag of Marbles"},{"floor":27.0,"key":"Bronze Scales"},{"floor":29.0,"key":"Lantern"},{"floor":40,"key":"Calipers"},{"floor":42,"key":"Paper Frog"},{"floor":43,"key":"Pantograph"},{"floor":44,"key":"Bottled Lightning"}],"event_choices":[{"cards_removed":["Strike_R"],"damage_healed":0.0,"max_hp_gain":0.0,"max_hp_loss":0.0,"gold_gain":0.0,"event_name":"Living Wall","player_choice":"Forget","floor":8.0,"gold_loss":0.0,"damage_taken":0.0},{"damage_healed":0.0,"max_hp_gain":0.0,"max_hp_loss":0.0,"gold_gain":0.0,"event_name":"Shining Light","player_choice":"Ignored","floor":11.0,"gold_loss":0.0,"damage_taken":0.0},{"damage_healed":0.0,"max_hp_gain":5.0,"max_hp_loss":0.0,"gold_gain":0.0,"event_name":"Forgotten Altar","player_choice":"Shed Blood","floor":19.0,"gold_loss":0.0,"damage_taken":20.0},{"cards_removed":["Strike_R"],"damage_healed":0.0,"max_hp_gain":0.0,"max_hp_loss":0.0,"gold_gain":0.0,"event_name":"Back to Basics","player_choice":"Elegance","floor":20.0,"gold_loss":0.0,"damage_taken":0.0},{"cards_removed":["Strike_R"],"damage_healed":0.0,"max_hp_gain":0.0,"max_hp_loss":0.0,"gold_gain":0.0,"event_name":"Bonfire Elementals","player_choice":"Offered Basic","floor":30.0,"gold_loss":0.0,"damage_taken":0.0}],"is_beta":false,"boss_relics":[{"not_picked":["Fusion Hammer","Sozu"],"picked":"Black Blood"},{"not_picked":["Coffee Dripper","Calling Bell"],"picked":"Runic Cube"}],"items_purged_floors":[3,14,22,36,45],"is_endless":false,"potions_floor_spawned":[4,7,10,24,25,29,37,38,39,42,44],"ascension_level":1}