{"gold_per_floor":[99,99,99,99,99,99,99,99,99,99,99,99,99,99,99,99,99,99,99,99,99,99,99,99,99,99,99,99,99,99,99,99,99,99,99,99,99,99,99,99,99,99,99,99,22,22,22,22,22,22],"floor_reached":51,"playtime":4589,"items_purged":[],"score":934,"play_id":"5ec5f968-6042-45ac-92e7-d907faac5fad","local_time":"20190331021932","is_ascension_mode":true,"campfire_choices":[{"data":"Backstab","floor":6.0,"key":"SMITH"},{"floor":15.0,"key":"REST"},{"floor":23.0,"key":"REST"},{"floor":25.0,"key":"REST"},{"floor":27.0,"key":"REST"},{"floor":30.0,"key":"REST"},{"floor":32.0,"key":"REST"},{"floor":40.0,"key":"REST"},{"floor":42.0,"key":"REST"},{"floor":49.0,"key":"REST"}],"neow_cost":"NONE","seed_source_timestamp":136788066444784,"circlet_count":0,"master_deck":["Defend_G","Defend_G","Defend_G","Defend_G","Strike_G","Strike_G","Strike_G+1","Strike_G+1","Survivor","Neutralize","Acrobatics","Backstab+1","Venomology","Cloak And Dagger","Dash","Dodge and Roll","Cloak And Dagger","Cloak And Dagger","A Thousand Cuts","Calculated Gamble","Footwork+1","Blade Dance","Leg Sweep","Backflip","Backstab","Adrenaline","Backflip+1","Malaise","Cloak And Dagger","Backflip","Footwork+1","Backflip+1","Blade Dance"],"special_seed":0,"relics":["Ectoplasm","Whetstone","Tiny Chest","WristBlade","Letter Opener","Question Card","Pocketwatch","Lizard Tail","Mummified Hand","Frozen Egg 2","Dream Catcher"],"potions_floor_usage":[50,50,50,50],"damage_taken":[{"damage":3.0,"enemies":"Jaw Worm","floor":1.0,"turns":4.0},{"damage":0.0,"enemies":"2 Louse","floor":2.0,"turns":4.0},{"damage":0.0,"enemies":"Cultist","floor":4.0,"turns":3.0},{"damage":0.0,"enemies":"Gremlin Gang","floor":5.0,"turns":5.0},{"damage":33.0,"enemies":"Lagavulin","floor":7.0,"turns":7.0},{"damage":14.0,"enemies":"Large Slime","floor":10.0,"turns":8.0},{"damage":3.0,"enemies":"Blue Slaver","floor":11.0,"turns":2.0},{"damage":0.0,"enemies":"Exordium Thugs","floor":12.0,"turns":5.0},{"damage":8.0,"enemies":"Red Slaver","floor":13.0,"turns":3.0},{"damage":0.0,"enemies":"Lots of Slimes","floor":14.0,"turns":4.0},{"damage":25.0,"enemies":"Slime Boss","floor":16.0,"turns":14.0},{"damage":10.0,"enemies":"Spheric Guardian","floor":18.0,"turns":4.0},{"damage":15.0,"enemies":"Chosen","floor":19.0,"turns":5.0},{"damage":25.0,"enemies":"Snake Plant","floor":20.0,"turns":5.0},{"damage":5.0,"enemies":"Centurion and Healer","floor":21.0,"turns":5.0},{"damage":0.0,"enemies":"Shelled Parasite and Fungi","floor":22.0,"turns":7.0},{"damage":13.0,"enemies":"Cultist and Chosen","floor":24.0,"turns":10.0},{"damage":13.0,"enemies":"Slavers","floor":28.0,"turns":6.0},{"damage":14.0,"enemies":"Snake Plant","floor":29.0,"turns":5.0},{"damage":17.0,"enemies":"Book of Stabbing","floor":31.0,"turns":7.0},{"damage":25.0,"enemies":"Collector","floor":33.0,"turns":13.0},{"damage":0.0,"enemies":"Orb Walker","floor":35.0,"turns":4.0},{"damage":26.0,"enemies":"3 Darklings","floor":36.0,"turns":6.0},{"damage":16.0,"enemies":"Spire Growth","floor":37.0,"turns":6.0},{"damage":31.0,"enemies":"Transient","floor":39.0,"turns":5.0},{"damage":34.0,"enemies":"3 Darklings","floor":41.0,"turns":6.0},{"damage":20.0,"enemies":"Reptomancer","floor":44.0,"turns":10.0},{"damage":2.0,"enemies":"Nemesis","floor":46.0,"turns":13.0},{"damage":37,"enemies":"Awakened One","floor":50,"turns":35}],"seed_played":"1472404424057275107","potions_obtained":[{"floor":2.0,"key":"LiquidBronze"},{"floor":10.0,"key":"SpeedPotion"},{"floor":13.0,"key":"LiquidBronze"},{"floor":16.0,"key":"GamblersBrew"},{"floor":22.0,"key":"FairyPotion"},{"floor":29.0,"key":"Dexterity Potion"},{"floor":31.0,"key":"Ancient Potion"},{"floor":37.0,"key":"AttackPotion"},{"floor":41.0,"key":"Ancient Potion"}],"is_trial":false,"path_per_floor":["M","M","?","M","M","R","E","?","T","M","M","M","M","M","R","B",null,"M","M","M","M","M","R","M","R","T","R","E","M","R","E","R","B",null,"M","M","M","?","M","R","M","R","T","E","$","E","?","$","R","B",null],"character_chosen":"THE_SILENT","items_purchased":["Footwork+1"],"campfire_rested":9,"item_purchase_floors":[45],"current_hp_per_floor":[67,67,67,67,67,67,34,34,34,29,26,26,18,18,39,14,56,46,31,6,1,1,22,9,30,30,51,38,24,45,28,49,24,59,59,33,17,61,30,48,14,32,32,12,12,10,10,10,28,21],"gold":22,"neow_bonus":"BOSS_RELIC","is_prod":false,"is_daily":false,"chose_seed":false,"campfire_upgraded":1,"win_rate":0,"timestamp":1554016772,"path_taken":["M","M","?","M","M","R","E","?","T","M","M","M","M","M","R","BOSS","M","M","M","?","M","R","M","R","T","R","E","M","R","E","R","BOSS","M","?","M","?","M","R","M","R","T","E","$","E","?","$","R","BOSS"],"build_version":"2019-01-23","purchased_purges":0,"victory":true,"max_hp_per_floor":[70,70,70,70,70,70,70,70,70,70,70,70,70,70,70,70,70,70,70,70,70,70,70,70,70,70,70,70,70,70,70,70,70,70,70,70,70,61,61,61,61,61,61,61,61,61,61,61,61,61],"card_choices":[{"not_picked":["Slice","Deadly Poison"],"picked":"Acrobatics","floor":1.0},{"not_picked":["Outmaneuver","Choke"],"picked":"Backstab","floor":2.0},{"not_picked":["Blade Dance","Setup"],"picked":"Venomology","floor":4.0},{"not_picked":["PiercingWail","Underhanded Strike"],"picked":"Cloak And Dagger","floor":5.0},{"not_picked":["Choke","Prepared"],"picked":"Dash","floor":7.0},{"not_picked":["Dagger Throw","Flying Knee"],"picked":"Cloak And Dagger","floor":10.0},{"not_picked":["Doppelganger","Outmaneuver","Deflect"],"picked":"SKIP","floor":11.0},{"not_picked":["Bane","Deadly Poison","Deflect"],"picked":"SKIP","floor":12.0},{"not_picked":["Dagger Spray","Sucker Punch","Calculated Gamble"],"picked":"SKIP","floor":13.0},{"not_picked":["Die Die Die","Quick Slash"],"picked":"Cloak And Dagger","floor":14.0},{"not_picked":["Venomology","Unload"],"picked":"A Thousand Cuts","floor":16.0},{"not_picked":["Finisher","Catalyst"],"picked":"Calculated Gamble","floor":18.0},{"not_picked":["Eviscerate","Concentrate"],"picked":"Footwork+1","floor":19.0},{"not_picked":["Deadly Poison","Skewer","Concentrate+1"],"picked":"SKIP","floor":20.0},{"not_picked":["Skewer","Dagger Throw+1","Prepared+1"],"picked":"SKIP","floor":21.0},{"not_picked":["Acrobatics+1","Dagger Spray+1"],"picked":"Blade Dance","floor":22.0},{"not_picked":["Dodge and Roll+1","Riddle With Holes"],"picked":"Leg Sweep","floor":24.0},{"not_picked":["Prepared","Tactician","PiercingWail+1"],"picked":"SKIP","floor":28.0},{"not_picked":["Poisoned Stab","Choke","Catalyst+1"],"picked":"Backflip","floor":29.0},{"not_picked":["Dagger Throw","Dodge and Roll+1","Terror+1"],"picked":"Backstab","floor":31.0},{"not_picked":["Die Die Die","Malaise","Envenom"],"picked":"Adrenaline","floor":33.0},{"not_picked":["Noxious Fumes","Deflect+1","Dagger Throw+1"],"picked":"Backflip+1","floor":35.0},{"not_picked":["Acrobatics+1","Blade Dance+1","Poisoned Stab+1"],"picked":"Malaise","floor":36.0},{"not_picked":["Dodge and Roll","Slice","Bane+1"],"picked":"Cloak And Dagger","floor":37.0},{"not_picked":["Dagger Spray+1","Escape Plan","Bullet Time"],"picked":"Backflip","floor":39.0},{"not_picked":["Quick Slash","Underhanded Strike","Tactician","Sucker Punch"],"picked":"SKIP","floor":41.0},{"not_picked":["PiercingWail+1","Dagger Throw+1","Sucker Punch+1","Skewer"],"picked":"SKIP","floor":44.0},{"not_picked":["Underhanded Strike+1","Bouncing Flask","Wraith Form v2+1"],"picked":"Backflip+1","floor":46.0},{"not_picked":["Outmaneuver","Leg Sweep","Poisoned Stab+1"],"picked":"Blade Dance","floor":49.0}],"player_experience":358021,"relics_obtained":[{"floor":7.0,"key":"Whetstone"},{"floor":9.0,"key":"Tiny Chest"},{"floor":26.0,"key":"Letter Opener"},{"floor":28.0,"key":"Question Card"},{"floor":31.0,"key":"Pocketwatch"},{"floor":43.0,"key":"Mummified Hand"},{"floor":44.0,"key":"Frozen Egg 2"},{"floor":46.0,"key":"Dream Catcher"}],"event_choices":[{"damage_healed":0.0,"max_hp_gain":0.0,"max_hp_loss":0.0,"gold_gain":0.0,"event_name":"Liars Game","player_choice":"Ignored","floor":3.0,"gold_loss":0.0,"damage_taken":0.0},{"damage_healed":0.0,"max_hp_gain":0.0,"max_hp_loss":0.0,"gold_gain":0.0,"cards_transformed":["Strike_G"],"event_name":"Transmorgrifier","player_choice":"Transformed","floor":8.0,"gold_loss":0.0,"damage_taken":0.0,"cards_obtained":["Dodge and Roll"]},{"damage_healed":61.0,"max_hp_gain":0.0,"max_hp_loss":9.0,"gold_gain":0.0,"event_name":"The Moai Head","player_choice":"Heal","floor":38.0,"gold_loss":0.0,"damage_taken":0.0},{"cards_removed":["Defend_G"],"damage_healed":0.0,"max_hp_gain":0.0,"max_hp_loss":0.0,"gold_gain":0.0,"event_name":"Falling","player_choice":"Removed Skill","floor":47.0,"gold_loss":0.0,"damage_taken":0.0}],"is_beta":false,"boss_relics":[{"not_picked":["Calling Bell","Snecko Eye"],"picked":"WristBlade"},{"not_picked":["Runic Pyramid","Sozu"],"picked":"Lizard Tail"}],"items_purged_floors":[],"is_endless":false,"potions_floor_spawned":[2,10,13,16,18,22,29,31,37,41],"ascension_level":5}