{"gold_per_floor":[111,125,142,160,180,180,195,195,195,209,222,241,253,253,253,350,350,360,285,296,316,316,343,343,353,399,410,410,6,105,119,119,221,221,239,339,33,43,0,14,14,14],"floor_reached":42,"playtime":3031,"items_purged":["Strike_B"],"score":418,"play_id":"2c91d6b1-1928-47f1-bf85-6531952ace73","local_time":"20190322000328","is_ascension_mode":false,"campfire_choices":[{"data":"Zap","floor":6,"key":"SMITH"},{"data":"Redo","floor":8,"key":"SMITH"},{"data":"Hologram","floor":15,"key":"SMITH"},{"data":"Capacitor","floor":24,"key":"SMITH"},{"data":"Self Repair","floor":28,"key":"SMITH"},{"data":"Recycle","floor":32,"key":"SMITH"}],"neow_cost":"NONE","seed_source_timestamp":86204842438711,"circlet_count":0,"master_deck":["Strike_B","Strike_B","Defend_B","Defend_B","Defend_B","Defend_B","Zap+1","Dualcast","Compile Driver","Hologram+1","Chill","Barrage","Redo+1","Hologram","Creative AI+1","Force Field+1","Glacier","Machine Learning","Self Repair+1","Steam","Go for the Eyes","Capacitor+1","Leap","Conserve Battery","Defragment","Recycle+1","Darkness","Multi-Cast","Skim+1","Amplify","Defragment","Multi-Cast","Glacier+1"],"relics":["Cracked Core","Pen Nib","Thread and Needle","Sozu","Gremlin Horn","Letter Opener","Black Star","Peace Pipe","Red Mask"],"potions_floor_usage":[16],"damage_taken":[{"damage":0,"enemies":"2 Louse","floor":1,"turns":2},{"damage":0,"enemies":"Small Slimes","floor":2,"turns":3},{"damage":1,"enemies":"Jaw Worm","floor":3,"turns":4},{"damage":8,"enemies":"Red Slaver","floor":4,"turns":3},{"damage":2,"enemies":"Exordium Wildlife","floor":5,"turns":4},{"damage":12,"enemies":"Looter","floor":7,"turns":3},{"damage":0,"enemies":"2 Fungi Beasts","floor":10,"turns":3},{"damage":1,"enemies":"3 Louse","floor":11,"turns":4},{"damage":0,"enemies":"Blue Slaver","floor":12,"turns":3},{"damage":4,"enemies":"Gremlin Gang","floor":13,"turns":4},{"damage":4,"enemies":"Hexaghost","floor":16,"turns":10},{"damage":0,"enemies":"Shell Parasite","floor":18,"turns":9},{"damage":4,"enemies":"Chosen","floor":20,"turns":5},{"damage":14,"enemies":"Snake Plant","floor":21,"turns":6},{"damage":45,"enemies":"Book of Stabbing","floor":23,"turns":9},{"damage":0,"enemies":"Snecko","floor":25,"turns":7},{"damage":0,"enemies":"Centurion and Healer","floor":27,"turns":8},{"damage":0,"enemies":"Shelled Parasite and Fungi","floor":31,"turns":9},{"damage":11,"enemies":"Automaton","floor":33,"turns":9},{"damage":3,"enemies":"3 Darklings","floor":35,"turns":7},{"damage":14,"enemies":"Mind Bloom Boss Battle","floor":36,"turns":8},{"damage":0,"enemies":"3 Shapes","floor":38,"turns":4},{"damage":47,"enemies":"Transient","floor":40,"turns":5},{"damage":39,"enemies":"Reptomancer","floor":42,"turns":2}],"seed_played":"5110352406870581170","potions_obtained":[{"floor":2,"key":"LiquidBronze"},{"floor":7,"key":"Ancient Potion"},{"floor":12,"key":"PowerPotion"},{"floor":16,"key":"EssenceOfSteel"}],"is_trial":false,"path_per_floor":["M","M","M","M","M","R","M","R","T","M","M","M","M","?","R","B",null,"M","?","M","M","?","E","R","M","T","M","R","$","?","M","R","B",null,"M","?","$","M","?","M","?","E"],"character_chosen":"DEFECT","items_purchased":["Defragment","Recycle","Letter Opener","Amplify","Defragment"],"campfire_rested":0,"item_purchase_floors":[29,29,29,37,37],"current_hp_per_floor":[75,75,74,66,64,64,52,52,52,52,51,51,47,47,47,43,75,75,75,75,68,68,30,30,37,37,44,44,44,44,54,54,53,75,75,71,71,75,75,28,28,0],"gold":14,"neow_bonus":"RANDOM_COMMON_RELIC","is_prod":false,"is_daily":false,"chose_seed":false,"campfire_upgraded":6,"win_rate":0,"timestamp":1553184208,"path_taken":["M","M","M","M","M","R","M","R","T","M","M","M","M","?","R","BOSS","M","?","M","M","?","E","R","M","T","?","R","$","?","M","R","BOSS","M","?","$","M","?","M","?","E"],"build_version":"2019-01-23","purchased_purges":1,"victory":false,"max_hp_per_floor":[75,75,75,75,75,75,75,75,75,75,75,75,75,75,75,75,75,75,75,75,75,75,75,75,75,75,75,75,75,75,75,75,75,75,75,75,75,75,75,75,75,75],"card_choices":[{"not_picked":["Stack","Consume"],"picked":"Compile Driver","floor":1},{"not_picked":["Rebound","Ball Lightning"],"picked":"Hologram","floor":2},{"not_picked":["Beam Cell","Gash"],"picked":"Chill","floor":3},{"not_picked":["Chaos","Stack"],"picked":"Barrage","floor":4},{"not_picked":["Steam","Coolheaded"],"picked":"Redo","floor":5},{"not_picked":["Compile Driver","Ball Lightning"],"picked":"Hologram","floor":7},{"not_picked":["Barrage","Chill"],"picked":"Creative AI","floor":10},{"not_picked":["Gash","Leap"],"picked":"Force Field","floor":11},{"not_picked":["Reinforced Body","Compile Driver"],"picked":"Glacier","floor":12},{"not_picked":["Rebound","Gash","Scrape"],"picked":"SKIP","floor":13},{"not_picked":["Buffer","Hyperbeam"],"picked":"Machine Learning","floor":16},{"not_picked":["Ball Lightning","Streamline"],"picked":"Self Repair","floor":18},{"not_picked":["White Noise","Gash"],"picked":"Steam","floor":20},{"not_picked":["Stack","Streamline"],"picked":"Go for the Eyes","floor":21},{"not_picked":["Cold Snap","Beam Cell"],"picked":"Capacitor","floor":23},{"not_picked":["Aggregate","Heatsinks"],"picked":"Leap","floor":25},{"not_picked":["Steam","Gash"],"picked":"Conserve Battery","floor":27},{"not_picked":["Conserve Battery+1","White Noise"],"picked":"Darkness","floor":31},{"not_picked":["Buffer","All For One"],"picked":"Multi-Cast","floor":33},{"not_picked":["Cold Snap+1","Steam","Streamline"],"picked":"SKIP","floor":35},{"not_picked":["Conserve Battery","Gash"],"picked":"Skim+1","floor":36},{"not_picked":["Hologram+1","Steam"],"picked":"Multi-Cast","floor":38},{"not_picked":["Fusion","White Noise+1"],"picked":"Glacier+1","floor":40}],"player_experience":885071,"relics_obtained":[{"floor":9,"key":"Thread and Needle"},{"floor":23,"key":"Gremlin Horn"},{"floor":36,"key":"Peace Pipe"}],"event_choices":[{"damage_healed":0,"gold_gain":0,"player_choice":"Grow","damage_taken":0,"max_hp_gain":0,"max_hp_loss":0,"event_name":"Living Wall","floor":14,"gold_loss":0,"cards_upgraded":["Creative AI"]},{"cards_removed":["Strike_B"],"damage_healed":0,"gold_gain":0,"player_choice":"Gave Gold","damage_taken":0,"max_hp_gain":0,"max_hp_loss":0,"event_name":"Beggar","floor":19,"gold_loss":75},{"damage_healed":0,"gold_gain":0,"player_choice":"Forge","damage_taken":0,"max_hp_gain":0,"max_hp_loss":0,"event_name":"Accursed Blacksmith","floor":22,"gold_loss":0,"cards_upgraded":["Force Field"]},{"damage_healed":0,"gold_gain":99,"player_choice":"Stole From Cult","damage_taken":0,"max_hp_gain":0,"max_hp_loss":0,"event_name":"Nest","floor":30,"gold_loss":0},{"damage_healed":0,"gold_gain":0,"player_choice":"Fight","damage_taken":0,"max_hp_gain":0,"max_hp_loss":0,"event_name":"MindBloom","floor":36,"gold_loss":0},{"damage_healed":0,"gold_gain":0,"player_choice":"Paid","damage_taken":0,"relics_obtained":["Red Mask"],"max_hp_gain":0,"max_hp_loss":0,"event_name":"Tomb of Lord Red Mask","floor":39,"gold_loss":43},{"damage_healed":0,"gold_gain":0,"player_choice":"Ignored","damage_taken":0,"max_hp_gain":0,"max_hp_loss":0,"event_name":"Mysterious Sphere","floor":41,"gold_loss":0}],"is_beta":false,"boss_relics":[{"not_picked":["Lizard Tail","Nuclear Battery"],"picked":"Sozu"},{"not_picked":["Eternal Feather","White Beast Statue"],"picked":"Black Star"}],"items_purged_floors":[37],"is_endless":false,"potions_floor_spawned":[2,7,12,13,16,20,25,27,33,35,40],"killed_by":"Reptomancer","ascension_level":0}