{"gold_per_floor":[112,82,99,114,133,133,160,175,257,257,273,305,305,360,360,464,464,481,500,425,441,441,441,456,491,514,514,514,266,278,278,278,278],"floor_reached":33,"playtime":1980,"items_purged":["Pain"],"score":466,"play_id":"dd1b6ccc-6d1a-4e48-ad62-8b8d65a878a8","local_time":"20190330235234","is_ascension_mode":true,"campfire_choices":[{"data":"Armaments","floor":6.0,"key":"SMITH"},{"data":"Pommel Strike","floor":10.0,"key":"SMITH"},{"data":"Demon Form","floor":13.0,"key":"SMITH"},{"floor":15.0,"key":"REST"},{"floor":23.0,"key":"REST"},{"floor":32.0,"key":"REST"}],"neow_cost":"NONE","seed_source_timestamp":131586536952309,"circlet_count":0,"master_deck":["Strike_R","Strike_R","Strike_R","Strike_R","Defend_R","Defend_R","Defend_R","Defend_R","Bash","Armaments+1","Headbutt","Pommel Strike+1","Bludgeon","Demon Form+1","Double Tap","True Grit+1","Flash of Steel","Metallicize"],"special_seed":0,"relics":["Burning Blood","Ancient Tea Set","Bottled Flame","Mango","PreservedInsect","Sozu","Enchiridion","Paper Frog","Pen Nib","WarpedTongs"],"potions_floor_usage":[],"damage_taken":[{"damage":7.0,"enemies":"Jaw Worm","floor":1.0,"turns":3.0},{"damage":1.0,"enemies":"Cultist","floor":3.0,"turns":4.0},{"damage":6.0,"enemies":"Small Slimes","floor":4.0,"turns":4.0},{"damage":8.0,"enemies":"2 Fungi Beasts","floor":5.0,"turns":4.0},{"damage":27.0,"enemies":"Lagavulin","floor":7.0,"turns":6.0},{"damage":2.0,"enemies":"3 Louse","floor":8.0,"turns":3.0},{"damage":2.0,"enemies":"Large Slime","floor":11.0,"turns":4.0},{"damage":17.0,"enemies":"Gremlin Nob","floor":12.0,"turns":5.0},{"damage":25.0,"enemies":"Lagavulin Event","floor":14.0,"turns":5.0},{"damage":0.0,"enemies":"Slime Boss","floor":16.0,"turns":3.0},{"damage":14.0,"enemies":"3 Byrds","floor":18.0,"turns":5.0},{"damage":23.0,"enemies":"2 Thieves","floor":19.0,"turns":3.0},{"damage":34.0,"enemies":"Centurion and Healer","floor":21.0,"turns":4.0},{"damage":7.0,"enemies":"Cultist and Chosen","floor":24.0,"turns":3.0},{"damage":41.0,"enemies":"Book of Stabbing","floor":25.0,"turns":5.0},{"damage":26.0,"enemies":"3 Cultists","floor":30.0,"turns":5.0},{"damage":54,"enemies":"Collector","floor":33,"turns":5}],"seed_played":"416086107324224420","potions_obtained":[{"floor":1.0,"key":"Weak Potion"},{"floor":2.0,"key":"BloodPotion"},{"floor":2.0,"key":"Energy Potion"},{"floor":5.0,"key":"Block Potion"},{"floor":7.0,"key":"Ancient Potion"},{"floor":12.0,"key":"SteroidPotion"}],"is_trial":false,"path_per_floor":["M","?","M","M","M","R","E","M","T","R","M","E","R","?","R","B",null,"M","M","?","M","?","R","M","E","T","?","?","$","M","?","R","B"],"character_chosen":"IRONCLAD","items_purchased":["Flash of Steel","Metallicize"],"campfire_rested":3,"item_purchase_floors":[29,29],"current_hp_per_floor":[79,79,84,84,82,82,61,65,65,65,69,72,72,53,83,89,99,91,74,74,46,30,60,59,34,34,34,34,34,14,14,44,0],"gold":278,"neow_bonus":"TEN_PERCENT_HP_BONUS","is_prod":false,"is_daily":false,"chose_seed":false,"campfire_upgraded":3,"win_rate":0,"timestamp":1554007954,"path_taken":["M","?","?","M","M","R","E","M","T","R","M","E","R","?","R","BOSS","M","M","?","M","?","R","M","E","T","?","?","$","?","?","R","BOSS"],"build_version":"2019-01-23","purchased_purges":1,"victory":false,"max_hp_per_floor":[88,88,88,88,88,88,88,88,88,88,88,102,102,102,102,102,102,102,102,102,102,102,102,102,102,102,102,102,102,102,102,102,102],"card_choices":[{"not_picked":["Shockwave","Sentinel"],"picked":"Armaments","floor":1.0},{"not_picked":["Burning Pact","Rage"],"picked":"Headbutt","floor":3.0},{"not_picked":["Body Slam","Clothesline","Rupture"],"picked":"SKIP","floor":4.0},{"not_picked":["Rage","Sentinel"],"picked":"Pommel Strike","floor":5.0},{"not_picked":["Clash","Sword Boomerang"],"picked":"Bludgeon","floor":7.0},{"not_picked":["Perfected Strike","Sword Boomerang","Reckless Charge"],"picked":"SKIP","floor":8.0},{"not_picked":["Twin Strike","Heavy Blade","Shockwave"],"picked":"SKIP","floor":11.0},{"not_picked":["Armaments","Twin Strike"],"picked":"Demon Form","floor":12.0},{"not_picked":["Reaper","Juggernaut"],"picked":"Double Tap","floor":16.0},{"not_picked":["Sword Boomerang","Carnage","Clothesline"],"picked":"SKIP","floor":18.0},{"not_picked":["Combust+1","Cleave"],"picked":"True Grit+1","floor":19.0},{"not_picked":["Sword Boomerang","Warcry","Anger"],"picked":"SKIP","floor":21.0},{"not_picked":["Immolate","Flex+1","Corruption"],"picked":"SKIP","floor":24.0},{"not_picked":["Sword Boomerang+1","Evolve+1","Whirlwind"],"picked":"SKIP","floor":25.0},{"not_picked":["Sentinel","Body Slam","Infernal Blade+1"],"picked":"SKIP","floor":30.0}],"player_experience":352902,"relics_obtained":[{"floor":7.0,"key":"Ancient Tea Set"},{"floor":9.0,"key":"Bottled Flame"},{"floor":12.0,"key":"Mango"},{"floor":14.0,"key":"PreservedInsect"},{"floor":22.0,"key":"Enchiridion"},{"floor":25.0,"key":"Paper Frog"},{"floor":26.0,"key":"Pen Nib"}],"event_choices":[{"damage_healed":0.0,"max_hp_gain":0.0,"max_hp_loss":0.0,"gold_gain":0.0,"event_name":"The Woman in Blue","player_choice":"Bought 2 Potions","floor":2.0,"gold_loss":0.0,"damage_taken":0.0},{"damage_healed":0.0,"max_hp_gain":0.0,"max_hp_loss":0.0,"gold_gain":30.0,"event_name":"Dead Adventurer","player_choice":"Searched \u00272\u0027 times","floor":14.0,"gold_loss":0.0,"damage_taken":0.0},{"cards_removed":["Strike_R"],"damage_healed":0.0,"max_hp_gain":0.0,"max_hp_loss":0.0,"gold_gain":0.0,"event_name":"Beggar","player_choice":"Gave Gold","floor":20.0,"gold_loss":75.0,"damage_taken":0.0},{"damage_healed":0.0,"max_hp_gain":0.0,"max_hp_loss":0.0,"gold_gain":0.0,"event_name":"Cursed Tome","player_choice":"Obtained Book","floor":22.0,"gold_loss":0.0,"damage_taken":16.0},{"damage_healed":0.0,"max_hp_gain":0.0,"max_hp_loss":0.0,"gold_gain":0.0,"event_name":"Forgotten Altar","player_choice":"Smashed Altar","floor":27.0,"gold_loss":0.0,"damage_taken":0.0,"cards_obtained":["Decay"]},{"damage_healed":0.0,"max_hp_gain":0.0,"max_hp_loss":0.0,"gold_gain":0.0,"event_name":"Accursed Blacksmith","player_choice":"Rummage","floor":28.0,"gold_loss":0.0,"damage_taken":0.0,"relics_obtained":["WarpedTongs"],"cards_obtained":["Pain"]},{"cards_removed":["Decay"],"damage_healed":0.0,"max_hp_gain":0.0,"max_hp_loss":0.0,"gold_gain":0.0,"event_name":"Fountain of Cleansing","player_choice":"Removed Curses","floor":31.0,"gold_loss":0.0,"damage_taken":0.0}],"is_beta":false,"boss_relics":[{"not_picked":["Tiny House","Eternal Feather"],"picked":"Sozu"}],"items_purged_floors":[29],"is_endless":false,"potions_floor_spawned":[1,5,7,12,14,19,21,24,30],"killed_by":"Collector","ascension_level":7}