{"gold_per_floor":[118,130,145,156,156,156,156,156,180,195,195,370,398,411,411,510,510,526,526,194,180,180,180,200,200,200,212,228,255,255,255],"floor_reached":31,"playtime":2751,"items_purged":[],"score":373,"play_id":"05dec9fa-2000-4176-af9a-9c7fbf2ac4fa","local_time":"20190414121815","is_ascension_mode":true,"campfire_choices":[{"data":"Dualcast","floor":6.0,"key":"SMITH"},{"data":"Zap","floor":8.0,"key":"SMITH"},{"data":"Cold Snap","floor":11.0,"key":"SMITH"},{"data":"Recycle","floor":15.0,"key":"SMITH"},{"floor":23,"key":"REST"},{"data":"Creative AI","floor":25,"key":"SMITH"},{"floor":30,"key":"REST"}],"neow_cost":"NONE","seed_source_timestamp":0,"circlet_count":0,"master_deck":["Strike_B","Strike_B","Strike_B","Defend_B","Defend_B","Defend_B","Defend_B","Zap+1","Dualcast+1","Coolheaded","Coolheaded","Recycle+1","Cold Snap","Cold Snap+1","Ball Lightning","Creative AI+1","Auto Shields","Self Repair","Panacea","Leap","Chill","FTL+1","BootSequence+1"],"special_seed":0,"relics":["Cracked Core","NeowsBlessing","Strawberry","Anchor","Torii","Empty Cage","Meat on the Bone","Bottled Flame","Bottled Tornado","Peace Pipe"],"potions_floor_usage":[29,29,31],"damage_taken":[{"damage":0.0,"enemies":"Cultist","floor":1.0,"turns":1.0},{"damage":0.0,"enemies":"2 Louse","floor":2.0,"turns":1.0},{"damage":0.0,"enemies":"Jaw Worm","floor":3.0,"turns":1.0},{"damage":2.0,"enemies":"Blue Slaver","floor":4.0,"turns":5.0},{"damage":2.0,"enemies":"Exordium Thugs","floor":10.0,"turns":4.0},{"damage":12.0,"enemies":"3 Sentries","floor":13.0,"turns":9.0},{"damage":0.0,"enemies":"Exordium Wildlife","floor":14.0,"turns":2.0},{"damage":13.0,"enemies":"The Guardian","floor":16.0,"turns":13.0},{"damage":42.0,"enemies":"3 Byrds","floor":18.0,"turns":6.0},{"damage":18,"enemies":"2 Thieves","floor":21,"turns":4},{"damage":14,"enemies":"Shelled Parasite and Fungi","floor":24,"turns":13},{"damage":10,"enemies":"Centurion and Healer","floor":27,"turns":7},{"damage":27,"enemies":"3 Cultists","floor":28,"turns":5},{"damage":34,"enemies":"Slavers","floor":29,"turns":6},{"damage":14,"enemies":"Colosseum Slavers","floor":31,"turns":6},{"damage":135,"enemies":"Colosseum Nobs","floor":31,"turns":6}],"seed_played":"-5994976553384571074","potions_obtained":[{"floor":2.0,"key":"Energy Potion"},{"floor":3.0,"key":"FairyPotion"},{"floor":13.0,"key":"SpeedPotion"},{"floor":27,"key":"SkillPotion"},{"floor":29,"key":"Dexterity Potion"}],"is_trial":false,"path_per_floor":["M","M","M","M","?","R","?","R","T","M","R","?","E","M","R","B",null,"M","?","$","M","T","R","M","R","T","M","M","E","R","?"],"character_chosen":"DEFECT","items_purchased":["Meat on the Bone","Panacea"],"campfire_rested":2,"item_purchase_floors":[20,20],"current_hp_per_floor":[68,68,68,66,73,73,73,73,73,71,71,71,59,59,59,46,73,31,31,31,32,32,56,49,49,49,58,50,35,59,0],"gold":255,"neow_bonus":"THREE_ENEMY_KILL","is_prod":false,"is_daily":false,"chose_seed":false,"campfire_upgraded":5,"win_rate":0,"timestamp":1555262295,"path_taken":["M","M","M","?","?","R","?","R","T","?","R","?","E","M","R","BOSS","M","?","$","M","?","R","M","R","T","?","M","E","R","?"],"build_version":"2019-01-23","purchased_purges":0,"victory":false,"max_hp_per_floor":[75,75,75,75,82,82,82,82,82,82,82,82,82,82,82,82,82,82,82,82,82,82,82,82,82,82,82,82,82,82,82],"card_choices":[{"not_picked":["Rebound","Streamline"],"picked":"Coolheaded","floor":1.0},{"not_picked":["Redo","Steam"],"picked":"Coolheaded","floor":2.0},{"not_picked":["Tempest","Go for the Eyes"],"picked":"Recycle","floor":3.0},{"not_picked":["Turbo","Barrage"],"picked":"Cold Snap","floor":4.0},{"not_picked":["Chaos","Steam"],"picked":"Cold Snap","floor":10.0},{"not_picked":["Steam","Amplify","Rebound"],"picked":"SKIP","floor":13.0},{"not_picked":["Steam","Sweeping Beam"],"picked":"Ball Lightning","floor":14.0},{"not_picked":["Amplify","All For One"],"picked":"Creative AI","floor":16.0},{"not_picked":["Compile Driver+1","Steam"],"picked":"Auto Shields","floor":18.0},{"not_picked":["Rebound","Storm"],"picked":"Leap","floor":21},{"not_picked":["Turbo+1","Recycle"],"picked":"Chill","floor":24},{"not_picked":["Fusion","Aggregate"],"picked":"FTL+1","floor":27},{"not_picked":["Static Discharge","Go for the Eyes"],"picked":"BootSequence+1","floor":28},{"not_picked":["Gash","Cold Snap","Turbo"],"picked":"SKIP","floor":29}],"player_experience":441402,"relics_obtained":[{"floor":9.0,"key":"Anchor"},{"floor":13.0,"key":"Torii"},{"floor":22,"key":"Bottled Flame"},{"floor":26,"key":"Bottled Tornado"},{"floor":29,"key":"Peace Pipe"}],"event_choices":[{"damage_healed":0.0,"max_hp_gain":0.0,"max_hp_loss":0.0,"gold_gain":0.0,"event_name":"Big Fish","player_choice":"Box","floor":5.0,"gold_loss":0.0,"damage_taken":0.0,"relics_obtained":["Strawberry"],"cards_obtained":["Regret"]},{"cards_removed":["Regret"],"damage_healed":0.0,"max_hp_gain":0.0,"max_hp_loss":0.0,"gold_gain":0.0,"event_name":"Purifier","player_choice":"Purged","floor":7.0,"gold_loss":0.0,"damage_taken":0.0},{"damage_healed":0.0,"max_hp_gain":0.0,"max_hp_loss":0.0,"gold_gain":175.0,"event_name":"Liars Game","player_choice":"AGREE","floor":12.0,"gold_loss":0.0,"damage_taken":0.0,"cards_obtained":["Doubt"]},{"damage_healed":0.0,"max_hp_gain":0.0,"max_hp_loss":0.0,"gold_gain":0.0,"event_name":"The Library","player_choice":"Read","floor":19.0,"gold_loss":0.0,"damage_taken":0.0,"cards_obtained":["Self Repair"]},{"damage_healed":0,"gold_gain":0,"player_choice":"Fight","damage_taken":0,"max_hp_gain":0,"max_hp_loss":0,"event_name":"Colosseum","floor":31,"gold_loss":0},{"damage_healed":0,"gold_gain":0,"player_choice":"Fought Nobs","damage_taken":0,"max_hp_gain":0,"max_hp_loss":0,"event_name":"Colosseum","floor":31,"gold_loss":0}],"is_beta":false,"boss_relics":[{"not_picked":["Runic Pyramid","Ectoplasm"],"picked":"Empty Cage"}],"items_purged_floors":[],"is_endless":false,"potions_floor_spawned":[2,3,13,27,28,29],"killed_by":"Colosseum Nobs","ascension_level":9}