{"gold_per_floor":[118,128,141,155,169,197,214,239,239,239,252,269,201,220,220,322,322,341,359,359,376,390,390,421,421,421,441,451,478,490,490,490,591,591,606,606,618,26,46,46,64,64,64,64,77,77,87,87,87,87],"floor_reached":50,"playtime":3614,"items_purged":["Pain"],"score":529,"play_id":"7aac11ca-ba88-44b3-9305-bb48a9bca07d","local_time":"20190405021521","is_ascension_mode":true,"campfire_choices":[{"floor":10.0,"key":"REST"},{"floor":15.0,"key":"REST"},{"floor":23.0,"key":"REST"},{"floor":25.0,"key":"REST"},{"floor":32.0,"key":"REST"},{"floor":40,"key":"RECALL"},{"floor":42,"key":"REST"},{"floor":46,"key":"REST"},{"floor":49,"key":"REST"}],"neow_cost":"NONE","seed_source_timestamp":94535312815258,"circlet_count":0,"master_deck":["Defend_G","Defend_G","Defend_G","Defend_G","Strike_G","Strike_G","Strike_G","Strike_G","Survivor","Neutralize","Infinite Blades","Cloak And Dagger","Backflip","Backflip","Caltrops","Calculated Gamble","Infinite Blades","Sucker Punch+1","Accuracy","A Thousand Cuts","Predator+1","Crippling Poison","Bouncing Flask","Deadly Poison","J.A.X.","After Image","Crippling Poison+1","Noxious Fumes","Dramatic Entrance+1","Footwork","Deadly Poison+1","Backflip+1","Caltrops+1"],"special_seed":0,"relics":["Fusion Hammer","Snake Skull","Molten Egg 2","Letter Opener","Lizard Tail","PreservedInsect","Shuriken","Matryoshka","Eternal Feather","WarpedTongs","Tingsha","Gremlin Horn"],"potions_floor_usage":[39,39,45,50,50],"damage_taken":[{"damage":0.0,"enemies":"2 Louse","floor":1.0,"turns":4.0},{"damage":0.0,"enemies":"Cultist","floor":2.0,"turns":4.0},{"damage":0.0,"enemies":"Small Slimes","floor":3.0,"turns":4.0},{"damage":0.0,"enemies":"2 Fungi Beasts","floor":4.0,"turns":4.0},{"damage":0.0,"enemies":"Gremlin Gang","floor":5.0,"turns":3.0},{"damage":8.0,"enemies":"3 Sentries","floor":6.0,"turns":11.0},{"damage":0.0,"enemies":"Red Slaver","floor":7.0,"turns":4.0},{"damage":35.0,"enemies":"Gremlin Nob","floor":8.0,"turns":6.0},{"damage":0.0,"enemies":"Looter","floor":11.0,"turns":3.0},{"damage":0.0,"enemies":"3 Louse","floor":12.0,"turns":4.0},{"damage":10.0,"enemies":"Gremlin Gang","floor":14.0,"turns":4.0},{"damage":17.0,"enemies":"The Guardian","floor":16.0,"turns":10.0},{"damage":7.0,"enemies":"Chosen","floor":18.0,"turns":5.0},{"damage":3.0,"enemies":"3 Byrds","floor":19.0,"turns":4.0},{"damage":13.0,"enemies":"Shelled Parasite and Fungi","floor":21.0,"turns":7.0},{"damage":13.0,"enemies":"3 Cultists","floor":22.0,"turns":6.0},{"damage":17.0,"enemies":"Slavers","floor":24.0,"turns":5.0},{"damage":10.0,"enemies":"Centurion and Healer","floor":27.0,"turns":6.0},{"damage":22.0,"enemies":"Shelled Parasite and Fungi","floor":28.0,"turns":6.0},{"damage":6.0,"enemies":"Book of Stabbing","floor":29.0,"turns":4.0},{"damage":7.0,"enemies":"3 Cultists","floor":30.0,"turns":5.0},{"damage":57.0,"enemies":"Champ","floor":33.0,"turns":9.0},{"damage":12.0,"enemies":"Orb Walker","floor":35.0,"turns":5.0},{"damage":5,"enemies":"3 Shapes","floor":37,"turns":5},{"damage":12,"enemies":"Sphere and 2 Shapes","floor":39,"turns":4},{"damage":12,"enemies":"Maw","floor":41,"turns":7},{"damage":14,"enemies":"Jaw Worm Horde","floor":45,"turns":4},{"damage":59,"enemies":"Writhing Mass","floor":47,"turns":5},{"damage":63,"enemies":"Donu and Deca","floor":50,"turns":6}],"seed_played":"-2790452141956073941","potions_obtained":[{"floor":1.0,"key":"Dexterity Potion"},{"floor":2.0,"key":"Explosive Potion"},{"floor":8.0,"key":"SkillPotion"},{"floor":12.0,"key":"FearPotion"},{"floor":16.0,"key":"Fire Potion"},{"floor":19.0,"key":"Energy Potion"},{"floor":22.0,"key":"Fire Potion"},{"floor":27.0,"key":"Poison Potion"},{"floor":28.0,"key":"Energy Potion"},{"floor":37,"key":"Swift Potion"},{"floor":39,"key":"Block Potion"},{"floor":47,"key":"GhostInAJar"}],"is_trial":false,"path_per_floor":["M","M","M","M","M","E","M","E","T","R","M","M","$","M","R","B",null,"M","M","?","M","M","R","E","R","T","M","M","E","M","?","R","B",null,"M","?","M","$","M","R","M","R","T","?","M","R","M","?","R","B"],"character_chosen":"THE_SILENT","items_purchased":["Accuracy","Noxious Fumes","Tingsha","Dramatic Entrance+1","Explosive Potion"],"campfire_rested":8,"item_purchase_floors":[13,38,38,38,38],"current_hp_per_floor":[70,70,70,70,70,62,62,27,27,48,48,48,48,38,59,42,70,63,60,60,47,34,55,38,59,59,49,27,21,14,14,35,13,70,58,58,53,53,41,59,47,70,70,70,56,70,11,11,50,0],"gold":87,"neow_bonus":"BOSS_RELIC","is_prod":false,"is_daily":false,"chose_seed":false,"campfire_upgraded":0,"win_rate":0,"timestamp":1554448521,"path_taken":["M","M","M","M","M","E","M","E","T","R","M","M","$","M","R","BOSS","M","M","?","M","M","R","E","R","T","M","?","E","M","?","R","BOSS","M","?","M","$","?","R","M","R","T","?","?","R","M","?","R","BOSS"],"build_version":"2019-01-23","purchased_purges":1,"victory":false,"max_hp_per_floor":[70,70,70,70,70,70,70,70,70,70,70,70,70,70,70,70,70,70,70,70,70,70,70,70,70,70,70,70,70,70,70,70,70,70,70,70,70,70,70,70,70,70,70,70,70,70,70,70,70,70],"card_choices":[{"not_picked":["Prepared","Poisoned Stab","Tactician"],"picked":"SKIP","floor":1.0},{"not_picked":["Blade Dance","Flying Knee"],"picked":"Infinite Blades","floor":2.0},{"not_picked":["Poisoned Stab","Backflip"],"picked":"Cloak And Dagger","floor":3.0},{"not_picked":["Flying Knee","Quick Slash"],"picked":"Backflip","floor":4.0},{"not_picked":["Setup","Terror"],"picked":"Backflip","floor":5.0},{"not_picked":["Concentrate","Grand Finale","Outmaneuver"],"picked":"SKIP","floor":6.0},{"not_picked":["PiercingWail","Tactician"],"picked":"Caltrops","floor":7.0},{"not_picked":["Blade Dance","Outmaneuver"],"picked":"Calculated Gamble","floor":8.0},{"not_picked":["Predator+1","Blur"],"picked":"Infinite Blades","floor":11.0},{"not_picked":["Expertise","Outmaneuver"],"picked":"Sucker Punch+1","floor":12.0},{"not_picked":["Prepared","Slice+1","Concentrate"],"picked":"SKIP","floor":14.0},{"not_picked":["Storm of Steel","Grand Finale+1"],"picked":"A Thousand Cuts","floor":16.0},{"not_picked":["Deflect","Slice+1","Eviscerate+1"],"picked":"SKIP","floor":18.0},{"not_picked":["Poisoned Stab+1","Blade Dance","Flying Knee+1"],"picked":"SKIP","floor":19.0},{"not_picked":["Acrobatics","PiercingWail"],"picked":"Predator+1","floor":21.0},{"not_picked":["Outmaneuver","Quick Slash+1"],"picked":"Crippling Poison","floor":22.0},{"not_picked":["Skewer+1","Heel Hook+1"],"picked":"Bouncing Flask","floor":24.0},{"not_picked":["Dagger Throw+1","Sucker Punch+1","Heel Hook+1"],"picked":"SKIP","floor":27.0},{"not_picked":["Slice+1","Prepared","Deflect"],"picked":"SKIP","floor":28.0},{"not_picked":["Slice+1","Unload+1","Dagger Throw+1"],"picked":"SKIP","floor":29.0},{"not_picked":["Expertise","Predator+1"],"picked":"Deadly Poison","floor":30.0},{"not_picked":["Storm of Steel","Doppelganger"],"picked":"After Image","floor":33.0},{"not_picked":["Prepared+1","Outmaneuver+1"],"picked":"Crippling Poison+1","floor":35.0},{"not_picked":["Flying Knee+1","Dagger Spray+1","Endless Agony+1"],"picked":"SKIP","floor":37},{"not_picked":["PiercingWail+1","Deadly Poison+1"],"picked":"Footwork","floor":39},{"not_picked":["Leg Sweep","Reflex"],"picked":"Deadly Poison+1","floor":41},{"not_picked":["Dagger Spray+1","Masterful Stab+1"],"picked":"Backflip+1","floor":45},{"not_picked":["Slice+1","Flechettes+1"],"picked":"Caltrops+1","floor":47}],"player_experience":410294,"relics_obtained":[{"floor":6.0,"key":"Snake Skull"},{"floor":8.0,"key":"Molten Egg 2"},{"floor":9.0,"key":"Letter Opener"},{"floor":24.0,"key":"PreservedInsect"},{"floor":26.0,"key":"Shuriken"},{"floor":29.0,"key":"Matryoshka"},{"floor":43,"key":"Gremlin Horn"}],"event_choices":[{"damage_healed":0.0,"max_hp_gain":0.0,"max_hp_loss":0.0,"gold_gain":0.0,"event_name":"The Woman in Blue","player_choice":"Bought 0 Potions","floor":20.0,"gold_loss":0.0,"damage_taken":0.0},{"damage_healed":0.0,"max_hp_gain":0.0,"max_hp_loss":0.0,"gold_gain":0.0,"event_name":"Drug Dealer","player_choice":"Obtain J.A.X.","floor":31.0,"gold_loss":0.0,"damage_taken":0.0,"cards_obtained":["J.A.X."]},{"damage_healed":0,"gold_gain":0,"player_choice":"Rummage","damage_taken":0,"relics_obtained":["WarpedTongs"],"max_hp_gain":0,"max_hp_loss":0,"event_name":"Accursed Blacksmith","floor":36,"gold_loss":0,"cards_obtained":["Pain"]},{"cards_removed":["Strike_G"],"damage_healed":0,"gold_gain":0,"player_choice":"Purged","damage_taken":0,"max_hp_gain":0,"max_hp_loss":0,"event_name":"Purifier","floor":44,"gold_loss":0},{"cards_removed":["Defend_G"],"damage_healed":0,"gold_gain":0,"player_choice":"Removed Skill","damage_taken":0,"max_hp_gain":0,"max_hp_loss":0,"event_name":"Falling","floor":48,"gold_loss":0}],"is_beta":false,"boss_relics":[{"not_picked":["Snecko Eye","Busted Crown"],"picked":"Lizard Tail"},{"not_picked":["White Beast Statue","Velvet Choker"],"picked":"Eternal Feather"}],"items_purged_floors":[38],"is_endless":false,"potions_floor_spawned":[1,2,8,12,16,19,22,27,28,37,39,47],"killed_by":"Donu and Deca","ascension_level":1}