{"gold_per_floor":[119,194,209,221,240,240,258,258,284,284,313,313,313,333,333,430,430,445,460,477,477,495,495,78,96,121,147,159,171,2,15,15,110,110,121,137,74,121,121,153,153,172,172,172,172,172,19,37,37,37],"floor_reached":50,"playtime":2289,"items_purged":["Strike_R","Strike_R","Headbutt","Clumsy"],"score":492,"play_id":"03edde05-2cb5-4c13-8ea3-95a4f8ef7ab3","local_time":"20190309211739","is_ascension_mode":false,"campfire_choices":[{"data":"Shrug It Off","floor":6,"key":"SMITH"},{"data":"Flex","floor":8,"key":"SMITH"},{"data":"Whirlwind","floor":10,"key":"SMITH"},{"data":"Metallicize","floor":15,"key":"SMITH"},{"data":"Double Tap","floor":23,"key":"SMITH"},{"data":"Evolve","floor":28,"key":"SMITH"},{"data":"Blood for Blood","floor":32,"key":"SMITH"},{"data":"Limit Break","floor":41,"key":"SMITH"},{"floor":44,"key":"RECALL"},{"floor":45,"key":"REST"},{"data":"Limit Break","floor":49,"key":"SMITH"}],"neow_cost":"NONE","seed_source_timestamp":1231713622881592,"circlet_count":0,"master_deck":["Strike_R+1","Defend_R","Defend_R","Defend_R","Defend_R+1","Bash+1","Whirlwind+1","Metallicize+1","Shrug It Off+1","Flex+1","Sword Boomerang","Headbutt","Double Tap+1","Sword Boomerang+1","True Grit+1","Blood for Blood+1","Evolve+1","Impervious","Cleave+1","Limit Break+1","Wild Strike+1","Second Wind+1","Brutality","Sever Soul+1","Body Slam+1","Limit Break+1","Shrug It Off+1"],"relics":["Burning Blood","Anchor","Bag of Preparation","Mark of Pain","Membership Card","Vajra","Red Skull","MawBank","MutagenicStrength","Gremlin Horn","Cursed Key","WingedGreaves","Calipers","Singing Bowl"],"potions_floor_usage":[16,33,38,38],"damage_taken":[{"damage":5,"enemies":"2 Louse","floor":1,"turns":4},{"damage":3,"enemies":"Jaw Worm","floor":3,"turns":4},{"damage":1,"enemies":"Cultist","floor":4,"turns":4},{"damage":17,"enemies":"Exordium Wildlife","floor":5,"turns":8},{"damage":8,"enemies":"Red Slaver","floor":7,"turns":4},{"damage":14,"enemies":"Lagavulin","floor":11,"turns":7},{"damage":0,"enemies":"Looter","floor":14,"turns":3},{"damage":23,"enemies":"Hexaghost","floor":16,"turns":8},{"damage":1,"enemies":"Chosen","floor":18,"turns":4},{"damage":0,"enemies":"2 Thieves","floor":19,"turns":3},{"damage":8,"enemies":"Snecko","floor":20,"turns":5},{"damage":11,"enemies":"Centurion and Healer","floor":22,"turns":5},{"damage":20,"enemies":"Snake Plant","floor":25,"turns":5},{"damage":19,"enemies":"Book of Stabbing","floor":27,"turns":5},{"damage":0,"enemies":"3 Cultists","floor":31,"turns":1},{"damage":14,"enemies":"Champ","floor":33,"turns":7},{"damage":0,"enemies":"Orb Walker","floor":35,"turns":2},{"damage":0,"enemies":"3 Shapes","floor":36,"turns":2},{"damage":0,"enemies":"2 Orb Walkers","floor":38,"turns":2},{"damage":41,"enemies":"Nemesis","floor":40,"turns":7},{"damage":5,"enemies":"Jaw Worm Horde","floor":42,"turns":3},{"damage":0,"enemies":"3 Darklings","floor":48,"turns":1},{"damage":73,"enemies":"Time Eater","floor":50,"turns":9}],"seed_played":"4619706753849874189","potions_obtained":[{"floor":1,"key":"LiquidBronze"},{"floor":5,"key":"Strength Potion"},{"floor":7,"key":"Swift Potion"},{"floor":11,"key":"Energy Potion"},{"floor":14,"key":"SmokeBomb"},{"floor":22,"key":"Explosive Potion"},{"floor":25,"key":"PowerPotion"},{"floor":33,"key":"AttackPotion"},{"floor":36,"key":"Swift Potion"},{"floor":38,"key":"SteroidPotion"},{"floor":48,"key":"Fire Potion"}],"is_trial":false,"path_per_floor":["M","?","M","M","M","R","M","R","T","R","E","?","?","M","R","B",null,"M","M","M","?","M","R","$","M","T","E","R","?","$","M","R","B",null,"M","M","$","?","?","E","R","M","T","R","R","?","$","M","R","B"],"character_chosen":"IRONCLAD","items_purchased":["Membership Card","Evolve","Vajra","Red Skull","Gremlin Horn","Limit Break"],"campfire_rested":1,"item_purchase_floors":[24,24,24,24,30,47],"current_hp_per_floor":[80,69,72,77,66,66,64,64,64,64,56,40,33,39,39,22,80,80,80,78,78,73,73,73,59,59,46,46,46,46,52,52,44,80,80,80,80,80,76,41,41,42,42,42,64,66,66,72,72,0],"gold":37,"neow_bonus":"UPGRADE_CARD","is_prod":false,"is_daily":false,"chose_seed":false,"campfire_upgraded":9,"win_rate":0,"timestamp":1552137459,"path_taken":["M","?","M","M","M","R","M","R","T","R","E","?","?","?","R","BOSS","M","?","M","?","?","R","$","M","T","E","R","?","$","M","R","BOSS","M","M","$","?","?","E","R","M","T","R","R","?","$","M","R","BOSS"],"build_version":"2019-01-23","purchased_purges":4,"victory":false,"max_hp_per_floor":[80,80,80,80,80,80,80,80,80,80,80,80,80,80,80,80,80,80,80,80,80,80,80,80,80,80,80,80,80,80,80,80,80,80,80,80,80,80,76,76,76,76,76,76,76,78,78,78,78,78],"card_choices":[{"not_picked":["Sword Boomerang","Wild Strike"],"picked":"Whirlwind","floor":1},{"not_picked":["Searing Blow","Warcry"],"picked":"Metallicize","floor":3},{"not_picked":["Battle Trance","Evolve"],"picked":"Shrug It Off","floor":4},{"not_picked":["Clash","Entrench","Infernal Blade"],"picked":"SKIP","floor":5},{"not_picked":["Sever Soul","Second Wind"],"picked":"Flex","floor":7},{"not_picked":["Ghostly Armor","Havoc"],"picked":"Sword Boomerang","floor":11},{"not_picked":["Twin Strike","True Grit"],"picked":"Headbutt","floor":14},{"not_picked":["Feed","Reaper"],"picked":"Double Tap","floor":16},{"not_picked":["Clash","Body Slam"],"picked":"Sword Boomerang+1","floor":18},{"not_picked":["Dual Wield","Flex"],"picked":"Headbutt","floor":19},{"not_picked":["Reckless Charge","Havoc"],"picked":"True Grit+1","floor":20},{"not_picked":["Clash","Body Slam"],"picked":"Blood for Blood","floor":22},{"not_picked":["Warcry","Clothesline"],"picked":"Impervious","floor":25},{"not_picked":["Heavy Blade","Twin Strike","Cleave"],"picked":"SKIP","floor":27},{"not_picked":["Wild Strike","Dual Wield"],"picked":"Cleave+1","floor":31},{"not_picked":["Juggernaut","Double Tap"],"picked":"Limit Break","floor":33},{"not_picked":["Warcry","Iron Wave"],"picked":"Wild Strike+1","floor":35},{"not_picked":["Cleave","Pommel Strike+1"],"picked":"Second Wind+1","floor":36},{"not_picked":["Flex+1","True Grit"],"picked":"Brutality","floor":38},{"not_picked":["Clothesline","Armaments"],"picked":"Sever Soul+1","floor":40},{"not_picked":["Seeing Red+1","Combust"],"picked":"Body Slam+1","floor":42},{"not_picked":["Enlightenment","Discovery","Mind Blast"],"picked":"Singing Bowl","floor":46},{"not_picked":["Flex+1","Clash"],"picked":"Shrug It Off+1","floor":48}],"player_experience":777967,"relics_obtained":[{"floor":9,"key":"Anchor"},{"floor":11,"key":"Bag of Preparation"},{"floor":27,"key":"MawBank"},{"floor":38,"key":"WingedGreaves"},{"floor":40,"key":"Calipers"},{"floor":43,"key":"Singing Bowl"}],"event_choices":[{"damage_healed":0,"gold_gain":75,"player_choice":"Gather Gold","damage_taken":11,"max_hp_gain":0,"max_hp_loss":0,"event_name":"World of Goop","floor":2,"gold_loss":0},{"damage_healed":0,"gold_gain":0,"player_choice":"Entered Light","damage_taken":16,"max_hp_gain":0,"max_hp_loss":0,"event_name":"Shining Light","floor":12,"gold_loss":0,"cards_upgraded":["Defend_R","Strike_R"]},{"cards_removed":["Strike_R"],"damage_healed":0,"gold_gain":0,"player_choice":"Card Removal","damage_taken":7,"max_hp_gain":0,"max_hp_loss":0,"event_name":"Golden Wing","floor":13,"gold_loss":0},{"cards_removed":["Strike_R"],"damage_healed":0,"gold_gain":0,"player_choice":"Offered Basic","damage_taken":0,"max_hp_gain":0,"max_hp_loss":0,"event_name":"Bonfire Elementals","floor":21,"gold_loss":0},{"damage_healed":0,"gold_gain":0,"player_choice":"Inject Mutagens","damage_taken":0,"relics_obtained":["MutagenicStrength"],"max_hp_gain":0,"max_hp_loss":0,"event_name":"Drug Dealer","floor":29,"gold_loss":0},{"damage_healed":0,"gold_gain":0,"player_choice":"Fight","damage_taken":0,"max_hp_gain":0,"max_hp_loss":0,"event_name":"Mysterious Sphere","floor":38,"gold_loss":0},{"damage_healed":0,"gold_gain":0,"player_choice":"Max HP","damage_taken":0,"max_hp_gain":0,"max_hp_loss":4,"event_name":"Winding Halls","floor":39,"gold_loss":0},{"damage_healed":0,"gold_gain":0,"player_choice":"Memory 1","damage_taken":0,"max_hp_gain":0,"max_hp_loss":0,"event_name":"SensoryStone","floor":46,"gold_loss":0}],"is_beta":false,"boss_relics":[{"not_picked":["Tiny House","Orrery"],"picked":"Mark of Pain"},{"not_picked":["Fusion Hammer","White Beast Statue"],"picked":"Cursed Key"}],"items_purged_floors":[24,30,37,47],"is_endless":false,"potions_floor_spawned":[1,5,7,11,14,22,25,27,33,36,38,48],"killed_by":"Time Eater","ascension_level":0}