{"gold_per_floor":[114,289,301,46,46,80,80,108,133,162,110,110,110,120,120,225,225,237,90,90,0,18,18,28,28,28,56,68,68,68,68,68,167,167,178,1177,1230,1240,511,528,528,528],"floor_reached":42,"playtime":952,"items_purged":["Doubt","Pain","Normality"],"score":480,"play_id":"4627d36c-0d94-4fe9-898b-90ce42860132","local_time":"20190410142543","is_ascension_mode":false,"campfire_choices":[{"data":"Zap","floor":7,"key":"SMITH"},{"data":"The Bomb","floor":13,"key":"SMITH"},{"data":"Hologram","floor":15,"key":"SMITH"},{"data":"Hologram","floor":23,"key":"SMITH"},{"data":"Buffer","floor":25,"key":"SMITH"},{"data":"Machine Learning","floor":29,"key":"SMITH"},{"floor":32,"key":"REST"},{"floor":41,"key":"REST"}],"neow_cost":"NONE","seed_source_timestamp":10484046239990,"circlet_count":0,"master_deck":["Strike_B","Strike_B","Strike_B","Strike_B","Defend_B+1","Defend_B","Defend_B","Defend_B","Zap+1","Dualcast+1","Compile Driver","Streamline","The Bomb+1","Ball Lightning","Conserve Battery","Reboot","Hologram+1","Machine Learning+1","Ball Lightning","Hologram+1","Buffer+1","Good Instincts","Rip and Tear+1","Streamline","Doom and Gloom+1","Machine Learning","Defragment","Normality","The Bomb"],"special_seed":0,"relics":["Cracked Core","NeowsBlessing","Juzu Bracelet","Question Card","War Paint","Bottled Lightning","WarpedTongs","Busted Crown","Dream Catcher","Kunai","Blue Candle","Cursed Key","Emotion Chip","Runic Capacitor","Mercury Hourglass"],"potions_floor_usage":[24,27,33,37,40,40,42],"damage_taken":[{"damage":0.0,"enemies":"Small Slimes","floor":1.0,"turns":1.0},{"damage":0.0,"enemies":"Cultist","floor":3.0,"turns":1.0},{"damage":0,"enemies":"3 Sentries","floor":6,"turns":1},{"damage":21,"enemies":"Lagavulin","floor":8,"turns":6},{"damage":8,"enemies":"Gremlin Nob","floor":10,"turns":3},{"damage":0,"enemies":"2 Louse","floor":14,"turns":2},{"damage":24,"enemies":"The Guardian","floor":16,"turns":8},{"damage":20,"enemies":"2 Thieves","floor":18,"turns":3},{"damage":0,"enemies":"Chosen","floor":22,"turns":3},{"damage":0,"enemies":"Snecko","floor":24,"turns":4},{"damage":22,"enemies":"Gremlin Leader","floor":27,"turns":5},{"damage":24,"enemies":"Centurion and Healer","floor":28,"turns":3},{"damage":8,"enemies":"Champ","floor":33,"turns":10},{"damage":0,"enemies":"3 Shapes","floor":35,"turns":3},{"damage":4,"enemies":"2 Orb Walkers","floor":37,"turns":3},{"damage":15,"enemies":"Orb Walker","floor":38,"turns":3},{"damage":18,"enemies":"4 Shapes","floor":40,"turns":3},{"damage":71,"enemies":"Nemesis","floor":42,"turns":6}],"seed_played":"-4455443485231415869","potions_obtained":[{"floor":3.0,"key":"Regen Potion"},{"floor":6,"key":"SpeedPotion"},{"floor":8,"key":"Swift Potion"},{"floor":16,"key":"Ancient Potion"},{"floor":27,"key":"Regen Potion"},{"floor":33,"key":"AttackPotion"},{"floor":35,"key":"PowerPotion"},{"floor":38,"key":"Weak Potion"},{"floor":40,"key":"GamblersBrew"}],"is_trial":false,"path_per_floor":["M","?","M","$","?","E","R","E","T","E","$","?","R","M","R","B",null,"M","$","?","$","M","R","M","R","T","E","M","R","?","T","R","B",null,"M","?","?","M","$","M","R","E"],"character_chosen":"DEFECT","items_purchased":["The Bomb","Hologram","Hologram","Good Instincts","The Bomb","Runic Capacitor","Mercury Hourglass"],"campfire_rested":2,"item_purchase_floors":[4,11,19,21,39,39,39],"current_hp_per_floor":[75,75,75,75,75,75,75,54,54,46,46,46,46,46,46,22,75,55,55,55,55,55,55,55,55,55,48,24,24,24,24,46,53,75,75,75,71,56,56,38,60,0],"gold":528,"neow_bonus":"THREE_ENEMY_KILL","is_prod":false,"is_daily":false,"chose_seed":false,"campfire_upgraded":6,"win_rate":0,"timestamp":1554927943,"path_taken":["M","?","M","$","?","E","R","E","T","E","$","?","R","M","R","BOSS","M","$","?","?","M","R","M","R","T","E","M","R","?","?","R","BOSS","M","?","?","M","$","M","R","E"],"build_version":"2019-01-23","purchased_purges":3,"victory":false,"max_hp_per_floor":[75,75,75,75,75,75,75,75,75,75,75,75,75,75,75,75,75,75,75,75,75,75,75,75,75,75,75,75,75,75,75,75,75,75,75,75,75,75,75,75,75,75],"card_choices":[{"not_picked":["Turbo","Storm"],"picked":"Compile Driver","floor":1.0},{"not_picked":["Steam","Gash"],"picked":"Streamline","floor":3.0},{"not_picked":["All For One","Chill"],"picked":"Ball Lightning","floor":6},{"not_picked":["Rebound","Streamline"],"picked":"Conserve Battery","floor":8},{"not_picked":["Sweeping Beam","Gash","Hologram"],"picked":"Reboot","floor":10},{"not_picked":["Streamline","Turbo","Steam","Gash"],"picked":"SKIP","floor":14},{"not_picked":["Thunder Strike","Meteor Strike","All For One"],"picked":"Machine Learning","floor":16},{"not_picked":["Chill+1"],"picked":"Ball Lightning","floor":18},{"not_picked":["Stack+1"],"picked":"Rip and Tear+1","floor":22},{"not_picked":["Steam","Go for the Eyes"],"picked":"SKIP","floor":24},{"not_picked":["Scrape"],"picked":"Streamline","floor":27},{"not_picked":["Cold Snap","Sunder+1"],"picked":"SKIP","floor":28},{"not_picked":["Beam Cell"],"picked":"Doom and Gloom+1","floor":32},{"not_picked":["Creative AI"],"picked":"Machine Learning","floor":33},{"not_picked":["Aggregate"],"picked":"Defragment","floor":35},{"not_picked":["Beam Cell","Sweeping Beam+1"],"picked":"SKIP","floor":38},{"not_picked":["Heatsinks+1","Chill+1"],"picked":"SKIP","floor":40}],"player_experience":1172743,"relics_obtained":[{"floor":6,"key":"Juzu Bracelet"},{"floor":8,"key":"Question Card"},{"floor":9,"key":"War Paint"},{"floor":10,"key":"Bottled Lightning"},{"floor":26,"key":"Dream Catcher"},{"floor":27,"key":"Kunai"},{"floor":31,"key":"Blue Candle"},{"floor":37,"key":"Emotion Chip"}],"event_choices":[{"damage_healed":0.0,"max_hp_gain":0.0,"max_hp_loss":0.0,"gold_gain":175.0,"event_name":"Liars Game","player_choice":"AGREE","floor":2.0,"gold_loss":0.0,"damage_taken":0.0,"cards_obtained":["Doubt"]},{"damage_healed":0,"gold_gain":0,"player_choice":"Ignored","damage_taken":0,"max_hp_gain":0,"max_hp_loss":0,"event_name":"NoteForYourself","floor":5,"gold_loss":0},{"damage_healed":0,"gold_gain":0,"player_choice":"Rummage","damage_taken":0,"relics_obtained":["WarpedTongs"],"max_hp_gain":0,"max_hp_loss":0,"event_name":"Accursed Blacksmith","floor":12,"gold_loss":0,"cards_obtained":["Pain"]},{"damage_healed":0,"gold_gain":0,"player_choice":"1 cards matched","damage_taken":0,"max_hp_gain":0,"max_hp_loss":0,"event_name":"Match and Keep!","floor":20,"gold_loss":0,"cards_obtained":["Buffer"]},{"damage_healed":0,"gold_gain":0,"player_choice":"Ignored","damage_taken":0,"max_hp_gain":0,"max_hp_loss":0,"event_name":"Beggar","floor":30,"gold_loss":0},{"damage_healed":0,"gold_gain":999,"player_choice":"Gold","damage_taken":0,"max_hp_gain":0,"max_hp_loss":0,"event_name":"MindBloom","floor":36,"gold_loss":0,"cards_obtained":["Normality","Normality"]},{"damage_healed":0,"gold_gain":0,"player_choice":"Fight","damage_taken":0,"max_hp_gain":0,"max_hp_loss":0,"event_name":"Mysterious Sphere","floor":37,"gold_loss":0}],"is_beta":false,"boss_relics":[{"not_picked":["Runic Pyramid","Pandora\u0027s Box"],"picked":"Busted Crown"},{"not_picked":["Velvet Choker","Coffee Dripper"],"picked":"Cursed Key"}],"items_purged_floors":[4,19,39],"is_endless":false,"potions_floor_spawned":[3,6,8,10,16,18,27,33,35,38,40],"killed_by":"Nemesis","ascension_level":0}