{"gold_per_floor":[113,133,9,23,36,36,97,124,170,170,170,186,186,202,202,302,302,315,330,69,85,105,105,105,140,140,160,160,160],"floor_reached":29,"playtime":4065,"items_purged":["Strike_R"],"score":321,"play_id":"f612df68-c038-4303-9042-e7b10281ad92","local_time":"20190401221150","is_ascension_mode":true,"campfire_choices":[{"data":"Uppercut","floor":6,"key":"SMITH"},{"data":"Whirlwind","floor":10,"key":"SMITH"},{"data":"Shrug It Off","floor":13,"key":"SMITH"},{"floor":15,"key":"REST"},{"floor":23,"key":"REST"}],"neow_cost":"NONE","seed_source_timestamp":273423387025800,"circlet_count":0,"master_deck":["Strike_R","Strike_R","Strike_R","Strike_R","Defend_R","Defend_R","Defend_R","Defend_R","Bash","Uppercut+1","Thunderclap","Cleave","Whirlwind+1","Flex","Shrug It Off+1","Shrug It Off","Immolate","Warcry+1","Intimidate","Metallicize+1","Iron Wave+1","Anger+1"],"relics":["Burning Blood","Question Card","Centennial Puzzle","Potion Belt","Runic Dome","Molten Egg 2","Oddly Smooth Stone","Bottled Flame","Torii"],"potions_floor_usage":[8,25],"damage_taken":[{"damage":3,"enemies":"Jaw Worm","floor":1,"turns":5},{"damage":0,"enemies":"Small Slimes","floor":2,"turns":3},{"damage":0,"enemies":"Cultist","floor":4,"turns":3},{"damage":19,"enemies":"Exordium Thugs","floor":5,"turns":5},{"damage":12,"enemies":"Gremlin Nob","floor":8,"turns":4},{"damage":21,"enemies":"Large Slime","floor":12,"turns":4},{"damage":14,"enemies":"Exordium Wildlife","floor":14,"turns":2},{"damage":49,"enemies":"Slime Boss","floor":16,"turns":10},{"damage":12,"enemies":"Chosen","floor":18,"turns":4},{"damage":3,"enemies":"Spheric Guardian","floor":19,"turns":3},{"damage":9,"enemies":"Centurion and Healer","floor":21,"turns":4},{"damage":20,"enemies":"Cultist and Chosen","floor":22,"turns":5},{"damage":29,"enemies":"Slavers","floor":25,"turns":2},{"damage":28,"enemies":"Snake Plant","floor":27,"turns":5},{"damage":33,"enemies":"Centurion and Healer","floor":29,"turns":3}],"seed_played":"-7723698204436616999","potions_obtained":[{"floor":4,"key":"Block Potion"},{"floor":5,"key":"LiquidBronze"},{"floor":16,"key":"AttackPotion"},{"floor":21,"key":"FearPotion"},{"floor":27,"key":"Weak Potion"}],"is_trial":false,"path_per_floor":["M","M","$","M","M","R","?","E","T","R","?","M","R","M","R","B",null,"M","M","$","M","M","R","?","E","T","M","?","M"],"character_chosen":"IRONCLAD","items_purchased":["Cleave","Molten Egg 2"],"campfire_rested":2,"item_purchase_floors":[3,20],"current_hp_per_floor":[75,80,80,80,67,67,67,61,61,61,61,46,46,38,62,19,65,59,62,62,59,45,69,69,46,46,24,24,0],"gold":160,"neow_bonus":"THREE_CARDS","is_prod":false,"is_daily":false,"chose_seed":false,"campfire_upgraded":3,"win_rate":0,"timestamp":1554149510,"path_taken":["M","M","$","M","M","R","?","E","T","R","?","?","R","M","R","BOSS","M","M","$","M","M","R","?","E","T","M","?","M"],"build_version":"2019-01-23","purchased_purges":1,"victory":false,"max_hp_per_floor":[80,80,80,80,80,80,80,80,80,80,80,80,80,80,80,80,80,80,80,80,80,80,80,80,80,80,80,80,80],"card_choices":[{"not_picked":["Sentinel","Combust"],"picked":"Uppercut","floor":0},{"not_picked":["Pommel Strike","Perfected Strike","Havoc"],"picked":"SKIP","floor":1},{"not_picked":["Combust","Flame Barrier"],"picked":"Thunderclap","floor":2},{"not_picked":["Evolve","Pommel Strike","Warcry"],"picked":"SKIP","floor":4},{"not_picked":["Perfected Strike","Flex"],"picked":"Whirlwind","floor":5},{"not_picked":["Feel No Pain","Rage"],"picked":"Flex","floor":8},{"not_picked":["Sentinel","Perfected Strike","Headbutt"],"picked":"Shrug It Off","floor":12},{"not_picked":["Twin Strike","Impervious","Havoc"],"picked":"Shrug It Off","floor":14},{"not_picked":["Limit Break","Berserk","Bludgeon"],"picked":"Immolate","floor":16},{"not_picked":["Iron Wave","Infernal Blade","Thunderclap"],"picked":"Warcry+1","floor":18},{"not_picked":["Headbutt","Disarm","Shrug It Off"],"picked":"Intimidate","floor":19},{"not_picked":["Corruption","Flame Barrier","Cleave+1"],"picked":"Metallicize+1","floor":21},{"not_picked":["Shrug It Off+1","Disarm","Thunderclap+1","Reckless Charge+1"],"picked":"SKIP","floor":22},{"not_picked":["Sword Boomerang+1","Evolve","Warcry"],"picked":"Iron Wave+1","floor":25},{"not_picked":["Heavy Blade+1","Corruption","Evolve"],"picked":"Anger+1","floor":27}],"player_experience":521117,"relics_obtained":[{"floor":8,"key":"Question Card"},{"floor":9,"key":"Centennial Puzzle"},{"floor":25,"key":"Oddly Smooth Stone"},{"floor":26,"key":"Bottled Flame"}],"event_choices":[{"damage_healed":0,"gold_gain":61,"player_choice":"Gained Gold","damage_taken":0,"max_hp_gain":0,"max_hp_loss":0,"event_name":"Golden Wing","floor":7,"gold_loss":0},{"damage_healed":0,"gold_gain":0,"player_choice":"Gave Potion","damage_taken":0,"relics_obtained":["Potion Belt"],"max_hp_gain":0,"max_hp_loss":0,"event_name":"WeMeetAgain","floor":11,"gold_loss":0},{"damage_healed":0,"gold_gain":0,"player_choice":"Ignored","damage_taken":0,"max_hp_gain":0,"max_hp_loss":0,"event_name":"Ghosts","floor":24,"gold_loss":0},{"damage_healed":0,"gold_gain":0,"player_choice":"Opened","damage_taken":0,"relics_obtained":["Torii"],"max_hp_gain":0,"max_hp_loss":0,"event_name":"The Mausoleum","floor":28,"gold_loss":0}],"is_beta":false,"boss_relics":[{"not_picked":["Lizard Tail","Ectoplasm"],"picked":"Runic Dome"}],"items_purged_floors":[3],"is_endless":false,"potions_floor_spawned":[4,5,16,21,27],"killed_by":"Centurion and Healer","ascension_level":6}