{"gold_per_floor":[118,138,154,154,166,166,195,195,195,195,195,195],"floor_reached":12,"playtime":503,"items_purged":[],"score":98,"play_id":"1ca909e4-651d-4af3-b4e0-2fbc35b51bdc","local_time":"20190108192445","is_ascension_mode":true,"campfire_choices":[{"data":"Neutralize","floor":6,"key":"SMITH"},{"data":"Well Laid Plans","floor":8,"key":"SMITH"},{"data":"Blur","floor":11,"key":"SMITH"}],"neow_cost":"NONE","seed_source_timestamp":19207246708900,"circlet_count":0,"master_deck":["Defend_G","Defend_G","Defend_G","Defend_G","Defend_G","Strike_G","Strike_G","Strike_G","Strike_G","Survivor","Neutralize+1","Forethought","Well Laid Plans+1","Escape Plan","Deflect","Blur+1","Deadly Poison"],"relics":["Ring of the Snake","Meat on the Bone","Singing Bowl","Bottled Lightning"],"potions_floor_usage":[7,7],"damage_taken":[{"damage":0,"enemies":"Small Slimes","floor":1,"turns":4},{"damage":1,"enemies":"Jaw Worm","floor":2,"turns":6},{"damage":0,"enemies":"2 Louse","floor":3,"turns":2},{"damage":6,"enemies":"Large Slime","floor":5,"turns":9},{"damage":20,"enemies":"Lagavulin","floor":7,"turns":10},{"damage":35,"enemies":"Gremlin Nob","floor":12,"turns":4}],"seed_played":"1587629325041191526","potions_obtained":[{"floor":1,"key":"LiquidBronze"},{"floor":3,"key":"SkillPotion"},{"floor":7,"key":"Explosive Potion"}],"is_trial":false,"path_per_floor":["M","M","M","?","M","R","E","R","T","?","R","E"],"character_chosen":"THE_SILENT","items_purchased":[],"campfire_rested":0,"item_purchase_floors":[],"current_hp_per_floor":[70,69,69,66,60,60,40,40,40,33,33,0],"gold":195,"neow_bonus":"RANDOM_COLORLESS","is_prod":false,"is_daily":false,"chose_seed":false,"campfire_upgraded":3,"win_rate":0,"timestamp":1546971885,"path_taken":["M","M","M","?","M","R","E","R","T","?","R","E"],"build_version":"2019-01-03v4","purchased_purges":0,"victory":false,"max_hp_per_floor":[70,70,70,70,70,70,70,70,70,70,70,70],"card_choices":[{"not_picked":["Sucker Punch","Bane"],"picked":"Well Laid Plans","floor":1},{"not_picked":["Skewer","Dagger Throw"],"picked":"Escape Plan","floor":2},{"not_picked":["Sucker Punch","Slice"],"picked":"Deflect","floor":3},{"not_picked":["Quick Slash","Sucker Punch"],"picked":"Blur","floor":5},{"not_picked":["Outmaneuver","Sucker Punch"],"picked":"Deadly Poison","floor":7}],"player_experience":354330,"relics_obtained":[{"floor":7,"key":"Singing Bowl"},{"floor":9,"key":"Bottled Lightning"}],"event_choices":[{"damage_healed":0,"gold_gain":0,"player_choice":"Success","damage_taken":3,"relics_obtained":["Meat on the Bone"],"max_hp_gain":0,"max_hp_loss":0,"event_name":"Scrap Ooze","floor":4,"gold_loss":0},{"cards_removed":["Strike_G"],"damage_healed":0,"gold_gain":0,"player_choice":"Card Removal","damage_taken":7,"max_hp_gain":0,"max_hp_loss":0,"event_name":"Golden Wing","floor":10,"gold_loss":0}],"is_beta":false,"boss_relics":[],"items_purged_floors":[],"is_endless":false,"potions_floor_spawned":[1,3,7],"killed_by":"Gremlin Nob","ascension_level":5}