{"gold_per_floor":[117,135,135,60,77,77,94,105,129,129,79,107,107,117,117,220,220,233,20,20,38,53,53,73,173,173,204,219,237,237,257,257,361,361,374,724,724,724,737,737,750,750,750,750,750,481,581,581,581,581,581,581,23,58,58],"floor_reached":56,"playtime":3816,"items_purged":["Strike_B","Strike_B","Strike_B"],"score":1167,"play_id":"15fc2f64-d571-4c7b-ba74-83768dbbb02f","local_time":"20190321230329","is_ascension_mode":false,"campfire_choices":[{"data":"Zap","floor":6,"key":"SMITH"},{"data":"Hologram","floor":10,"key":"SMITH"},{"data":"Static Discharge","floor":13,"key":"SMITH"},{"data":"Genetic Algorithm","floor":15,"key":"SMITH"},{"data":"Dualcast","floor":23,"key":"SMITH"},{"data":"Double Energy","floor":32,"key":"SMITH"},{"floor":40,"key":"RECALL"},{"data":"Seek","floor":42,"key":"SMITH"},{"data":"White Noise","floor":44,"key":"SMITH"},{"data":"Madness","floor":49,"key":"SMITH"},{"data":"Glacier","floor":52,"key":"SMITH"}],"neow_cost":"NONE","seed_source_timestamp":81801844994712,"circlet_count":0,"master_deck":["Defend_B","Defend_B","Defend_B","Defend_B","Zap+1","Dualcast+1","Static Discharge+1","Ball Lightning","Electrodynamics","Hologram+1","Glacier+1","Genetic Algorithm+1","Multi-Cast","Sweeping Beam+1","Self Repair","Go for the Eyes+1","Conserve Battery+1","Glacier","Redo+1","Loop+1","Double Energy+1","White Noise+1","Seek+1","Tempest","Coolheaded+1","Madness+1","Turbo+1","Hologram+1","Leap+1","PanicButton","Master of Strategy","Thunder Strike"],"relics":["Cracked Core","Omamori","Happy Flower","Orichalcum","Nuclear Battery","Membership Card","Turnip","Matryoshka","Juzu Bracelet","PreservedInsect","Letter Opener","Cursed Key","Old Coin","Strawberry","Emotion Chip","Bag of Marbles","Ginger","OrangePellets","Dodecahedron","Blood Vial","Pear"],"potions_floor_usage":[16,25,33,50,55,55,55],"damage_taken":[{"damage":0,"enemies":"2 Louse","floor":1,"turns":4},{"damage":1,"enemies":"Cultist","floor":2,"turns":3},{"damage":1,"enemies":"Jaw Worm","floor":5,"turns":3},{"damage":6,"enemies":"Large Slime","floor":7,"turns":3},{"damage":1,"enemies":"Exordium Wildlife","floor":8,"turns":2},{"damage":7,"enemies":"3 Sentries","floor":12,"turns":3},{"damage":6,"enemies":"2 Fungi Beasts","floor":14,"turns":1},{"damage":10,"enemies":"The Guardian","floor":16,"turns":10},{"damage":1,"enemies":"Shell Parasite","floor":18,"turns":7},{"damage":10,"enemies":"Spheric Guardian","floor":21,"turns":4},{"damage":5,"enemies":"Chosen and Byrds","floor":22,"turns":6},{"damage":4,"enemies":"Sentry and Sphere","floor":24,"turns":5},{"damage":5,"enemies":"Colosseum Slavers","floor":25,"turns":3},{"damage":18,"enemies":"Colosseum Nobs","floor":25,"turns":5},{"damage":19,"enemies":"Gremlin Leader","floor":27,"turns":7},{"damage":5,"enemies":"Centurion and Healer","floor":28,"turns":7},{"damage":0,"enemies":"Cultist and Chosen","floor":29,"turns":5},{"damage":3,"enemies":"Snecko","floor":31,"turns":6},{"damage":38,"enemies":"Automaton","floor":33,"turns":13},{"damage":0,"enemies":"3 Shapes","floor":35,"turns":4},{"damage":6,"enemies":"2 Orb Walkers","floor":36,"turns":3},{"damage":4,"enemies":"3 Darklings","floor":39,"turns":4},{"damage":0,"enemies":"Sphere and 2 Shapes","floor":41,"turns":2},{"damage":0,"enemies":"Mind Bloom Boss Battle","floor":47,"turns":9},{"damage":33,"enemies":"Time Eater","floor":50,"turns":12},{"damage":0,"enemies":"Shield and Spear","floor":54,"turns":1},{"damage":45,"enemies":"The Heart","floor":55,"turns":9}],"seed_played":"5359860036771675443","potions_obtained":[{"floor":1,"key":"EssenceOfSteel"},{"floor":8,"key":"Strength Potion"},{"floor":12,"key":"AttackPotion"},{"floor":21,"key":"EssenceOfSteel"},{"floor":25,"key":"Block Potion"},{"floor":31,"key":"SmokeBomb"},{"floor":36,"key":"Dexterity Potion"},{"floor":54,"key":"Weak Potion"}],"is_trial":false,"path_per_floor":["M","M","?","$","M","R","M","M","T","R","?","E","R","M","R","B",null,"M","$","?","M","M","R","M","?","T","E","M","M","?","M","R","B",null,"M","?","?","?","M","R","M","R","T","R","?","$","?","?","R","B",null,"R","$","E","B",null],"character_chosen":"DEFECT","items_purchased":["Membership Card","Self Repair","Emotion Chip","Bag of Marbles","Ancient Potion","PanicButton","OrangePellets","Master of Strategy","Dodecahedron","Blood Vial","Dexterity Potion"],"campfire_rested":0,"item_purchase_floors":[19,19,46,46,53,53,53,53,53,53,53],"current_hp_per_floor":[75,74,74,74,73,73,67,66,66,66,66,59,59,53,53,43,75,74,74,74,71,73,73,75,59,59,47,49,56,56,60,60,29,75,75,69,69,69,72,72,72,72,79,79,82,82,82,82,82,49,82,82,82,92,54],"gold":58,"neow_bonus":"RANDOM_COMMON_RELIC","is_prod":false,"is_daily":false,"chose_seed":false,"campfire_upgraded":10,"win_rate":0,"timestamp":1553180609,"path_taken":["M","M","?","$","?","R","M","M","T","R","?","E","R","M","R","BOSS","M","$","?","M","M","R","M","?","T","E","M","M","?","M","R","BOSS","M","?","?","?","M","R","M","R","T","R","?","$","?","?","R","BOSS","R","$","E","BOSS"],"build_version":"2019-01-23","purchased_purges":3,"victory":true,"max_hp_per_floor":[75,75,75,75,75,75,75,75,75,75,75,75,75,75,75,75,75,75,75,75,75,75,75,75,75,75,75,75,75,75,75,75,75,75,75,75,75,75,75,75,75,75,82,82,82,82,82,82,82,82,82,82,82,92,92],"card_choices":[{"not_picked":["White Noise","Coolheaded"],"picked":"Static Discharge","floor":1},{"not_picked":["Stack","Undo"],"picked":"Ball Lightning","floor":2},{"not_picked":["Compile Driver","Beam Cell"],"picked":"Electrodynamics","floor":5},{"not_picked":["Ball Lightning","Beam Cell"],"picked":"Hologram","floor":7},{"not_picked":["Streamline","Auto Shields"],"picked":"Glacier","floor":8},{"not_picked":["Streamline","Hyperbeam"],"picked":"Compile Driver","floor":12},{"not_picked":["Gash","Undo"],"picked":"Genetic Algorithm","floor":14},{"not_picked":["Biased Cognition","Fission"],"picked":"Multi-Cast","floor":16},{"not_picked":["Streamline","Genetic Algorithm+1"],"picked":"Sweeping Beam+1","floor":18},{"not_picked":["Fusion","BootSequence"],"picked":"Go for the Eyes+1","floor":21},{"not_picked":["Steam","Stack+1"],"picked":"Conserve Battery+1","floor":22},{"not_picked":["Compile Driver","Hologram","Rebound"],"picked":"SKIP","floor":24},{"not_picked":["Conserve Battery","Gash"],"picked":"Glacier","floor":25},{"not_picked":["Steam+1","Sweeping Beam"],"picked":"Redo+1","floor":27},{"not_picked":["Stack","Compile Driver"],"picked":"Loop+1","floor":28},{"not_picked":["Beam Cell+1","Rebound"],"picked":"Double Energy","floor":29},{"not_picked":["Sweeping Beam","Turbo"],"picked":"White Noise","floor":31},{"not_picked":["Core Surge","Rainbow"],"picked":"Seek","floor":33},{"not_picked":["Cold Snap+1","Stack"],"picked":"Tempest","floor":35},{"not_picked":["Go for the Eyes+1","Rebound+1"],"picked":"Coolheaded+1","floor":36},{"not_picked":["Jack Of All Trades","Sadistic Nature"],"picked":"Madness","floor":38},{"not_picked":["Scrape","Conserve Battery+1"],"picked":"Turbo+1","floor":39},{"not_picked":["Streamline+1","Gash+1"],"picked":"Hologram+1","floor":41},{"not_picked":["Glacier+1","Steam+1"],"picked":"Leap+1","floor":47},{"not_picked":["Sweeping Beam+1","Static Discharge+1"],"picked":"Thunder Strike","floor":54}],"player_experience":881255,"relics_obtained":[{"floor":9,"key":"Happy Flower"},{"floor":12,"key":"Orichalcum"},{"floor":25,"key":"Turnip"},{"floor":25,"key":"Matryoshka"},{"floor":26,"key":"Juzu Bracelet"},{"floor":26,"key":"PreservedInsect"},{"floor":27,"key":"Letter Opener"},{"floor":36,"key":"Old Coin"},{"floor":43,"key":"Strawberry"},{"floor":47,"key":"Ginger"},{"floor":54,"key":"Pear"}],"event_choices":[{"damage_healed":0,"gold_gain":0,"player_choice":"Ignored","damage_taken":0,"max_hp_gain":0,"max_hp_loss":0,"event_name":"NoteForYourself","floor":3,"gold_loss":0},{"cards_removed":["Strike_B"],"damage_healed":0,"gold_gain":0,"player_choice":"Card Removal","damage_taken":0,"max_hp_gain":0,"max_hp_loss":0,"event_name":"The Cleric","floor":11,"gold_loss":50},{"damage_healed":0,"gold_gain":0,"player_choice":"Ignored","damage_taken":0,"max_hp_gain":0,"max_hp_loss":0,"event_name":"Beggar","floor":20,"gold_loss":0},{"damage_healed":0,"gold_gain":0,"player_choice":"Fight","damage_taken":0,"max_hp_gain":0,"max_hp_loss":0,"event_name":"Colosseum","floor":25,"gold_loss":0},{"damage_healed":0,"gold_gain":0,"player_choice":"Fought Nobs","damage_taken":0,"max_hp_gain":0,"max_hp_loss":0,"event_name":"Colosseum","floor":25,"gold_loss":0},{"damage_healed":0,"gold_gain":0,"player_choice":"Ignored","damage_taken":0,"max_hp_gain":0,"max_hp_loss":0,"event_name":"Vampires","floor":30,"gold_loss":0},{"damage_healed":0,"gold_gain":0,"player_choice":"Fight","damage_taken":0,"max_hp_gain":0,"max_hp_loss":0,"event_name":"Mysterious Sphere","floor":36,"gold_loss":0},{"damage_healed":0,"gold_gain":0,"player_choice":"Ignored","damage_taken":0,"max_hp_gain":0,"max_hp_loss":0,"event_name":"Tomb of Lord Red Mask","floor":37,"gold_loss":0},{"damage_healed":0,"gold_gain":0,"player_choice":"Memory 1","damage_taken":0,"max_hp_gain":0,"max_hp_loss":0,"event_name":"SensoryStone","floor":38,"gold_loss":0},{"damage_healed":21,"gold_gain":0,"player_choice":"Writhe","damage_taken":0,"max_hp_gain":0,"max_hp_loss":0,"event_name":"Winding Halls","floor":45,"gold_loss":0,"cards_obtained":["Writhe"]},{"damage_healed":0,"gold_gain":0,"player_choice":"Fight","damage_taken":0,"max_hp_gain":0,"max_hp_loss":0,"event_name":"MindBloom","floor":47,"gold_loss":0},{"cards_removed":["Compile Driver"],"damage_healed":0,"gold_gain":0,"player_choice":"Removed Attack","damage_taken":0,"max_hp_gain":0,"max_hp_loss":0,"event_name":"Falling","floor":48,"gold_loss":0}],"is_beta":false,"boss_relics":[{"not_picked":["FrozenCore","Tiny House"],"picked":"Nuclear Battery"},{"not_picked":["Fusion Hammer","Eternal Feather"],"picked":"Cursed Key"}],"items_purged_floors":[4,46,53],"is_endless":false,"potions_floor_spawned":[1,8,12,21,24,25,27,31,36,41,54],"ascension_level":0}