{"gold_per_floor":[113,125,138,149,149,149,168,168,168,138,158,158,158,168,168,271,271,287,306,323,337,353,353,384,384,396,408,276,276,276,286,286,286],"floor_reached":33,"playtime":2496,"items_purged":[],"score":261,"play_id":"34c99b44-00b7-4f00-b773-6337331e2946","local_time":"20190210160327","is_ascension_mode":false,"campfire_choices":[{"data":"Metallicize","floor":6,"key":"SMITH"},{"data":"Cleave","floor":13,"key":"SMITH"},{"data":"Fire Breathing","floor":15,"key":"SMITH"},{"floor":23,"key":"REST"},{"floor":27,"key":"REST"},{"data":"Barricade","floor":30,"key":"SMITH"},{"floor":32,"key":"REST"}],"neow_cost":"NONE","seed_source_timestamp":1038785193071400,"circlet_count":0,"master_deck":["Strike_R+1","Strike_R+1","Strike_R+1","Strike_R+1","Defend_R+1","Defend_R+1","Defend_R+1","Defend_R+1","Bash","Inflame","Metallicize+1","Fire Breathing+1","Combust","Cleave+1","Metallicize","Spot Weakness","Shrug It Off","Strike_R+1","Dropkick","Barricade+1","Cleave+1","Thunderclap+1","Ghostly Armor+1","Iron Wave","Blood for Blood","Dark Embrace","Swift Strike+1","Iron Wave+1","Sever Soul+1"],"relics":["Black Blood","Bottled Flame","Shuriken","MawBank","Molten Egg 2"],"potions_floor_usage":[16,16,19,22,33],"damage_taken":[{"damage":0,"enemies":"2 Louse","floor":1,"turns":4},{"damage":6,"enemies":"Small Slimes","floor":2,"turns":4},{"damage":2,"enemies":"Cultist","floor":3,"turns":4},{"damage":12,"enemies":"2 Fungi Beasts","floor":4,"turns":5},{"damage":23,"enemies":"Exordium Thugs","floor":7,"turns":5},{"damage":0,"enemies":"Looter","floor":10,"turns":4},{"damage":7,"enemies":"Red Slaver","floor":11,"turns":5},{"damage":5,"enemies":"2 Fungi Beasts","floor":14,"turns":4},{"damage":28,"enemies":"Slime Boss","floor":16,"turns":8},{"damage":11,"enemies":"Chosen","floor":18,"turns":7},{"damage":32,"enemies":"3 Byrds","floor":19,"turns":6},{"damage":30,"enemies":"Shelled Parasite and Fungi","floor":20,"turns":9},{"damage":22,"enemies":"Snake Plant","floor":21,"turns":8},{"damage":4,"enemies":"Snecko","floor":22,"turns":8},{"damage":59,"enemies":"Gremlin Leader","floor":24,"turns":9},{"damage":2,"enemies":"Chosen and Byrds","floor":31,"turns":8},{"damage":76,"enemies":"Collector","floor":33,"turns":5}],"seed_played":"3999499339277005484","potions_obtained":[{"floor":2,"key":"FearPotion"},{"floor":3,"key":"Explosive Potion"},{"floor":11,"key":"Strength Potion"},{"floor":21,"key":"SteroidPotion"},{"floor":22,"key":"FearPotion"},{"floor":24,"key":"EssenceOfSteel"}],"is_trial":false,"path_per_floor":["M","M","M","M","?","R","M","$","T","M","M","?","R","M","R","B",null,"M","M","M","M","M","R","E","T","T","R","$","?","R","M","R","B"],"character_chosen":"IRONCLAD","items_purchased":["Swift Strike+1","Iron Wave+1"],"campfire_rested":3,"item_purchase_floors":[28,28],"current_hp_per_floor":[80,80,80,74,79,79,62,62,62,68,67,67,67,68,68,46,85,84,62,42,30,36,61,12,12,12,37,37,37,37,45,70,0],"gold":286,"neow_bonus":"THREE_CARDS","is_prod":false,"is_daily":false,"chose_seed":false,"campfire_upgraded":4,"win_rate":0.0,"timestamp":1549811007,"path_taken":["M","M","M","M","?","R","M","$","T","M","M","?","R","M","R","BOSS","M","M","M","M","M","R","E","?","T","R","$","?","R","?","R","BOSS"],"build_version":"2019-01-23","purchased_purges":0,"victory":false,"max_hp_per_floor":[80,80,80,80,85,85,85,85,85,85,85,85,85,85,85,85,85,85,85,85,85,85,85,85,85,85,85,85,85,85,85,85,85],"card_choices":[{"not_picked":["Flex","Perfected Strike"],"picked":"Inflame","floor":0},{"not_picked":["Thunderclap","Shrug It Off"],"picked":"Metallicize","floor":1},{"not_picked":["Dropkick","Clothesline"],"picked":"Fire Breathing","floor":2},{"not_picked":["Perfected Strike","Flex"],"picked":"Combust","floor":3},{"not_picked":["Dual Wield","Flex"],"picked":"Cleave","floor":4},{"not_picked":["Ghostly Armor","Double Tap"],"picked":"Metallicize","floor":7},{"not_picked":["Searing Blow","True Grit"],"picked":"Spot Weakness","floor":10},{"not_picked":["Warcry","Clothesline"],"picked":"Shrug It Off","floor":11},{"not_picked":["Sword Boomerang","Perfected Strike"],"picked":"Dropkick","floor":14},{"not_picked":["Dark Embrace","Bludgeon"],"picked":"Barricade","floor":16},{"not_picked":["Power Through","Clothesline"],"picked":"Cleave+1","floor":18},{"not_picked":["Dropkick","Sword Boomerang+1"],"picked":"Thunderclap+1","floor":19},{"not_picked":["Pommel Strike+1","Headbutt+1"],"picked":"Ghostly Armor+1","floor":20},{"not_picked":["Sword Boomerang","Cleave"],"picked":"Iron Wave","floor":21},{"not_picked":["True Grit","Bloodletting"],"picked":"Blood for Blood","floor":22},{"not_picked":["Rupture","Cleave+1"],"picked":"Dark Embrace","floor":24},{"not_picked":["True Grit","Sword Boomerang+1"],"picked":"Sever Soul+1","floor":31}],"player_experience":11256,"relics_obtained":[{"floor":9,"key":"Bottled Flame"},{"floor":24,"key":"Shuriken"},{"floor":25,"key":"MawBank"},{"floor":26,"key":"Molten Egg 2"}],"event_choices":[{"damage_healed":0,"gold_gain":0,"player_choice":"Donut","damage_taken":0,"max_hp_gain":5,"max_hp_loss":0,"event_name":"Big Fish","floor":5,"gold_loss":0},{"cards_removed":["Strike_R"],"damage_healed":0,"gold_gain":0,"player_choice":"Took Card","damage_taken":0,"max_hp_gain":0,"max_hp_loss":0,"event_name":"NoteForYourself","floor":12,"gold_loss":0,"cards_obtained":["Strike_R"]},{"damage_healed":0,"gold_gain":0,"player_choice":"Simplicity","damage_taken":0,"max_hp_gain":0,"max_hp_loss":0,"event_name":"Back to Basics","floor":29,"gold_loss":0,"cards_upgraded":["Strike_R","Strike_R","Strike_R","Strike_R","Defend_R","Defend_R","Defend_R","Defend_R","Strike_R"]}],"is_beta":false,"boss_relics":[{"not_picked":["Mark of Pain","Philosopher\u0027s Stone"],"picked":"Black Blood"}],"items_purged_floors":[],"is_endless":false,"potions_floor_spawned":[2,3,11,14,21,22,24],"killed_by":"Collector","ascension_level":0}