{"gold_per_floor":[116,133,147,165,182,182,216,216,216,236,46,146,146,164,164,263,263,283,139,239,118,133,133,160,173,173,173,173,173,173,188,188,188],"floor_reached":33,"playtime":1313,"items_purged":["Body Slam"],"score":317,"play_id":"e5c144bb-4dec-478f-a49f-1643968f64d2","local_time":"20190310183417","is_ascension_mode":false,"campfire_choices":[{"data":"Bash","floor":6,"key":"SMITH"},{"data":"Rupture","floor":8,"key":"SMITH"},{"data":"Bloodletting","floor":13,"key":"SMITH"},{"data":"Sword Boomerang","floor":15,"key":"SMITH"},{"data":"Shrug It Off","floor":23,"key":"SMITH"},{"data":"Bloodletting","floor":29,"key":"SMITH"},{"floor":30,"key":"REST"},{"data":"Armaments","floor":32,"key":"SMITH"}],"neow_cost":"NONE","seed_source_timestamp":1309285233514298,"circlet_count":0,"master_deck":["Bash+1","Impatience","Thunderclap","Bloodletting+1","Rupture+1","Sword Boomerang+1","Dropkick","Brutality","Havoc","Clothesline","Battle Trance","Rampage","Hemokinesis","Impervious","Exhume","Bloodletting+1","Twin Strike","Shrug It Off+1","Spot Weakness","Whirlwind","Offering","Necronomicurse","Armaments+1"],"relics":["Burning Blood","Bottled Tornado","Anchor","Toolbox","Pandora\u0027s Box","Vajra","WingedGreaves","Mercury Hourglass","Art of War","Necronomicon","Mummified Hand"],"potions_floor_usage":[7,16,20,33],"damage_taken":[{"damage":0,"enemies":"2 Louse","floor":1,"turns":4},{"damage":5,"enemies":"Cultist","floor":2,"turns":4},{"damage":0,"enemies":"Small Slimes","floor":3,"turns":2},{"damage":23,"enemies":"Red Slaver","floor":4,"turns":6},{"damage":18,"enemies":"Large Slime","floor":5,"turns":9},{"damage":19,"enemies":"Lagavulin","floor":7,"turns":6},{"damage":3,"enemies":"2 Fungi Beasts","floor":10,"turns":2},{"damage":6,"enemies":"Red Slaver","floor":14,"turns":2},{"damage":6,"enemies":"Slime Boss","floor":16,"turns":5},{"damage":21,"enemies":"Spheric Guardian","floor":18,"turns":3},{"damage":20,"enemies":"Colosseum Slavers","floor":20,"turns":4},{"damage":19,"enemies":"Colosseum Nobs","floor":20,"turns":3},{"damage":10,"enemies":"Shell Parasite","floor":22,"turns":2},{"damage":17,"enemies":"Book of Stabbing","floor":24,"turns":3},{"damage":4,"enemies":"3 Cultists","floor":25,"turns":2},{"damage":14,"enemies":"Shelled Parasite and Fungi","floor":31,"turns":2},{"damage":27,"enemies":"Champ","floor":33,"turns":3}],"seed_played":"-4172176837988333757","potions_obtained":[{"floor":4,"key":"PowerPotion"},{"floor":7,"key":"Fire Potion"},{"floor":16,"key":"PowerPotion"},{"floor":20,"key":"Poison Potion"},{"floor":22,"key":"LiquidBronze"}],"is_trial":false,"path_per_floor":["M","M","M","M","M","R","E","R","T","M","$","?","R","M","R","B",null,"M","$","?","$","M","R","E","M","T","?","?","R","R","M","R","B"],"character_chosen":"IRONCLAD","items_purchased":["Toolbox","Vajra","Shrug It Off"],"campfire_rested":1,"item_purchase_floors":[11,19,21],"current_hp_per_floor":[80,80,80,63,51,51,38,38,38,41,41,41,41,41,41,41,80,65,65,38,38,34,34,23,25,25,9,9,9,33,25,25,0],"gold":188,"neow_bonus":"RANDOM_COLORLESS","is_prod":false,"is_daily":false,"chose_seed":false,"campfire_upgraded":7,"win_rate":0,"timestamp":1552214057,"path_taken":["M","M","M","M","M","R","E","R","T","M","$","?","R","M","R","BOSS","M","$","?","$","M","R","E","M","T","?","?","R","R","M","R","BOSS"],"build_version":"2019-01-23","purchased_purges":1,"victory":false,"max_hp_per_floor":[80,80,80,80,80,80,80,80,80,80,80,80,80,80,80,80,80,80,80,80,80,80,80,80,80,80,80,80,80,80,80,80,80],"card_choices":[{"not_picked":["Heavy Blade","Dual Wield"],"picked":"Thunderclap","floor":1},{"not_picked":["Perfected Strike","Havoc","Clash"],"picked":"SKIP","floor":2},{"not_picked":["Clash","Dual Wield","Wild Strike"],"picked":"SKIP","floor":3},{"not_picked":["Perfected Strike","Anger"],"picked":"Bloodletting","floor":4},{"not_picked":["Perfected Strike","Disarm"],"picked":"Rupture","floor":5},{"not_picked":["Exhume","Iron Wave"],"picked":"Sword Boomerang","floor":7},{"not_picked":["True Grit","Wild Strike","Rupture"],"picked":"SKIP","floor":10},{"not_picked":["Heavy Blade","Anger"],"picked":"Dropkick","floor":14},{"not_picked":["Dark Embrace","Barricade"],"picked":"Brutality","floor":16},{"not_picked":["Clash","Clothesline","Thunderclap"],"picked":"SKIP","floor":18},{"not_picked":["Warcry","Heavy Blade"],"picked":"Twin Strike","floor":20},{"not_picked":["Clothesline","Perfected Strike"],"picked":"Spot Weakness","floor":22},{"not_picked":["Heavy Blade","Hemokinesis+1"],"picked":"Whirlwind","floor":24},{"not_picked":["Hemokinesis","Shockwave"],"picked":"Offering","floor":25},{"not_picked":["Pommel Strike","Body Slam"],"picked":"Armaments","floor":31}],"player_experience":796636,"relics_obtained":[{"floor":7,"key":"Bottled Tornado"},{"floor":9,"key":"Anchor"},{"floor":20,"key":"WingedGreaves"},{"floor":20,"key":"Mercury Hourglass"},{"floor":24,"key":"Art of War"},{"floor":27,"key":"Necronomicon"}],"event_choices":[{"damage_healed":0,"gold_gain":100,"player_choice":"Gold","damage_taken":0,"max_hp_gain":0,"max_hp_loss":0,"event_name":"Wheel of Change","floor":12,"gold_loss":0},{"damage_healed":0,"gold_gain":0,"player_choice":"Fight","damage_taken":0,"max_hp_gain":0,"max_hp_loss":0,"event_name":"Colosseum","floor":20,"gold_loss":0},{"damage_healed":0,"gold_gain":0,"player_choice":"Fought Nobs","damage_taken":0,"max_hp_gain":0,"max_hp_loss":0,"event_name":"Colosseum","floor":20,"gold_loss":0},{"damage_healed":0,"gold_gain":0,"player_choice":"Obtained Book","damage_taken":16,"max_hp_gain":0,"max_hp_loss":0,"event_name":"Cursed Tome","floor":27,"gold_loss":0},{"damage_healed":0,"gold_gain":0,"player_choice":"Opened","damage_taken":0,"relics_obtained":["Mummified Hand"],"max_hp_gain":0,"max_hp_loss":0,"event_name":"The Mausoleum","floor":28,"gold_loss":0}],"is_beta":false,"boss_relics":[{"not_picked":["Black Blood","White Beast Statue"],"picked":"Pandora\u0027s Box"}],"items_purged_floors":[21],"is_endless":false,"potions_floor_spawned":[4,7,16,20,20,22],"killed_by":"Champ","ascension_level":0}