{"gold_per_floor":[114,133,145,158,177,206,206,224,224,224,235,160,172,172,172,293,293,318,343,356,379,122,122,122,122,190,221,233,289,226,238,250,393,405,440,471,496,24,48,87,87,110,137,137,175,194,225,240,240,240],"floor_reached":51,"playtime":4993,"items_purged":["Strike_R","Sentinel","Berserk"],"score":908,"play_id":"42d6e643-19ca-40e7-bec8-4fc29cf27280","local_time":"20190208233024","is_ascension_mode":false,"campfire_choices":[{"data":"Battle Trance","floor":7.0,"key":"SMITH"},{"data":"Whirlwind","floor":10.0,"key":"SMITH"},{"floor":15.0,"key":"REST"},{"floor":23.0,"key":"REST"},{"floor":25.0,"key":"REST"},{"floor":28.0,"key":"REST"},{"floor":32.0,"key":"REST"},{"floor":41,"key":"REST"},{"floor":44,"key":"REST"},{"floor":49,"key":"REST"}],"neow_cost":"","seed_source_timestamp":0,"circlet_count":0,"master_deck":["Bash","Havoc","Thunderclap","Battle Trance+1","Heavy Blade","Whirlwind+1","Heavy Blade","Dark Embrace","Power Through","Flame Barrier","Exhume","Body Slam","Immolate","Cleave","Heavy Blade","Inflame","Pommel Strike+1","Headbutt","Flame Barrier","Heavy Blade","Shockwave+1","Armaments+1","Flame Barrier+1","Immolate","Flame Barrier+1","Heavy Blade","Corruption","Havoc+1","Evolve+1","Fire Breathing","Power Through+1","Pommel Strike+1","Flame Barrier+1","Clothesline+1","Carnage+1","Flex+1","Parasite","Carnage+1","Sentinel+1","Havoc+1"],"special_seed":0,"relics":["Snecko Eye","Oddly Smooth Stone","Pantograph","Golden Idol","Pandora\u0027s Box","Dream Catcher","MutagenicStrength","Toxic Egg 2","MawBank","Charon\u0027s Ashes","Paper Frog","Mark of Pain","Pear","Matryoshka","Vajra","Art of War","Prayer Wheel","Blue Candle"],"potions_floor_usage":[50],"damage_taken":[{"damage":0.0,"enemies":"Cultist","floor":1.0,"turns":4.0},{"damage":4.0,"enemies":"2 Louse","floor":2.0,"turns":2.0},{"damage":1.0,"enemies":"Jaw Worm","floor":3.0,"turns":3.0},{"damage":7.0,"enemies":"Blue Slaver","floor":4.0,"turns":2.0},{"damage":13.0,"enemies":"Lots of Slimes","floor":5.0,"turns":4.0},{"damage":0.0,"enemies":"Gremlin Nob","floor":6.0,"turns":2.0},{"damage":3.0,"enemies":"2 Fungi Beasts","floor":8.0,"turns":3.0},{"damage":13.0,"enemies":"Red Slaver","floor":11.0,"turns":2.0},{"damage":5.0,"enemies":"Exordium Wildlife","floor":13.0,"turns":2.0},{"damage":31.0,"enemies":"The Guardian","floor":16.0,"turns":7.0},{"damage":0.0,"enemies":"Shell Parasite","floor":18.0,"turns":2.0},{"damage":0.0,"enemies":"2 Thieves","floor":19.0,"turns":1.0},{"damage":29.0,"enemies":"Centurion and Healer","floor":20.0,"turns":5.0},{"damage":27.0,"enemies":"3 Cultists","floor":21.0,"turns":3.0},{"damage":19.0,"enemies":"Slavers","floor":27.0,"turns":2.0},{"damage":8.0,"enemies":"Book of Stabbing","floor":29.0,"turns":3.0},{"damage":2,"enemies":"Champ","floor":33,"turns":7},{"damage":0,"enemies":"3 Darklings","floor":35,"turns":1},{"damage":0,"enemies":"Orb Walker","floor":36,"turns":1},{"damage":24,"enemies":"Spire Growth","floor":37,"turns":4},{"damage":8,"enemies":"4 Shapes","floor":39,"turns":2},{"damage":13,"enemies":"Giant Head","floor":40,"turns":3},{"damage":0,"enemies":"3 Darklings","floor":42,"turns":2},{"damage":0,"enemies":"Reptomancer","floor":45,"turns":3},{"damage":25,"enemies":"Sphere and 2 Shapes","floor":46,"turns":3},{"damage":12,"enemies":"Nemesis","floor":47,"turns":5},{"damage":0,"enemies":"Writhing Mass","floor":48,"turns":4},{"damage":14,"enemies":"Time Eater","floor":50,"turns":6}],"seed_played":"-1547742198978345637","potions_obtained":[{"floor":1.0,"key":"Energy Potion"},{"floor":2.0,"key":"GamblersBrew"},{"floor":6.0,"key":"Energy Potion"},{"floor":8.0,"key":"Strength Potion"},{"floor":16.0,"key":"BloodPotion"},{"floor":19.0,"key":"PowerPotion"},{"floor":21.0,"key":"GamblersBrew"},{"floor":33,"key":"Dexterity Potion"},{"floor":37,"key":"Fire Potion"},{"floor":42,"key":"Fire Potion"}],"is_trial":true,"path_per_floor":["M","M","M","M","M","E","R","M","T","R","M","$","M","?","R","B",null,"M","M","M","M","$","R","?","R","T","E","R","E","?","T","R","B",null,"M","M","M","$","M","E","R","M","T","R","E","M","E","M","R","B",null],"character_chosen":"IRONCLAD","items_purchased":["Dream Catcher","Corruption","Havoc+1","Pear"],"campfire_rested":8,"item_purchase_floors":[22,38,38,38],"current_hp_per_floor":[80,76,75,68,55,55,55,52,52,52,39,39,34,34,56,43,74,74,74,45,18,18,40,40,62,62,43,65,57,57,57,74,72,74,74,74,50,60,52,39,64,64,64,84,84,59,47,47,72,78],"gold":240,"neow_bonus":"","is_prod":false,"is_daily":false,"chose_seed":false,"campfire_upgraded":2,"win_rate":0,"timestamp":1549690224,"path_taken":["M","M","M","M","?","E","R","M","T","R","M","$","M","?","R","BOSS","M","M","M","M","$","R","?","R","T","E","R","E","?","?","R","BOSS","M","M","M","$","?","E","R","M","T","R","E","M","E","M","R","BOSS"],"build_version":"2019-01-23","purchased_purges":3,"victory":true,"max_hp_per_floor":[80,80,80,80,80,80,80,80,80,80,80,80,80,74,74,74,74,74,74,74,74,74,74,74,74,74,74,74,74,74,74,74,74,74,74,74,74,84,84,84,84,84,84,84,84,84,84,84,84,84],"card_choices":[{"not_picked":["Sentinel","True Grit"],"picked":"Havoc","floor":1.0},{"not_picked":["Flex","Hemokinesis"],"picked":"Thunderclap","floor":2.0},{"not_picked":["Headbutt","Anger"],"picked":"Battle Trance","floor":3.0},{"not_picked":["Pommel Strike","Warcry"],"picked":"Heavy Blade","floor":4.0},{"not_picked":["Clothesline","Evolve"],"picked":"Whirlwind","floor":5.0},{"not_picked":["Rampage","Burning Pact"],"picked":"Heavy Blade","floor":6.0},{"not_picked":["Burning Pact","Wild Strike"],"picked":"Dark Embrace","floor":8.0},{"not_picked":["True Grit","Armaments","Cleave"],"picked":"SKIP","floor":11.0},{"not_picked":["True Grit","Armaments","Cleave"],"picked":"SKIP","floor":11.0},{"not_picked":["Body Slam","Dual Wield","Reckless Charge"],"picked":"SKIP","floor":13.0},{"not_picked":["Offering","Double Tap"],"picked":"Berserk","floor":16.0},{"not_picked":["Rage","Sentinel"],"picked":"Heavy Blade","floor":18.0},{"not_picked":["Headbutt","Feel No Pain+1"],"picked":"Inflame","floor":19.0},{"not_picked":["Sword Boomerang","Anger","Spot Weakness"],"picked":"SKIP","floor":20.0},{"not_picked":["Battle Trance","Armaments+1"],"picked":"Pommel Strike+1","floor":21.0},{"not_picked":["Spot Weakness","Sentinel+1"],"picked":"Headbutt","floor":23.0},{"not_picked":["Thunderclap","Rage"],"picked":"Flame Barrier","floor":25.0},{"not_picked":["Warcry+1","Rupture"],"picked":"Heavy Blade","floor":27.0},{"not_picked":["Seeing Red+1","Twin Strike"],"picked":"Shockwave+1","floor":28.0},{"not_picked":["Hemokinesis","Spot Weakness+1"],"picked":"Armaments+1","floor":29.0},{"not_picked":["Clash","Iron Wave"],"picked":"Flame Barrier+1","floor":32.0},{"not_picked":["Exhume+1","Brutality"],"picked":"Immolate","floor":33},{"not_picked":["Cleave+1","Iron Wave+1"],"picked":"Flame Barrier+1","floor":35},{"not_picked":["Rampage","Perfected Strike+1"],"picked":"Heavy Blade","floor":36},{"not_picked":["Seeing Red+1","Body Slam+1","True Grit+1"],"picked":"SKIP","floor":37},{"not_picked":["Pommel Strike+1","Armaments+1"],"picked":"Evolve+1","floor":39},{"not_picked":["Ghostly Armor+1","Offering+1"],"picked":"Fire Breathing","floor":40},{"not_picked":["Thunderclap+1","Shrug It Off+1"],"picked":"Power Through+1","floor":41},{"not_picked":["Sword Boomerang+1","Pummel"],"picked":"Pommel Strike+1","floor":42},{"not_picked":["Reckless Charge","Dropkick+1"],"picked":"Flame Barrier+1","floor":45},{"not_picked":["Seeing Red+1","Rage+1"],"picked":"Clothesline+1","floor":46},{"not_picked":["Flex+1","Twin Strike"],"picked":"Carnage+1","floor":46},{"not_picked":["Spot Weakness+1","Searing Blow"],"picked":"Flex+1","floor":47},{"not_picked":["Anger+1","Sword Boomerang+1"],"picked":"Carnage+1","floor":48},{"not_picked":["Bloodletting+1","Warcry+1"],"picked":"Sentinel+1","floor":48},{"not_picked":["Combust+1","Thunderclap+1"],"picked":"Havoc+1","floor":49}],"player_experience":111857,"relics_obtained":[{"floor":6.0,"key":"Oddly Smooth Stone"},{"floor":9.0,"key":"Pantograph"},{"floor":26.0,"key":"Toxic Egg 2"},{"floor":27.0,"key":"MawBank"},{"floor":29.0,"key":"Charon\u0027s Ashes"},{"floor":31.0,"key":"Paper Frog"},{"floor":40,"key":"Matryoshka"},{"floor":43,"key":"Vajra"},{"floor":43,"key":"Art of War"},{"floor":45,"key":"Prayer Wheel"},{"floor":47,"key":"Blue Candle"}],"event_choices":[{"damage_healed":0.0,"max_hp_gain":0.0,"max_hp_loss":6.0,"gold_gain":0.0,"event_name":"Golden Idol","player_choice":"Lose Max HP","floor":14.0,"gold_loss":0.0,"damage_taken":0.0,"relics_obtained":["Golden Idol"]},{"damage_healed":0.0,"max_hp_gain":0.0,"max_hp_loss":0.0,"gold_gain":0.0,"event_name":"Drug Dealer","player_choice":"Inject Mutagens","floor":24.0,"gold_loss":0.0,"damage_taken":0.0,"relics_obtained":["MutagenicStrength"]},{"cards_removed":["Warcry"],"damage_healed":0.0,"max_hp_gain":0.0,"max_hp_loss":0.0,"gold_gain":0.0,"event_name":"Beggar","player_choice":"Gave Gold","floor":30.0,"gold_loss":75.0,"damage_taken":0.0}],"is_beta":false,"boss_relics":[{"not_picked":["White Beast Statue","Fusion Hammer"],"picked":"Pandora\u0027s Box"},{"not_picked":["Busted Crown","Coffee Dripper"],"picked":"Mark of Pain"}],"items_purged_floors":[12,22,38],"is_endless":false,"potions_floor_spawned":[1,2,6,8,16,19,21,33,37,42,45,48],"ascension_level":0}