{"gold_per_floor":[119,137,137,137,154,154,179,193,270,270],"floor_reached":10,"playtime":896,"items_purged":[],"score":68,"play_id":"f8961ccb-53ee-45b9-bb08-929aaf4fbb3c","local_time":"20190211161618","is_ascension_mode":false,"campfire_choices":[{"data":"1","floor":6,"key":"LIFT"}],"neow_cost":"NONE","seed_source_timestamp":1127556695301400,"circlet_count":0,"master_deck":["Strike_R","Strike_R","Strike_R","Strike_R","Strike_R","Defend_R","Defend_R+1","Defend_R+1","Bash","Armaments","Flex","Regret","Perfected Strike","Flame Barrier","Clash"],"relics":["Burning Blood","Girya","Regal Pillow","War Paint","Letter Opener"],"potions_floor_usage":[7],"damage_taken":[{"damage":5,"enemies":"Jaw Worm","floor":1,"turns":5},{"damage":1,"enemies":"2 Louse","floor":2,"turns":3},{"damage":9,"enemies":"Small Slimes","floor":5,"turns":5},{"damage":45,"enemies":"3 Sentries","floor":7,"turns":10},{"damage":23,"enemies":"Exordium Thugs","floor":8,"turns":7},{"damage":17,"enemies":"Gremlin Gang","floor":10,"turns":1}],"seed_played":"4991047549421663672","potions_obtained":[{"floor":2,"key":"LiquidBronze"},{"floor":8,"key":"Poison Potion"}],"is_trial":false,"path_per_floor":["M","M","?","?","M","R","E","M","T","M"],"character_chosen":"IRONCLAD","items_purchased":[],"campfire_rested":0,"item_purchase_floors":[],"current_hp_per_floor":[80,80,73,73,70,70,31,14,14,0],"gold":270,"neow_bonus":"REMOVE_CARD","is_prod":false,"is_daily":false,"chose_seed":false,"campfire_upgraded":0,"win_rate":0.0,"timestamp":1549898178,"path_taken":["M","M","?","?","M","R","E","M","T","M"],"build_version":"2019-01-23","purchased_purges":0,"victory":false,"max_hp_per_floor":[80,80,80,80,80,80,80,80,80,80],"card_choices":[{"not_picked":["Wild Strike","Heavy Blade"],"picked":"Armaments","floor":1},{"not_picked":["Clothesline","Rampage"],"picked":"Flex","floor":2},{"not_picked":["Reckless Charge","Burning Pact"],"picked":"Perfected Strike","floor":5},{"not_picked":["Heavy Blade","Pommel Strike"],"picked":"Flame Barrier","floor":7},{"not_picked":["Pommel Strike","Flame Barrier"],"picked":"Clash","floor":8}],"player_experience":41440,"relics_obtained":[{"floor":7,"key":"War Paint"},{"floor":9,"key":"Letter Opener"}],"event_choices":[{"damage_healed":0,"gold_gain":0,"player_choice":"Success","damage_taken":7,"relics_obtained":["Girya"],"max_hp_gain":0,"max_hp_loss":0,"event_name":"Scrap Ooze","floor":3,"gold_loss":0},{"damage_healed":0,"gold_gain":0,"player_choice":"Box","damage_taken":0,"relics_obtained":["Regal Pillow"],"max_hp_gain":0,"max_hp_loss":0,"event_name":"Big Fish","floor":4,"gold_loss":0,"cards_obtained":["Regret"]}],"is_beta":false,"boss_relics":[],"items_purged_floors":[],"is_endless":false,"potions_floor_spawned":[2,8],"killed_by":"Gremlin Gang","ascension_level":0}