{"gold_per_floor":[218,143,218,218,236,236,251,251,251,251,264,293,309,309,309,410,410,428,106,126,126,136,78,78,78,125,137,64,76,88,115,127,139],"floor_reached":33,"playtime":1058,"items_purged":["Strike_R","Strike_R"],"score":243,"play_id":"d8bae1aa-b1b7-4e72-b714-a07f8212c930","local_time":"20190416224935","is_ascension_mode":false,"campfire_choices":[{"data":"Bash","floor":6.0,"key":"SMITH"},{"data":"Rampage","floor":8.0,"key":"SMITH"},{"data":"Flame Barrier","floor":10.0,"key":"SMITH"},{"floor":15.0,"key":"REST"},{"data":"Whirlwind","floor":25,"key":"SMITH"},{"floor":29,"key":"DIG"},{"floor":32,"key":"DIG"}],"neow_cost":"NONE","seed_source_timestamp":33711572283087,"circlet_count":0,"master_deck":["Strike_R","Defend_R","Defend_R","Defend_R","Bash+1","Rampage+1","Flame Barrier+1","Clothesline","Clothesline+1","Spot Weakness","Second Wind","Whirlwind+1","Offering","Iron Wave+1"],"special_seed":0,"relics":["Burning Blood","Lantern","The Courier","Strawberry","Runic Dome","Shovel","MawBank","Molten Egg 2","Bag of Marbles","Blood Vial","Dodecahedron"],"potions_floor_usage":[],"damage_taken":[{"damage":0.0,"enemies":"2 Louse","floor":1.0,"turns":3.0},{"damage":0.0,"enemies":"Small Slimes","floor":5.0,"turns":4.0},{"damage":6.0,"enemies":"Jaw Worm","floor":7.0,"turns":3.0},{"damage":0.0,"enemies":"Blue Slaver","floor":11.0,"turns":2.0},{"damage":55.0,"enemies":"3 Sentries","floor":12.0,"turns":16.0},{"damage":2.0,"enemies":"Exordium Wildlife","floor":13.0,"turns":3.0},{"damage":27.0,"enemies":"Hexaghost","floor":16.0,"turns":10.0},{"damage":20.0,"enemies":"Spheric Guardian","floor":18.0,"turns":6.0},{"damage":3,"enemies":"Shell Parasite","floor":20,"turns":6},{"damage":12,"enemies":"Snecko","floor":22,"turns":4},{"damage":6,"enemies":"Shelled Parasite and Fungi","floor":31,"turns":3},{"damage":83,"enemies":"Champ","floor":33,"turns":11}],"seed_played":"-5177186125731272824","potions_obtained":[{"floor":1.0,"key":"Regen Potion"},{"floor":5.0,"key":"LiquidBronze"},{"floor":16.0,"key":"Dexterity Potion"},{"floor":22,"key":"Swift Potion"}],"is_trial":false,"path_per_floor":["M","$","?","?","M","R","M","R","T","R","M","E","M","?","R","B",null,"M","$","M","?","M","$","?","R","T","?","?","R","?","M","R","B"],"character_chosen":"IRONCLAD","items_purchased":["Shovel","Whirlwind"],"campfire_rested":1,"item_purchase_floors":[19,23],"current_hp_per_floor":[80,80,69,62,68,68,68,68,68,68,74,32,36,29,55,34,87,73,73,76,76,70,70,70,70,70,70,70,70,70,72,72,0],"gold":139,"neow_bonus":"HUNDRED_GOLD","is_prod":false,"is_daily":false,"chose_seed":false,"campfire_upgraded":4,"win_rate":0,"timestamp":1555476575,"path_taken":["M","$","?","?","M","R","M","R","T","R","M","E","M","?","R","BOSS","M","$","M","?","M","$","?","R","T","?","?","R","?","?","R","BOSS"],"build_version":"2019-01-23","purchased_purges":2,"victory":false,"max_hp_per_floor":[80,80,80,80,80,80,80,80,80,80,80,87,87,87,87,87,87,87,87,87,87,87,87,87,87,87,87,87,87,87,87,87,87],"card_choices":[{"not_picked":["True Grit","Anger"],"picked":"Rampage","floor":1.0},{"not_picked":["Fire Breathing","Ghostly Armor"],"picked":"Flame Barrier","floor":5.0},{"not_picked":["Clothesline","Havoc","Clash"],"picked":"SKIP","floor":7.0},{"not_picked":["Iron Wave","Twin Strike","Burning Pact"],"picked":"SKIP","floor":11.0},{"not_picked":["Feel No Pain","Rage","Clothesline"],"picked":"SKIP","floor":12.0},{"not_picked":["Dropkick","True Grit","Clash"],"picked":"SKIP","floor":13.0},{"not_picked":["Heavy Blade","Thunderclap"],"picked":"Clothesline","floor":18},{"not_picked":["Wild Strike","Clash"],"picked":"Clothesline+1","floor":20},{"not_picked":["Flame Barrier","Ghostly Armor","Power Through"],"picked":"SKIP","floor":22},{"not_picked":["Corruption","Rage","Iron Wave+1"],"picked":"SKIP","floor":31},{"not_picked":["Corruption","Rage"],"picked":"Iron Wave+1","floor":31}],"player_experience":1234965,"relics_obtained":[{"floor":9.0,"key":"The Courier"},{"floor":12.0,"key":"Strawberry"},{"floor":26,"key":"MawBank"},{"floor":29,"key":"Bag of Marbles"},{"floor":32,"key":"Dodecahedron"}],"event_choices":[{"damage_healed":0.0,"max_hp_gain":0.0,"max_hp_loss":0.0,"gold_gain":75.0,"event_name":"World of Goop","player_choice":"Gather Gold","floor":3.0,"gold_loss":0.0,"damage_taken":11.0},{"damage_healed":0.0,"max_hp_gain":0.0,"max_hp_loss":0.0,"gold_gain":0.0,"event_name":"Scrap Ooze","player_choice":"Success","floor":4.0,"gold_loss":0.0,"damage_taken":7.0,"relics_obtained":["Lantern"]},{"cards_removed":["Strike_R"],"damage_healed":0.0,"max_hp_gain":0.0,"max_hp_loss":0.0,"gold_gain":0.0,"event_name":"Golden Wing","player_choice":"Card Removal","floor":14.0,"gold_loss":0.0,"damage_taken":7.0},{"damage_healed":0,"gold_gain":0,"cards_transformed":["Defend_R","Strike_R"],"player_choice":"Became Test Subject","damage_taken":0,"max_hp_gain":0,"max_hp_loss":0,"event_name":"Drug Dealer","floor":21,"gold_loss":0,"cards_obtained":["Spot Weakness","Second Wind"]},{"damage_healed":0,"gold_gain":0,"player_choice":"Read","damage_taken":0,"max_hp_gain":0,"max_hp_loss":0,"event_name":"The Library","floor":24,"gold_loss":0,"cards_obtained":["Offering"]},{"damage_healed":0,"gold_gain":0,"player_choice":"Ignored","damage_taken":0,"max_hp_gain":0,"max_hp_loss":0,"event_name":"Ghosts","floor":27,"gold_loss":0},{"damage_healed":0,"gold_gain":0,"player_choice":"Obtained Relic","damage_taken":0,"relics_obtained":["Molten Egg 2"],"max_hp_gain":0,"max_hp_loss":0,"event_name":"Addict","floor":28,"gold_loss":85},{"damage_healed":0,"gold_gain":0,"player_choice":"Gave Potion","damage_taken":0,"relics_obtained":["Blood Vial"],"max_hp_gain":0,"max_hp_loss":0,"event_name":"WeMeetAgain","floor":30,"gold_loss":0}],"is_beta":false,"boss_relics":[{"not_picked":["Ectoplasm","Runic Pyramid"],"picked":"Runic Dome"}],"items_purged_floors":[2,19],"is_endless":false,"potions_floor_spawned":[1,5,16,22],"killed_by":"Champ","ascension_level":0}