{"gold_per_floor":[213,213,103,103,103,103,132,152,176,176,37,37,52,64,64,164,164,184,184,165,23,23,23,33,51,51,51,66,99,99,99,99,194,194,210,227,302,137,155,155],"floor_reached":40,"playtime":2653,"items_purged":["Strike_G","Pain","Strike_G"],"score":444,"play_id":"eb49ddee-61da-4769-b1e9-5eeada555d8d","local_time":"20190308012422","is_ascension_mode":true,"campfire_choices":[{"data":"Neutralize","floor":6,"key":"SMITH"},{"floor":10,"key":"REST"},{"floor":12,"key":"REST"},{"floor":15,"key":"REST"},{"floor":23,"key":"REST"},{"floor":27,"key":"REST"},{"floor":30,"key":"REST"},{"data":"Envenom","floor":32,"key":"SMITH"}],"neow_cost":"NONE","seed_source_timestamp":440623490849500,"circlet_count":0,"master_deck":["Defend_G","Defend_G","Defend_G+1","Defend_G","Defend_G","Strike_G","Strike_G+1","Survivor","Neutralize+1","Flying Knee","Caltrops","Deadly Poison","Footwork","Infinite Blades","Terror","Backflip","Envenom+1","Cloak And Dagger","Accuracy","Riddle With Holes","Distraction","Cloak And Dagger+1","Footwork","A Thousand Cuts","Backstab","Malaise","Well Laid Plans","Burst","Backflip+1","Noxious Fumes","Caltrops","Caltrops"],"relics":["Ring of the Snake","WarpedTongs","Mercury Hourglass","Art of War","Orrery","Anchor","Singing Bowl","Torii","Black Star"],"potions_floor_usage":[7,16,16,24,28,33,35,39],"damage_taken":[{"damage":1,"enemies":"Small Slimes","floor":1,"turns":5},{"damage":32,"enemies":"Gremlin Nob","floor":7,"turns":5},{"damage":3,"enemies":"2 Louse","floor":8,"turns":2},{"damage":0,"enemies":"Cultist","floor":13,"turns":3},{"damage":1,"enemies":"Exordium Thugs","floor":14,"turns":4},{"damage":18,"enemies":"Hexaghost","floor":16,"turns":7},{"damage":8,"enemies":"Chosen","floor":18,"turns":6},{"damage":13,"enemies":"2 Thieves","floor":20,"turns":4},{"damage":18,"enemies":"Sentry and Sphere","floor":24,"turns":4},{"damage":31,"enemies":"Shelled Parasite and Fungi","floor":25,"turns":5},{"damage":4,"enemies":"3 Cultists","floor":28,"turns":5},{"damage":14,"enemies":"Book of Stabbing","floor":29,"turns":7},{"damage":10,"enemies":"Automaton","floor":33,"turns":9},{"damage":12,"enemies":"3 Shapes","floor":35,"turns":4},{"damage":2,"enemies":"Orb Walker","floor":36,"turns":5},{"damage":2,"enemies":"Maw","floor":39,"turns":8},{"damage":75,"enemies":"Nemesis","floor":40,"turns":8}],"seed_played":"-3024218949131964359","potions_obtained":[{"floor":1,"key":"Weak Potion"},{"floor":13,"key":"SteroidPotion"},{"floor":14,"key":"LiquidBronze"},{"floor":16,"key":"Energy Potion"},{"floor":20,"key":"Fire Potion"},{"floor":28,"key":"EssenceOfSteel"},{"floor":29,"key":"Block Potion"},{"floor":36,"key":"Poison Potion"}],"is_trial":false,"path_per_floor":["M","?","$","?","?","R","E","M","T","R","$","R","M","M","R","B",null,"M","?","M","$","?","R","M","M","T","R","M","E","R","?","R","B",null,"M","M","?","$","M","E"],"character_chosen":"THE_SILENT","items_purchased":["Caltrops","Infinite Blades","A Thousand Cuts","Backstab","Caltrops"],"campfire_rested":6,"item_purchase_floors":[3,11,21,21,38],"current_hp_per_floor":[69,62,62,48,48,48,16,13,13,34,34,55,55,54,70,52,70,62,62,49,49,49,70,52,21,21,42,40,26,47,47,47,37,72,60,58,51,51,49,0],"gold":155,"neow_bonus":"HUNDRED_GOLD","is_prod":false,"is_daily":false,"chose_seed":false,"campfire_upgraded":2,"win_rate":0,"timestamp":1552004662,"path_taken":["M","?","$","?","?","R","E","?","T","R","?","R","M","M","R","BOSS","M","?","M","$","?","R","M","M","T","R","M","E","R","?","R","BOSS","M","M","?","$","M","E"],"build_version":"2019-01-23","purchased_purges":3,"victory":false,"max_hp_per_floor":[70,70,70,70,70,70,70,70,70,70,70,70,70,70,70,70,70,70,70,70,70,70,70,70,70,70,70,72,72,72,72,72,72,72,72,72,72,72,72,72],"card_choices":[{"not_picked":["Expertise","Predator"],"picked":"Flying Knee","floor":1},{"not_picked":["Setup","Quick Slash"],"picked":"Deadly Poison","floor":7},{"not_picked":["Slice","Sucker Punch"],"picked":"Footwork","floor":8},{"not_picked":["Tactician","Poisoned Stab"],"picked":"Terror","floor":13},{"not_picked":["Prepared","Acrobatics"],"picked":"Backflip","floor":14},{"not_picked":["Unload","A Thousand Cuts"],"picked":"Envenom","floor":16},{"not_picked":["Flying Knee","Prepared"],"picked":"Cloak And Dagger","floor":17},{"not_picked":["Deadly Poison","Dodge and Roll"],"picked":"Accuracy","floor":17},{"not_picked":["Endless Agony","Deflect"],"picked":"Riddle With Holes","floor":17},{"not_picked":["Dagger Throw","Tactician"],"picked":"Distraction","floor":17},{"not_picked":["Dodge and Roll","Backflip"],"picked":"Cloak And Dagger+1","floor":18},{"not_picked":["Dodge and Roll","Outmaneuver"],"picked":"Footwork","floor":20},{"not_picked":["Dodge and Roll","Dagger Throw"],"picked":"Malaise","floor":24},{"not_picked":["Dodge and Roll","Flying Knee","Sucker Punch"],"picked":"SKIP","floor":25},{"not_picked":["Poisoned Stab","Quick Slash","Masterful Stab+1"],"picked":"Singing Bowl","floor":28},{"not_picked":["Heel Hook+1","Concentrate"],"picked":"Well Laid Plans","floor":29},{"not_picked":["Adrenaline","Doppelganger"],"picked":"Burst","floor":33},{"not_picked":["Distraction+1","Deflect+1"],"picked":"Backflip+1","floor":35},{"not_picked":["Skewer","Well Laid Plans+1"],"picked":"Noxious Fumes","floor":36},{"not_picked":["Eviscerate+1","Sucker Punch+1"],"picked":"Caltrops","floor":39}],"player_experience":329344,"relics_obtained":[{"floor":7,"key":"Mercury Hourglass"},{"floor":9,"key":"Art of War"},{"floor":26,"key":"Singing Bowl"},{"floor":29,"key":"Torii"}],"event_choices":[{"cards_removed":["Strike_G"],"damage_healed":0,"gold_gain":0,"player_choice":"Card Removal","damage_taken":7,"max_hp_gain":0,"max_hp_loss":0,"event_name":"Golden Wing","floor":2,"gold_loss":0},{"damage_healed":0,"gold_gain":0,"player_choice":"Entered Light","damage_taken":14,"max_hp_gain":0,"max_hp_loss":0,"event_name":"Shining Light","floor":4,"gold_loss":0,"cards_upgraded":["Strike_G","Defend_G"]},{"damage_healed":0,"gold_gain":0,"player_choice":"Rummage","damage_taken":0,"relics_obtained":["WarpedTongs"],"max_hp_gain":0,"max_hp_loss":0,"event_name":"Accursed Blacksmith","floor":5,"gold_loss":0,"cards_obtained":["Pain"]},{"damage_healed":0,"gold_gain":0,"player_choice":"Opened","damage_taken":0,"relics_obtained":["Anchor"],"max_hp_gain":0,"max_hp_loss":0,"event_name":"The Mausoleum","floor":19,"gold_loss":0,"cards_obtained":["Writhe"]},{"damage_healed":0,"gold_gain":0,"player_choice":"Ignored","damage_taken":0,"max_hp_gain":0,"max_hp_loss":0,"event_name":"Beggar","floor":22,"gold_loss":0},{"cards_removed":["Writhe"],"damage_healed":0,"gold_gain":0,"player_choice":"Elegance","damage_taken":0,"max_hp_gain":0,"max_hp_loss":0,"event_name":"Back to Basics","floor":31,"gold_loss":0},{"damage_healed":0,"gold_gain":75,"player_choice":"Touch","damage_taken":7,"max_hp_gain":0,"max_hp_loss":0,"event_name":"FaceTrader","floor":37,"gold_loss":0}],"is_beta":false,"boss_relics":[{"not_picked":["White Beast Statue","Velvet Choker"],"picked":"Orrery"},{"not_picked":["Philosopher\u0027s Stone","Eternal Feather"],"picked":"Black Star"}],"items_purged_floors":[3,11,38],"is_endless":false,"potions_floor_spawned":[1,13,14,16,20,28,29,36],"killed_by":"Nemesis","ascension_level":2}