{"gold_per_floor":[114,66,16,42,61,92,108,108,108,33,45,108,108,108,108,204,204,224,51,69,69,69,69,69,69],"floor_reached":25,"playtime":2593,"items_purged":["Strike_R","Perfected Strike+1"],"score":276,"play_id":"b454c5d2-927b-4105-aa90-eb41a1fbf58e","local_time":"20190414000020","is_ascension_mode":true,"campfire_choices":[{"data":"Uppercut","floor":13,"key":"SMITH"},{"floor":15,"key":"REST"},{"data":"Rampage","floor":23,"key":"SMITH"}],"neow_cost":"NONE","seed_source_timestamp":276166905968700,"circlet_count":0,"master_deck":["Strike_R+1","Strike_R","Defend_R","Defend_R+1","Defend_R+1","Defend_R","Bash","Blind","Cleave","Intimidate","Carnage","Uppercut+1","Juggernaut","Shrug It Off","Rampage+1","Flex","Decay"],"relics":["Burning Blood","War Paint","Meat on the Bone","Gambling Chip","Art of War","Sozu"],"potions_floor_usage":[12,16,16],"damage_taken":[{"damage":7,"enemies":"Jaw Worm","floor":1,"turns":4},{"damage":1,"enemies":"Small Slimes","floor":5,"turns":3},{"damage":30,"enemies":"Lagavulin","floor":6,"turns":11},{"damage":6,"enemies":"2 Louse","floor":7,"turns":2},{"damage":0,"enemies":"2 Fungi Beasts","floor":11,"turns":4},{"damage":24,"enemies":"Gremlin Nob","floor":12,"turns":5},{"damage":44,"enemies":"Hexaghost","floor":16,"turns":11},{"damage":0,"enemies":"Chosen","floor":18,"turns":4},{"damage":10,"enemies":"Spheric Guardian","floor":20,"turns":4},{"damage":77,"enemies":"Book of Stabbing","floor":25,"turns":7}],"seed_played":"-4706752572033771274","potions_obtained":[{"floor":6,"key":"Block Potion"},{"floor":7,"key":"LiquidBronze"},{"floor":11,"key":"BloodPotion"}],"is_trial":false,"path_per_floor":["M","$","?","T","M","E","M","?","T","$","M","?","R","?","R","B",null,"M","$","M","?","?","R","?","E"],"character_chosen":"IRONCLAD","items_purchased":["Cleave","Rampage"],"campfire_rested":1,"item_purchase_floors":[2,19],"current_hp_per_floor":[71,71,71,71,76,52,52,52,52,52,58,52,52,36,60,42,71,77,77,73,73,73,73,73,0],"gold":69,"neow_bonus":"RANDOM_COLORLESS","is_prod":false,"is_daily":false,"chose_seed":false,"campfire_upgraded":2,"win_rate":0,"timestamp":1555192820,"path_taken":["M","$","?","?","M","E","M","?","T","$","M","?","R","?","R","BOSS","M","$","M","?","?","R","?","E"],"build_version":"2019-01-23","purchased_purges":2,"victory":false,"max_hp_per_floor":[80,80,80,80,80,80,80,80,80,80,80,80,80,80,80,80,80,80,80,80,80,80,80,80,80],"card_choices":[{"not_picked":["Disarm","Wild Strike","Sword Boomerang"],"picked":"SKIP","floor":1},{"not_picked":["Perfected Strike","Wild Strike"],"picked":"Intimidate","floor":5},{"not_picked":["Cleave","Entrench","Thunderclap"],"picked":"SKIP","floor":6},{"not_picked":["Iron Wave","Twin Strike","Perfected Strike"],"picked":"SKIP","floor":7},{"not_picked":["Headbutt","Sword Boomerang"],"picked":"Carnage","floor":11},{"not_picked":["Fire Breathing","Infernal Blade"],"picked":"Uppercut","floor":12},{"not_picked":["Brutality","Exhume"],"picked":"Juggernaut","floor":16},{"not_picked":["Burning Pact+1","Anger+1"],"picked":"Shrug It Off","floor":18},{"not_picked":["Havoc","Wild Strike","Uppercut"],"picked":"SKIP","floor":20}],"player_experience":614640,"relics_obtained":[{"floor":4,"key":"War Paint"},{"floor":6,"key":"Meat on the Bone"},{"floor":9,"key":"Gambling Chip"},{"floor":12,"key":"Art of War"}],"event_choices":[{"cards_removed":["Strike_R"],"damage_healed":0,"gold_gain":0,"player_choice":"Card Removal","damage_taken":0,"max_hp_gain":0,"max_hp_loss":0,"event_name":"The Cleric","floor":3,"gold_loss":50},{"damage_healed":0,"gold_gain":0,"cards_transformed":["Strike_R"],"player_choice":"Change","damage_taken":0,"max_hp_gain":0,"max_hp_loss":0,"event_name":"Living Wall","floor":8,"gold_loss":0,"cards_obtained":["Perfected Strike"]},{"damage_healed":0,"gold_gain":0,"player_choice":"Searched \u00271\u0027 times","damage_taken":0,"max_hp_gain":0,"max_hp_loss":0,"event_name":"Dead Adventurer","floor":12,"gold_loss":0},{"damage_healed":0,"gold_gain":0,"player_choice":"Entered Light","damage_taken":16,"max_hp_gain":0,"max_hp_loss":0,"event_name":"Shining Light","floor":14,"gold_loss":0,"cards_upgraded":["Strike_R","Perfected Strike"]},{"damage_healed":0,"gold_gain":0,"player_choice":"Ignored","damage_taken":0,"max_hp_gain":0,"max_hp_loss":0,"event_name":"Ghosts","floor":21,"gold_loss":0},{"damage_healed":0,"gold_gain":0,"player_choice":"Read","damage_taken":0,"max_hp_gain":0,"max_hp_loss":0,"event_name":"The Library","floor":22,"gold_loss":0,"cards_obtained":["Flex"]},{"damage_healed":0,"gold_gain":0,"player_choice":"Cursed","damage_taken":0,"max_hp_gain":0,"max_hp_loss":0,"event_name":"Wheel of Change","floor":24,"gold_loss":0,"cards_obtained":["Decay"]}],"is_beta":false,"boss_relics":[{"not_picked":["Tiny House","Black Blood"],"picked":"Sozu"}],"items_purged_floors":[10,19],"is_endless":false,"potions_floor_spawned":[6,7,11,20],"killed_by":"Book of Stabbing","ascension_level":8}