{"gold_per_floor":[114,130,130,130,143,143,178,178,201,224,247,286,310,385,385,505,505,520,536,451,576,164,208,222,222,222,257,332,332,371,395,395,524,524,537,537,305,319,319,357,357,378,378,173,209,233,0,0],"floor_reached":48,"playtime":1980,"items_purged":["Strike_R","Strike_R","Normality"],"score":806,"play_id":"be308a60-7204-4d41-84b9-dd79141acc4d","local_time":"20190129195333","is_ascension_mode":true,"campfire_choices":[{"data":"Bash","floor":6,"key":"SMITH"},{"data":"Perfected Strike","floor":8,"key":"SMITH"},{"data":"Perfected Strike","floor":15,"key":"SMITH"},{"data":"Power Through","floor":25,"key":"SMITH"},{"data":"Shrug It Off","floor":32,"key":"SMITH"},{"floor":41,"key":"REST"}],"neow_cost":"NONE","seed_source_timestamp":445497492250900,"circlet_count":0,"master_deck":["Strike_R","Strike_R","Strike_R","Defend_R+1","Defend_R","Defend_R","Defend_R+1","Bash+1","Perfected Strike+1","Perfected Strike+1","Sword Boomerang+1","Wild Strike+1","Headbutt","Power Through+1","Perfected Strike+1","Reaper","Disarm","Ghostly Armor","Battle Trance","Shrug It Off+1","Panacea","Inflame","Ghostly Armor+1","Armaments+1","Flex+1","True Grit+1","True Grit+1","Shockwave+1","Evolve"],"relics":["Burning Blood","Oddly Smooth Stone","Golden Idol","Bronze Scales","Juzu Bracelet","War Paint","Lantern","Busted Crown","Pantograph","Mango","Darkstone Periapt","Membership Card","Ornamental Fan","Happy Flower","Whetstone","Bag of Marbles","Thread and Needle","Cursed Key","Toxic Egg 2","The Courier","Mercury Hourglass","Anchor","Ancient Tea Set","Red Mask"],"potions_floor_usage":[7,14,18,23,27,45],"damage_taken":[{"damage":2,"enemies":"Small Slimes","floor":1,"turns":4},{"damage":1,"enemies":"2 Louse","floor":2,"turns":3},{"damage":0,"enemies":"Cultist","floor":5,"turns":3},{"damage":30,"enemies":"Lagavulin","floor":7,"turns":4},{"damage":7,"enemies":"Blue Slaver","floor":10,"turns":2},{"damage":0,"enemies":"2 Fungi Beasts","floor":11,"turns":2},{"damage":16,"enemies":"Gremlin Nob","floor":12,"turns":3},{"damage":0,"enemies":"3 Louse","floor":13,"turns":2},{"damage":4,"enemies":"3 Sentries","floor":14,"turns":4},{"damage":33,"enemies":"Hexaghost","floor":16,"turns":6},{"damage":0,"enemies":"Shell Parasite","floor":18,"turns":2},{"damage":0,"enemies":"3 Byrds","floor":19,"turns":3},{"damage":7,"enemies":"Colosseum Slavers","floor":21,"turns":2},{"damage":24,"enemies":"Colosseum Nobs","floor":21,"turns":3},{"damage":1,"enemies":"Slavers","floor":23,"turns":5},{"damage":0,"enemies":"Snecko","floor":24,"turns":2},{"damage":22,"enemies":"Book of Stabbing","floor":27,"turns":4},{"damage":13,"enemies":"Slavers","floor":30,"turns":5},{"damage":18,"enemies":"Cultist and Chosen","floor":31,"turns":5},{"damage":75,"enemies":"Collector","floor":33,"turns":7},{"damage":1,"enemies":"Orb Walker","floor":35,"turns":3},{"damage":10,"enemies":"3 Darklings","floor":38,"turns":5},{"damage":63,"enemies":"Nemesis","floor":40,"turns":9},{"damage":11,"enemies":"Maw","floor":42,"turns":6},{"damage":67,"enemies":"Giant Head","floor":45,"turns":8},{"damage":6,"enemies":"Writhing Mass","floor":46,"turns":5},{"damage":15,"enemies":"Transient","floor":48,"turns":4}],"seed_played":"8940922181093178892","potions_obtained":[{"floor":2,"key":"Weak Potion"},{"floor":5,"key":"Fire Potion"},{"floor":10,"key":"Energy Potion"},{"floor":13,"key":"SpeedPotion"},{"floor":14,"key":"Ancient Potion"},{"floor":18,"key":"LiquidBronze"},{"floor":21,"key":"Energy Potion"},{"floor":24,"key":"BloodPotion"},{"floor":33,"key":"Swift Potion"},{"floor":42,"key":"Energy Potion"},{"floor":46,"key":"Strength Potion"}],"is_trial":false,"path_per_floor":["M","M","?","?","M","R","E","R","T","M","M","E","M","?","R","B",null,"M","M","?","?","$","E","M","R","T","E","?","?","E","M","R","B",null,"M","?","$","M","?","E","R","M","T","$","E","M","?","M"],"character_chosen":"IRONCLAD","items_purchased":["Membership Card","Battle Trance","Ornamental Fan","Inflame","Toxic Egg 2","Ghostly Armor+1","Anchor","Armaments+1","Flex+1","True Grit+1","True Grit+1"],"campfire_rested":1,"item_purchase_floors":[22,22,22,37,37,37,44,44,44,44,44],"current_hp_per_floor":[76,80,74,74,74,74,50,50,50,49,55,45,51,53,53,26,62,72,74,74,69,69,82,88,88,88,72,64,64,70,58,58,23,72,77,77,77,88,84,36,61,56,62,62,15,15,15,0],"gold":0,"neow_bonus":"RANDOM_COMMON_RELIC","is_prod":false,"is_daily":false,"chose_seed":false,"campfire_upgraded":5,"win_rate":0,"timestamp":1548788013,"path_taken":["M","M","?","?","M","R","E","R","T","M","M","E","M","?","R","BOSS","M","M","?","?","$","E","M","R","T","E","?","?","E","M","R","BOSS","M","?","$","M","?","E","R","M","T","$","E","M","?","M"],"build_version":"2019-01-23","purchased_purges":3,"victory":false,"max_hp_per_floor":[80,80,74,74,74,74,74,74,74,74,74,74,74,74,74,74,74,74,74,74,88,88,88,88,88,88,88,88,88,88,88,88,88,88,88,88,88,88,84,84,84,84,90,90,90,90,90,90],"card_choices":[{"not_picked":["Twin Strike","Reckless Charge","Armaments"],"picked":"SKIP","floor":1},{"not_picked":["Combust","Twin Strike"],"picked":"Perfected Strike","floor":2},{"not_picked":["Fire Breathing","Dual Wield"],"picked":"Perfected Strike","floor":5},{"not_picked":["Bludgeon","Shrug It Off"],"picked":"Sword Boomerang","floor":7},{"not_picked":["Searing Blow","Rupture"],"picked":"Wild Strike","floor":10},{"not_picked":["Armaments","Blood for Blood"],"picked":"Headbutt","floor":11},{"not_picked":["Dropkick","Havoc"],"picked":"Power Through","floor":12},{"not_picked":["Armaments","Combust"],"picked":"Perfected Strike","floor":13},{"not_picked":["Exhume","Dark Embrace"],"picked":"Reaper","floor":16},{"not_picked":[],"picked":"Disarm","floor":18},{"not_picked":["Blood for Blood"],"picked":"SKIP","floor":19},{"not_picked":[],"picked":"Ghostly Armor","floor":21},{"not_picked":["Sword Boomerang"],"picked":"SKIP","floor":23},{"not_picked":["True Grit"],"picked":"SKIP","floor":24},{"not_picked":["Anger"],"picked":"SKIP","floor":27},{"not_picked":["Sword Boomerang"],"picked":"SKIP","floor":30},{"not_picked":["Corruption"],"picked":"SKIP","floor":31},{"not_picked":["Pummel"],"picked":"SKIP","floor":35},{"not_picked":[],"picked":"Panacea","floor":36},{"not_picked":["Carnage"],"picked":"SKIP","floor":38},{"not_picked":["Heavy Blade"],"picked":"SKIP","floor":40},{"not_picked":["Sever Soul+1"],"picked":"SKIP","floor":42},{"not_picked":[],"picked":"Shockwave+1","floor":45},{"not_picked":[],"picked":"Evolve","floor":46}],"player_experience":412057,"relics_obtained":[{"floor":7,"key":"Bronze Scales"},{"floor":9,"key":"Juzu Bracelet"},{"floor":12,"key":"War Paint"},{"floor":14,"key":"Lantern"},{"floor":21,"key":"Mango"},{"floor":21,"key":"Darkstone Periapt"},{"floor":23,"key":"Happy Flower"},{"floor":26,"key":"Whetstone"},{"floor":27,"key":"Bag of Marbles"},{"floor":30,"key":"Thread and Needle"},{"floor":40,"key":"The Courier"},{"floor":43,"key":"Mercury Hourglass"},{"floor":45,"key":"Ancient Tea Set"}],"event_choices":[{"damage_healed":0,"gold_gain":0,"player_choice":"Lose Max HP","damage_taken":0,"relics_obtained":["Golden Idol"],"max_hp_gain":0,"max_hp_loss":6,"event_name":"Golden Idol","floor":3,"gold_loss":0},{"damage_healed":0,"gold_gain":0,"player_choice":"Grow","damage_taken":0,"max_hp_gain":0,"max_hp_loss":0,"event_name":"Living Wall","floor":4,"gold_loss":0,"cards_upgraded":["Perfected Strike"]},{"damage_healed":0,"gold_gain":0,"player_choice":"Searched \u00271\u0027 times","damage_taken":0,"max_hp_gain":0,"max_hp_loss":0,"event_name":"Dead Adventurer","floor":14,"gold_loss":0},{"damage_healed":0,"gold_gain":0,"player_choice":"Obtained Relic","damage_taken":0,"relics_obtained":["Pantograph"],"max_hp_gain":0,"max_hp_loss":0,"event_name":"Addict","floor":20,"gold_loss":85},{"damage_healed":0,"gold_gain":0,"player_choice":"Fight","damage_taken":0,"max_hp_gain":0,"max_hp_loss":0,"event_name":"Colosseum","floor":21,"gold_loss":0},{"damage_healed":0,"gold_gain":0,"player_choice":"Fought Nobs","damage_taken":0,"max_hp_gain":0,"max_hp_loss":0,"event_name":"Colosseum","floor":21,"gold_loss":0},{"damage_healed":0,"gold_gain":75,"player_choice":"Touch","damage_taken":8,"max_hp_gain":0,"max_hp_loss":0,"event_name":"FaceTrader","floor":28,"gold_loss":0},{"damage_healed":0,"gold_gain":0,"player_choice":"Read","damage_taken":0,"max_hp_gain":0,"max_hp_loss":0,"event_name":"The Library","floor":29,"gold_loss":0,"cards_obtained":["Shrug It Off"]},{"damage_healed":0,"gold_gain":0,"player_choice":"Memory 1","damage_taken":0,"max_hp_gain":0,"max_hp_loss":0,"event_name":"SensoryStone","floor":36,"gold_loss":0},{"damage_healed":0,"gold_gain":0,"player_choice":"Max HP","damage_taken":0,"max_hp_gain":0,"max_hp_loss":4,"event_name":"Winding Halls","floor":39,"gold_loss":0},{"damage_healed":0,"gold_gain":0,"player_choice":"Paid","damage_taken":0,"relics_obtained":["Red Mask"],"max_hp_gain":0,"max_hp_loss":0,"event_name":"Tomb of Lord Red Mask","floor":47,"gold_loss":233}],"is_beta":false,"boss_relics":[{"not_picked":["Runic Cube","Philosopher\u0027s Stone"],"picked":"Busted Crown"},{"not_picked":["Eternal Feather","Empty Cage"],"picked":"Cursed Key"}],"items_purged_floors":[22,37,44],"is_endless":false,"potions_floor_spawned":[2,5,10,13,14,18,21,24,33,42,46],"killed_by":"Transient","ascension_level":8}