{"gold_per_floor":[111,65,77,88,101,101,19,38,38,38,48,48,48,63,63,160,160,180,55,72,72,85,85,413,264,264,279,279,204,156,169,169,269,269,288,288,37,57,17,17,28,28,28,28,54,54,54,65,65,65,65,65,65,98,98],"floor_reached":55,"playtime":2442,"items_purged":["Strike_R","Strike_R"],"score":657,"play_id":"96bc26e2-b6a0-4c24-b6a4-4af907a4411a","local_time":"20190311222049","is_ascension_mode":false,"campfire_choices":[{"data":"Bash","floor":6,"key":"SMITH"},{"data":"Shrug It Off","floor":10,"key":"SMITH"},{"data":"Whirlwind","floor":12,"key":"SMITH"},{"data":"Iron Wave","floor":15,"key":"SMITH"},{"data":"Flex","floor":23,"key":"SMITH"},{"data":"Armaments","floor":28,"key":"SMITH"},{"data":"Pommel Strike","floor":32,"key":"SMITH"},{"data":"Limit Break","floor":40,"key":"SMITH"},{"data":"Apotheosis","floor":42,"key":"SMITH"},{"data":"Flex","floor":44,"key":"SMITH"},{"floor":47,"key":"RECALL"},{"data":"Injury","floor":49,"key":"PURGE"},{"data":"Defend_R","floor":52,"key":"PURGE"}],"neow_cost":"NONE","seed_source_timestamp":1408139858654139,"circlet_count":0,"master_deck":["Defend_R","Defend_R","Defend_R","Bash+1","Thunderclap","Shrug It Off+1","Iron Wave+1","Blood for Blood","Whirlwind+1","Pummel","Disarm","Headbutt","Limit Break+1","Flex+1","Armaments+1","Pommel Strike+1","Clash+1","Flex+1","Dual Wield+1","Reaper","Apotheosis+1","PanicButton","Battle Trance+1","Spot Weakness","Intimidate+1","Intimidate+1","True Grit+1","Heavy Blade"],"relics":["Burning Blood","Sozu","Old Coin","Thread and Needle","Cursed Key","Ice Cream","Peace Pipe","Bottled Lightning"],"potions_floor_usage":[11,24,55],"damage_taken":[{"damage":6,"enemies":"Jaw Worm","floor":1,"turns":6},{"damage":3,"enemies":"Small Slimes","floor":3,"turns":3},{"damage":1,"enemies":"Cultist","floor":4,"turns":3},{"damage":7,"enemies":"Looter","floor":5,"turns":3},{"damage":12,"enemies":"Exordium Wildlife","floor":8,"turns":4},{"damage":3,"enemies":"Gremlin Gang","floor":11,"turns":2},{"damage":6,"enemies":"Large Slime","floor":14,"turns":6},{"damage":40,"enemies":"Slime Boss","floor":16,"turns":9},{"damage":1,"enemies":"Chosen","floor":18,"turns":5},{"damage":18,"enemies":"Shell Parasite","floor":20,"turns":7},{"damage":26,"enemies":"Snake Plant","floor":22,"turns":4},{"damage":1,"enemies":"Slavers","floor":24,"turns":2},{"damage":13,"enemies":"Shelled Parasite and Fungi","floor":27,"turns":6},{"damage":1,"enemies":"Centurion and Healer","floor":31,"turns":4},{"damage":21,"enemies":"Champ","floor":33,"turns":9},{"damage":0,"enemies":"3 Shapes","floor":35,"turns":1},{"damage":21,"enemies":"3 Darklings","floor":38,"turns":4},{"damage":0,"enemies":"Jaw Worm Horde","floor":41,"turns":1},{"damage":18,"enemies":"Giant Head","floor":45,"turns":8},{"damage":3,"enemies":"Writhing Mass","floor":48,"turns":7},{"damage":39,"enemies":"Donu and Deca","floor":50,"turns":9},{"damage":35,"enemies":"Shield and Spear","floor":54,"turns":4},{"damage":68,"enemies":"The Heart","floor":55,"turns":5}],"seed_played":"-6571691196965846463","potions_obtained":[{"floor":3,"key":"SkillPotion"},{"floor":8,"key":"SteroidPotion"},{"floor":14,"key":"Weak Potion"}],"is_trial":false,"path_per_floor":["M","$","M","M","M","R","$","M","T","R","M","R","?","M","R","B",null,"M","$","M","?","M","R","E","$","T","M","R","?","$","M","R","B",null,"M","?","$","M","$","R","M","R","T","R","E","$","R","M","R","B",null,"R","$","E","B"],"character_chosen":"IRONCLAD","items_purchased":["Shrug It Off","Whirlwind","Flex","Pommel Strike","Flex","Apotheosis","PanicButton","Spot Weakness"],"campfire_rested":0,"item_purchase_floors":[2,7,19,25,30,37,37,39],"current_hp_per_floor":[80,80,80,80,79,79,79,73,73,73,76,76,76,76,76,42,80,80,80,68,68,48,48,53,53,53,46,46,46,46,51,51,36,80,80,80,80,65,65,65,71,71,71,71,77,77,77,80,80,78,80,80,80,65,0],"gold":98,"neow_bonus":"REMOVE_CARD","is_prod":false,"is_daily":false,"chose_seed":false,"campfire_upgraded":10,"win_rate":0,"timestamp":1552314049,"path_taken":["M","$","M","M","M","R","$","M","T","R","M","R","?","M","R","BOSS","M","$","M","?","?","R","E","$","T","M","R","?","?","?","R","BOSS","M","?","$","M","$","R","?","R","T","R","E","$","R","M","R","BOSS","R","$","E","BOSS"],"build_version":"2019-01-23","purchased_purges":2,"victory":false,"max_hp_per_floor":[80,80,80,80,80,80,80,80,80,80,80,80,80,80,80,80,80,80,80,80,80,80,80,80,80,80,80,80,80,80,80,80,80,80,80,80,80,80,80,80,80,80,80,80,80,80,80,80,80,80,80,80,80,80,80],"card_choices":[{"not_picked":["Warcry","Searing Blow"],"picked":"Thunderclap","floor":1},{"not_picked":["Havoc","Perfected Strike"],"picked":"Iron Wave","floor":3},{"not_picked":["Metallicize","Infernal Blade","Cleave"],"picked":"SKIP","floor":4},{"not_picked":["Clash","Wild Strike"],"picked":"Blood for Blood","floor":5},{"not_picked":["Burning Pact","Iron Wave"],"picked":"Pummel","floor":8},{"not_picked":["Anger","Body Slam"],"picked":"Disarm","floor":11},{"not_picked":["Cleave","Clothesline"],"picked":"Headbutt","floor":14},{"not_picked":["Brutality","Dark Embrace"],"picked":"Limit Break","floor":16},{"not_picked":["Iron Wave","Burning Pact"],"picked":"Dual Wield","floor":18},{"not_picked":["Corruption","Clash","Dual Wield"],"picked":"SKIP","floor":20},{"not_picked":["Cleave","Combust","Iron Wave"],"picked":"SKIP","floor":22},{"not_picked":["Havoc","Anger"],"picked":"Armaments","floor":24},{"not_picked":["Shockwave","Berserk"],"picked":"Clash+1","floor":27},{"not_picked":["Burning Pact","Cleave"],"picked":"Dual Wield+1","floor":31},{"not_picked":["Brutality","Bludgeon"],"picked":"Reaper","floor":33},{"not_picked":["Wild Strike","Pommel Strike","Perfected Strike"],"picked":"SKIP","floor":35},{"not_picked":["Pummel+1","Sword Boomerang+1"],"picked":"Battle Trance+1","floor":38},{"not_picked":["Sword Boomerang","True Grit+1"],"picked":"Intimidate+1","floor":41},{"not_picked":["Brutality","Bloodletting"],"picked":"Intimidate+1","floor":45},{"not_picked":["Pommel Strike+1","Searing Blow+1"],"picked":"True Grit+1","floor":48},{"not_picked":["Feel No Pain+1","Havoc+1"],"picked":"Heavy Blade","floor":54}],"player_experience":807893,"relics_obtained":[{"floor":24,"key":"Old Coin"},{"floor":26,"key":"Thread and Needle"},{"floor":43,"key":"Ice Cream"},{"floor":45,"key":"Peace Pipe"},{"floor":54,"key":"Bottled Lightning"}],"event_choices":[{"damage_healed":0,"gold_gain":0,"player_choice":"Leave","damage_taken":0,"max_hp_gain":0,"max_hp_loss":0,"event_name":"The Cleric","floor":13,"gold_loss":0},{"cards_removed":["Strike_R"],"damage_healed":0,"gold_gain":0,"player_choice":"Purged","damage_taken":0,"max_hp_gain":0,"max_hp_loss":0,"event_name":"Purifier","floor":21,"gold_loss":0},{"cards_removed":["Strike_R"],"damage_healed":0,"gold_gain":0,"player_choice":"Gave Gold","damage_taken":0,"max_hp_gain":0,"max_hp_loss":0,"event_name":"Beggar","floor":29,"gold_loss":75},{"cards_removed":["Dual Wield"],"damage_healed":0,"gold_gain":0,"player_choice":"Offered Uncommon","damage_taken":0,"max_hp_gain":0,"max_hp_loss":0,"event_name":"Bonfire Elementals","floor":36,"gold_loss":0}],"is_beta":false,"boss_relics":[{"not_picked":["Eternal Feather","Velvet Choker"],"picked":"Sozu"},{"not_picked":["Runic Dome","Black Blood"],"picked":"Cursed Key"}],"items_purged_floors":[19,25],"is_endless":false,"potions_floor_spawned":[3,8,14,20,22,24,35,54],"killed_by":"The Heart","ascension_level":0}