{"gold_per_floor":[113,113,128,146,63,93,105,134,134,168,168,93,93,15,15,88,88,100,112,112,132,132,132,132,132,132,57,57,74,74,94,94,165,165,183,262,262,262,280,280,280,280,307,307,27,37,51,65,65,65],"floor_reached":51,"playtime":2390,"items_purged":[],"score":1253,"play_id":"304fb6b4-6613-467c-a89b-65b14149bfac","local_time":"20190403191524","is_ascension_mode":true,"campfire_choices":[{"floor":11,"key":"REST"},{"data":"Leap","floor":13,"key":"SMITH"},{"data":"Leap","floor":15,"key":"SMITH"},{"data":"Zap","floor":23,"key":"SMITH"},{"data":"Dualcast","floor":30,"key":"SMITH"},{"data":"Seek","floor":32,"key":"SMITH"},{"data":"Enlightenment","floor":40,"key":"SMITH"},{"floor":42,"key":"REST"},{"data":"Seek","floor":44,"key":"SMITH"},{"data":"Electrodynamics","floor":49,"key":"SMITH"}],"neow_cost":"NONE","seed_source_timestamp":1762714202509000,"circlet_count":0,"master_deck":["AscendersBane","Defend_B","Zap+1","Dualcast+1","Leap+1","Cold Snap","Melter","Leap+1","Cold Snap","Electrodynamics+1","FTL+1","Core Surge","Self Repair","Glacier","Conserve Battery","Go for the Eyes","Seek+1","Rebound+1","Core Surge","Compile Driver","Tempest+1","Seek+1","Enlightenment+1","Consume+1","Coolheaded","Undo","Go for the Eyes","Compile Driver+1"],"relics":["Cracked Core","Regal Pillow","Juzu Bracelet","Darkstone Periapt","Odd Mushroom","Matryoshka","Ancient Tea Set","Sozu","NlothsMask","StoneCalendar","Empty Cage","Strawberry","Gremlin Horn","Whetstone","Runic Capacitor"],"potions_floor_usage":[6,8,10,41],"damage_taken":[{"damage":0,"enemies":"2 Louse","floor":1,"turns":2},{"damage":0,"enemies":"Small Slimes","floor":3,"turns":3},{"damage":0,"enemies":"Cultist","floor":4,"turns":3},{"damage":20,"enemies":"Lagavulin","floor":6,"turns":7},{"damage":2,"enemies":"2 Fungi Beasts","floor":7,"turns":4},{"damage":10,"enemies":"The Mushroom Lair","floor":8,"turns":4},{"damage":10,"enemies":"Gremlin Nob","floor":10,"turns":4},{"damage":43,"enemies":"The Guardian","floor":16,"turns":16},{"damage":5,"enemies":"3 Byrds","floor":18,"turns":4},{"damage":0,"enemies":"Shell Parasite","floor":19,"turns":6},{"damage":0,"enemies":"Centurion and Healer","floor":21,"turns":13},{"damage":0,"enemies":"Sentry and Sphere","floor":29,"turns":3},{"damage":5,"enemies":"Chosen and Byrds","floor":31,"turns":5},{"damage":70,"enemies":"Automaton","floor":33,"turns":13},{"damage":0,"enemies":"Orb Walker","floor":35,"turns":4},{"damage":12,"enemies":"3 Darklings","floor":39,"turns":2},{"damage":16,"enemies":"Nemesis","floor":41,"turns":6},{"damage":0,"enemies":"Sphere and 2 Shapes","floor":46,"turns":2},{"damage":0,"enemies":"4 Shapes","floor":47,"turns":4},{"damage":0,"enemies":"Transient","floor":48,"turns":6},{"damage":18,"enemies":"Awakened One","floor":50,"turns":29}],"seed_played":"2649668937293487197","potions_obtained":[{"floor":3,"key":"Strength Potion"},{"floor":4,"key":"Ancient Potion"},{"floor":6,"key":"FearPotion"},{"floor":10,"key":"SmokeBomb"}],"is_trial":false,"path_per_floor":["M","?","M","M","$","E","M","?","T","E","R","?","R","$","R","B",null,"M","M","?","M","?","R","?","?","T","?","?","M","R","M","R","B",null,"M","T","?","?","M","R","E","R","T","R","$","M","M","M","R","B",null],"character_chosen":"DEFECT","items_purchased":["Leap","Cold Snap","Self Repair","Runic Capacitor","Coolheaded"],"campfire_rested":2,"item_purchase_floors":[5,5,14,45,45],"current_hp_per_floor":[64,53,53,53,53,33,31,21,21,11,47,47,47,47,47,11,56,58,65,65,71,71,71,71,71,71,71,71,71,71,71,71,8,55,62,69,69,69,64,64,55,74,74,74,74,74,74,74,74,63],"gold":65,"neow_bonus":"RANDOM_COMMON_RELIC","is_prod":false,"is_daily":false,"chose_seed":false,"campfire_upgraded":8,"win_rate":0,"timestamp":1554311724,"path_taken":["M","?","M","M","$","E","M","?","T","E","R","?","R","$","R","BOSS","M","M","?","M","?","R","?","?","T","?","?","M","R","M","R","BOSS","M","?","?","?","M","R","E","R","T","R","$","M","M","M","R","BOSS"],"build_version":"2019-01-23","purchased_purges":0,"victory":true,"max_hp_per_floor":[71,71,71,71,71,71,71,71,71,71,71,71,71,71,71,71,71,71,71,71,71,71,71,71,71,71,71,71,71,71,71,71,71,71,71,78,78,74,74,74,74,74,74,74,74,74,74,74,74,74],"card_choices":[{"not_picked":["Steam","Storm"],"picked":"Leap","floor":1},{"not_picked":["Reinforced Body","Leap"],"picked":"Cold Snap","floor":3},{"not_picked":["Beam Cell","Blizzard"],"picked":"Melter","floor":4},{"not_picked":["Leap","Steam Power"],"picked":"Electrodynamics","floor":6},{"not_picked":["Chaos","Beam Cell"],"picked":"FTL","floor":7},{"not_picked":["Aggregate","Doom and Gloom"],"picked":"Core Surge","floor":10},{"not_picked":["Barrage","Cold Snap"],"picked":"Glacier","floor":18},{"not_picked":["Stack","BootSequence"],"picked":"Conserve Battery","floor":19},{"not_picked":["Steam","Rip and Tear"],"picked":"Rebound","floor":21},{"not_picked":["Steam","Scrape"],"picked":"Compile Driver","floor":29},{"not_picked":["Lockon","Rebound"],"picked":"Tempest+1","floor":31},{"not_picked":["Hyperbeam","Meteor Strike"],"picked":"Seek","floor":33},{"not_picked":["Barrage","Stack+1","Compile Driver"],"picked":"SKIP","floor":35},{"not_picked":["Impatience","Bandage Up"],"picked":"Enlightenment","floor":37},{"not_picked":["Meteor Strike","Sweeping Beam"],"picked":"Consume+1","floor":39},{"not_picked":["Self Repair","Gash"],"picked":"Undo","floor":46},{"not_picked":["Genetic Algorithm","Reprogram+1"],"picked":"Go for the Eyes","floor":47},{"not_picked":["Redo","Hologram+1"],"picked":"Compile Driver+1","floor":48}],"player_experience":574345,"relics_obtained":[{"floor":6,"key":"Darkstone Periapt"},{"floor":8,"key":"Odd Mushroom"},{"floor":9,"key":"Matryoshka"},{"floor":10,"key":"Ancient Tea Set"},{"floor":26,"key":"StoneCalendar"},{"floor":36,"key":"Strawberry"},{"floor":36,"key":"Gremlin Horn"},{"floor":43,"key":"Whetstone"}],"event_choices":[{"damage_healed":0,"gold_gain":0,"player_choice":"Success","damage_taken":11,"relics_obtained":["Juzu Bracelet"],"max_hp_gain":0,"max_hp_loss":0,"event_name":"Scrap Ooze","floor":2,"gold_loss":0},{"damage_healed":0,"gold_gain":0,"player_choice":"Fought Mushrooms","damage_taken":0,"max_hp_gain":0,"max_hp_loss":0,"event_name":"Mushrooms","floor":8,"gold_loss":0},{"cards_removed":["Strike_B"],"damage_healed":0,"gold_gain":0,"player_choice":"Card Removal","damage_taken":0,"max_hp_gain":0,"max_hp_loss":0,"event_name":"The Cleric","floor":12,"gold_loss":75},{"damage_healed":0,"gold_gain":0,"cards_transformed":["Strike_B","Strike_B"],"player_choice":"Became Test Subject","damage_taken":0,"max_hp_gain":0,"max_hp_loss":0,"event_name":"Drug Dealer","floor":20,"gold_loss":0,"cards_obtained":["Go for the Eyes","Seek"]},{"cards_removed":["Defend_B"],"damage_healed":0,"gold_gain":0,"player_choice":"Purged","damage_taken":0,"max_hp_gain":0,"max_hp_loss":0,"event_name":"Purifier","floor":22,"gold_loss":0},{"damage_healed":0,"gold_gain":0,"player_choice":"Ignored","damage_taken":0,"max_hp_gain":0,"max_hp_loss":0,"event_name":"Vampires","floor":24,"gold_loss":0},{"damage_healed":0,"gold_gain":0,"player_choice":"Trade","damage_taken":0,"relics_obtained":["NlothsMask"],"max_hp_gain":0,"max_hp_loss":0,"event_name":"FaceTrader","floor":25,"gold_loss":0},{"cards_removed":["Strike_B"],"damage_healed":0,"gold_gain":0,"player_choice":"Gave Gold","damage_taken":0,"max_hp_gain":0,"max_hp_loss":0,"event_name":"Beggar","floor":27,"gold_loss":75},{"damage_healed":0,"gold_gain":0,"player_choice":"Copied","damage_taken":0,"max_hp_gain":0,"max_hp_loss":0,"event_name":"Duplicator","floor":28,"gold_loss":0,"cards_obtained":["Core Surge"]},{"damage_healed":0,"gold_gain":0,"player_choice":"Memory 1","damage_taken":0,"max_hp_gain":0,"max_hp_loss":0,"event_name":"SensoryStone","floor":37,"gold_loss":0},{"damage_healed":0,"gold_gain":0,"player_choice":"Max HP","damage_taken":0,"max_hp_gain":0,"max_hp_loss":4,"event_name":"Winding Halls","floor":38,"gold_loss":0}],"is_beta":false,"boss_relics":[{"not_picked":["Orrery","Astrolabe"],"picked":"Sozu"},{"not_picked":["Runic Dome","Pandora\u0027s Box"],"picked":"Empty Cage"}],"items_purged_floors":[],"is_endless":false,"potions_floor_spawned":[3,4,6,10,19,31,41,47],"ascension_level":18}