{"gold_per_floor":[119,119,119,139,12,12,38,52,52,67,77,77,110,110,110,212,212,223,223,242,242,253,253,353,353,353,365,384,395,8,63,63,167,167,200,125,125,125,162,190,190,290,316,316,59,93,105,92,92,92],"floor_reached":51,"playtime":2613,"items_purged":["Defend_R","Strike_R"],"score":1110,"play_id":"6fe26128-a834-44fd-8bf4-acba643e18d6","local_time":"20190131195628","is_ascension_mode":true,"campfire_choices":[{"data":"Uppercut","floor":6,"key":"SMITH"},{"data":"Sword Boomerang","floor":12,"key":"SMITH"},{"data":"Barricade","floor":15,"key":"SMITH"},{"data":"Bash","floor":23,"key":"SMITH"},{"data":"Clothesline","floor":25,"key":"SMITH"},{"floor":32,"key":"REST"},{"floor":41,"key":"REST"},{"data":"Demon Form","floor":44,"key":"SMITH"},{"data":"Carnage","floor":47,"key":"SMITH"},{"data":"Heavy Blade","floor":49,"key":"SMITH"}],"neow_cost":"NONE","seed_source_timestamp":617906923665400,"circlet_count":0,"master_deck":["Strike_R+1","Strike_R+1","Defend_R","Defend_R","Defend_R","Bash+1","Pommel Strike","Uppercut+1","Spot Weakness","Sword Boomerang+1","Twin Strike","Flame Barrier+1","True Grit+1","Barricade+1","Double Tap+1","Clothesline+1","Carnage+1","Body Slam","Shrug It Off+1","Heavy Blade+1","HandOfGreed","Immolate","Demon Form+1","Perfected Strike","Shrug It Off+1","Reaper","Shrug It Off+1"],"relics":["Burning Blood","Whetstone","Toxic Egg 2","Mercury Hourglass","PreservedInsect","Snecko Eye","Bronze Scales","Orichalcum","Girya","Busted Crown","Champion Belt","Pocketwatch","Pen Nib","Oddly Smooth Stone","MawBank"],"potions_floor_usage":[10,16,18,22,27,40,50],"damage_taken":[{"damage":1,"enemies":"2 Louse","floor":1,"turns":3},{"damage":0,"enemies":"Small Slimes","floor":4,"turns":3},{"damage":25,"enemies":"Lagavulin","floor":7,"turns":6},{"damage":0,"enemies":"Cultist","floor":8,"turns":3},{"damage":2,"enemies":"2 Fungi Beasts","floor":10,"turns":2},{"damage":12,"enemies":"Lots of Slimes","floor":11,"turns":3},{"damage":11,"enemies":"3 Sentries","floor":13,"turns":6},{"damage":9,"enemies":"Hexaghost","floor":16,"turns":9},{"damage":11,"enemies":"Spheric Guardian","floor":18,"turns":6},{"damage":0,"enemies":"Chosen","floor":20,"turns":3},{"damage":8,"enemies":"Shelled Parasite and Fungi","floor":22,"turns":4},{"damage":16,"enemies":"Sentry and Sphere","floor":27,"turns":4},{"damage":26,"enemies":"Snake Plant","floor":28,"turns":3},{"damage":7,"enemies":"Centurion and Healer","floor":29,"turns":4},{"damage":0,"enemies":"Slavers","floor":31,"turns":2},{"damage":64,"enemies":"Automaton","floor":33,"turns":8},{"damage":1,"enemies":"3 Shapes","floor":35,"turns":3},{"damage":5,"enemies":"Orb Walker","floor":39,"turns":3},{"damage":34,"enemies":"Reptomancer","floor":40,"turns":3},{"damage":11,"enemies":"Mind Bloom Boss Battle","floor":42,"turns":4},{"damage":0,"enemies":"Giant Head","floor":46,"turns":3},{"damage":57,"enemies":"Awakened One","floor":50,"turns":7}],"seed_played":"8690226523205903037","potions_obtained":[{"floor":4,"key":"Explosive Potion"},{"floor":10,"key":"SteroidPotion"},{"floor":13,"key":"Block Potion"},{"floor":16,"key":"Block Potion"},{"floor":22,"key":"Explosive Potion"},{"floor":31,"key":"SpeedPotion"},{"floor":35,"key":"Regen Potion"},{"floor":46,"key":"GamblersBrew"}],"is_trial":false,"path_per_floor":["M","?","?","M","$","R","E","M","T","M","M","R","E","?","R","B",null,"M","?","M","?","M","R","?","R","T","M","M","M","$","E","R","B",null,"M","$","?","$","M","E","R","?","T","R","$","E","R","$","R","B",null],"character_chosen":"IRONCLAD","items_purchased":["Spot Weakness","Sword Boomerang","HandOfGreed","Orichalcum","Dexterity Potion","Oddly Smooth Stone","Shrug It Off+1"],"campfire_rested":2,"item_purchase_floors":[5,5,30,30,30,45,48],"current_hp_per_floor":[77,77,70,76,76,76,57,63,63,67,61,61,56,56,56,53,73,68,68,74,74,72,72,72,72,72,62,42,41,41,47,71,13,63,68,68,68,68,69,50,74,69,69,69,69,75,75,75,75,24],"gold":92,"neow_bonus":"RANDOM_COMMON_RELIC","is_prod":false,"is_daily":false,"chose_seed":false,"campfire_upgraded":8,"win_rate":0,"timestamp":1548960988,"path_taken":["M","?","?","M","$","R","E","M","T","M","M","R","E","?","R","BOSS","M","?","M","?","?","R","?","R","T","M","M","M","$","E","R","BOSS","M","?","?","$","?","E","R","?","T","R","$","E","R","$","R","BOSS"],"build_version":"2019-01-23","purchased_purges":2,"victory":true,"max_hp_per_floor":[80,80,80,80,80,80,80,80,80,80,80,80,80,80,80,80,80,80,80,80,80,80,80,80,80,80,80,80,80,80,80,80,80,80,80,80,80,80,80,80,80,80,80,80,80,80,80,80,80,80],"card_choices":[{"not_picked":["True Grit","Anger"],"picked":"Pommel Strike","floor":1},{"not_picked":["Combust","Heavy Blade"],"picked":"Uppercut","floor":4},{"not_picked":["Rupture","Carnage"],"picked":"Twin Strike","floor":7},{"not_picked":["Metallicize","Cleave"],"picked":"Flame Barrier+1","floor":8},{"not_picked":["Havoc+1","Twin Strike","Anger"],"picked":"SKIP","floor":10},{"not_picked":["Fire Breathing","Havoc+1"],"picked":"True Grit+1","floor":11},{"not_picked":["Perfected Strike","Anger"],"picked":"Barricade","floor":13},{"not_picked":["Reaper","Exhume+1"],"picked":"Double Tap+1","floor":16},{"not_picked":["Inflame","Intimidate+1"],"picked":"Clothesline","floor":18},{"not_picked":["Cleave+1","Sword Boomerang"],"picked":"Carnage","floor":20},{"not_picked":["Blood for Blood+1","Rampage"],"picked":"Body Slam","floor":22},{"not_picked":["Headbutt+1","Reckless Charge+1","Flex+1"],"picked":"SKIP","floor":27},{"not_picked":["Twin Strike","Wild Strike"],"picked":"Shrug It Off+1","floor":28},{"not_picked":["Searing Blow","True Grit+1"],"picked":"Heavy Blade","floor":29},{"not_picked":["Pummel+1","Clash"],"picked":"Immolate","floor":31},{"not_picked":["Berserk","Offering+1"],"picked":"Demon Form","floor":33},{"not_picked":["True Grit+1"],"picked":"SKIP","floor":35},{"not_picked":["Burning Pact+1"],"picked":"SKIP","floor":39},{"not_picked":[],"picked":"Perfected Strike","floor":40},{"not_picked":[],"picked":"Shrug It Off+1","floor":42},{"not_picked":[],"picked":"Reaper","floor":46}],"player_experience":422198,"relics_obtained":[{"floor":7,"key":"Toxic Egg 2"},{"floor":9,"key":"Mercury Hourglass"},{"floor":13,"key":"PreservedInsect"},{"floor":26,"key":"Bronze Scales"},{"floor":31,"key":"Girya"},{"floor":40,"key":"Champion Belt"},{"floor":42,"key":"Pocketwatch"},{"floor":43,"key":"Pen Nib"},{"floor":46,"key":"MawBank"}],"event_choices":[{"damage_healed":0,"gold_gain":0,"player_choice":"Leave","damage_taken":0,"max_hp_gain":0,"max_hp_loss":0,"event_name":"The Cleric","floor":2,"gold_loss":0},{"cards_removed":["Strike_R"],"damage_healed":0,"gold_gain":0,"player_choice":"Card Removal","damage_taken":7,"max_hp_gain":0,"max_hp_loss":0,"event_name":"Golden Wing","floor":3,"gold_loss":0},{"damage_healed":0,"gold_gain":0,"player_choice":"Ignored","damage_taken":0,"max_hp_gain":0,"max_hp_loss":0,"event_name":"Liars Game","floor":14,"gold_loss":0},{"damage_healed":0,"gold_gain":0,"player_choice":"Ignored","damage_taken":0,"max_hp_gain":0,"max_hp_loss":0,"event_name":"Ghosts","floor":19,"gold_loss":0},{"cards_removed":["Strike_R"],"damage_healed":0,"gold_gain":0,"player_choice":"Offered Basic","damage_taken":0,"max_hp_gain":0,"max_hp_loss":0,"event_name":"Bonfire Elementals","floor":21,"gold_loss":0},{"damage_healed":0,"gold_gain":100,"player_choice":"Pray","damage_taken":0,"max_hp_gain":0,"max_hp_loss":0,"event_name":"Golden Shrine","floor":24,"gold_loss":0},{"damage_healed":0,"gold_gain":0,"player_choice":"Ignored","damage_taken":0,"max_hp_gain":0,"max_hp_loss":0,"event_name":"Tomb of Lord Red Mask","floor":37,"gold_loss":0},{"damage_healed":0,"gold_gain":0,"player_choice":"Fight","damage_taken":0,"max_hp_gain":0,"max_hp_loss":0,"event_name":"MindBloom","floor":42,"gold_loss":0}],"is_beta":false,"boss_relics":[{"not_picked":["Black Blood","Empty Cage"],"picked":"Snecko Eye"},{"not_picked":["Eternal Feather","Runic Dome"],"picked":"Busted Crown"}],"items_purged_floors":[36,45],"is_endless":false,"potions_floor_spawned":[4,10,13,16,22,31,35,46],"ascension_level":9}