{"gold_per_floor":[116,191,141,156,169,204,204,231,531,547,176,195,95,114,114,218,218,232,248,248,111,130,130,162,162,162,181,196,47,64,74,74,74],"floor_reached":33,"playtime":2556,"items_purged":["Strike_R","Strike_R","Writhe"],"score":323,"play_id":"acd7a2ac-ee45-4851-b11f-3f4e8803ab6a","local_time":"20190308002006","is_ascension_mode":true,"campfire_choices":[{"data":"Uppercut","floor":7,"key":"SMITH"},{"floor":15,"key":"REST"},{"floor":23,"key":"REST"},{"floor":25,"key":"REST"},{"floor":32,"key":"REST"}],"neow_cost":"NONE","seed_source_timestamp":0,"circlet_count":0,"master_deck":["Strike_R","Defend_R","Defend_R","Defend_R","Defend_R","Bash","Blood for Blood","Flame Barrier","Uppercut+1","Shrug It Off","Flex","Disarm","Cleave","Swift Strike","Violence","Whirlwind","Battle Trance","Double Tap","Dual Wield","True Grit+1","Limit Break","Spot Weakness+1","Heavy Blade+1","Anger","Shrug It Off","Anger","Rampage+1"],"special_seed":0,"relics":["Burning Blood","Torii","Shuriken","Old Coin","Sozu","Ornamental Fan","Mummified Hand","Bottled Flame"],"potions_floor_usage":[6,6,12,22],"damage_taken":[{"damage":18,"enemies":"Jaw Worm","floor":1,"turns":5},{"damage":5,"enemies":"2 Louse","floor":4,"turns":4},{"damage":7,"enemies":"Small Slimes","floor":5,"turns":4},{"damage":10,"enemies":"3 Sentries","floor":6,"turns":9},{"damage":35,"enemies":"Gremlin Nob","floor":8,"turns":5},{"damage":1,"enemies":"Red Slaver","floor":10,"turns":5},{"damage":28,"enemies":"Gremlin Gang","floor":12,"turns":4},{"damage":2,"enemies":"Exordium Wildlife","floor":14,"turns":4},{"damage":8,"enemies":"Hexaghost","floor":16,"turns":10},{"damage":32,"enemies":"2 Thieves","floor":18,"turns":3},{"damage":15,"enemies":"Shell Parasite","floor":19,"turns":4},{"damage":31,"enemies":"Snake Plant","floor":22,"turns":4},{"damage":22,"enemies":"Book of Stabbing","floor":24,"turns":7},{"damage":9,"enemies":"Snecko","floor":27,"turns":4},{"damage":7,"enemies":"Cultist and Chosen","floor":28,"turns":3},{"damage":15,"enemies":"Centurion and Healer","floor":30,"turns":4},{"damage":27,"enemies":"Shelled Parasite and Fungi","floor":31,"turns":5},{"damage":42,"enemies":"Champ","floor":33,"turns":8}],"seed_played":"642323175380573083","potions_obtained":[{"floor":4,"key":"Fire Potion"},{"floor":5,"key":"BloodPotion"},{"floor":8,"key":"SpeedPotion"},{"floor":10,"key":"Explosive Potion"}],"is_trial":false,"path_per_floor":["M","?","?","M","M","E","R","E","T","M","$","M","$","M","R","B",null,"M","M","?","$","M","R","E","R","T","M","M","$","M","M","R","B"],"character_chosen":"IRONCLAD","items_purchased":["Cleave","Swift Strike","Violence","Limit Break","Anger"],"campfire_rested":4,"item_purchase_floors":[11,11,11,21,29],"current_hp_per_floor":[68,57,57,58,57,61,61,32,32,37,37,15,15,19,43,41,80,54,45,45,45,20,44,28,52,52,49,48,48,39,18,42,0],"gold":74,"neow_bonus":"TRANSFORM_CARD","is_prod":false,"is_daily":false,"chose_seed":false,"campfire_upgraded":1,"win_rate":0,"timestamp":1552000806,"path_taken":["M","?","?","M","M","E","R","E","T","M","?","M","$","M","R","BOSS","M","M","?","$","M","R","E","R","T","M","M","$","M","M","R","BOSS"],"build_version":"2019-01-23","purchased_purges":3,"victory":false,"max_hp_per_floor":[80,80,80,80,80,80,80,80,80,80,80,80,80,80,80,80,80,80,80,80,80,80,80,80,80,80,80,80,80,80,80,80,80],"card_choices":[{"not_picked":["True Grit","Burning Pact"],"picked":"Flame Barrier","floor":1},{"not_picked":["Second Wind","Pummel"],"picked":"Uppercut","floor":4},{"not_picked":["Pummel","Searing Blow"],"picked":"Shrug It Off","floor":5},{"not_picked":["Fire Breathing","Headbutt","Clash"],"picked":"SKIP","floor":6},{"not_picked":["Rupture","Hemokinesis"],"picked":"Flex","floor":8},{"not_picked":["Clash","Havoc"],"picked":"Disarm","floor":10},{"not_picked":["Combust","Sever Soul"],"picked":"Whirlwind","floor":12},{"not_picked":["Offering","Perfected Strike"],"picked":"Battle Trance","floor":14},{"not_picked":["Feed","Fiend Fire"],"picked":"Double Tap","floor":16},{"not_picked":["Clash","Havoc"],"picked":"Dual Wield","floor":18},{"not_picked":["Dual Wield","Heavy Blade"],"picked":"True Grit+1","floor":19},{"not_picked":["Flame Barrier","Feel No Pain"],"picked":"Spot Weakness+1","floor":22},{"not_picked":["Carnage+1","Limit Break"],"picked":"Heavy Blade+1","floor":24},{"not_picked":["Twin Strike+1","Havoc"],"picked":"Anger","floor":27},{"not_picked":["Shrug It Off","Body Slam","Perfected Strike"],"picked":"SKIP","floor":28},{"not_picked":["Body Slam","Perfected Strike"],"picked":"Shrug It Off","floor":28},{"not_picked":["Twin Strike","True Grit","Warcry"],"picked":"SKIP","floor":30},{"not_picked":["Battle Trance","Carnage+1"],"picked":"Rampage+1","floor":31}],"player_experience":325868,"relics_obtained":[{"floor":6,"key":"Torii"},{"floor":8,"key":"Shuriken"},{"floor":9,"key":"Old Coin"},{"floor":24,"key":"Mummified Hand"},{"floor":26,"key":"Bottled Flame"}],"event_choices":[{"damage_healed":0,"gold_gain":75,"player_choice":"Gather Gold","damage_taken":11,"max_hp_gain":0,"max_hp_loss":0,"event_name":"World of Goop","floor":2,"gold_loss":0},{"cards_removed":["Strike_R"],"damage_healed":0,"gold_gain":0,"player_choice":"Card Removal","damage_taken":0,"max_hp_gain":0,"max_hp_loss":0,"event_name":"The Cleric","floor":3,"gold_loss":50},{"damage_healed":0,"gold_gain":0,"player_choice":"Opened","damage_taken":0,"relics_obtained":["Ornamental Fan"],"max_hp_gain":0,"max_hp_loss":0,"event_name":"The Mausoleum","floor":20,"gold_loss":0,"cards_obtained":["Writhe"]}],"is_beta":false,"boss_relics":[{"not_picked":["White Beast Statue","Calling Bell"],"picked":"Sozu"}],"items_purged_floors":[11,13,29],"is_endless":false,"potions_floor_spawned":[4,5,8,10,24,27,28,30],"killed_by":"Champ","ascension_level":3}