{"gold_per_floor":[109,109,109,129,129,146,146,1,27,27,39,39,51,51,51,154,154,165,90,103,103,103,122,122,135,135,149,167,20,20,20,20,118,118,130,230,230,105,122,122,122,134,158,158,168,78,78,97,97,97],"floor_reached":51,"playtime":3889,"items_purged":["Ball Lightning","Turbo","Coolheaded"],"score":612,"play_id":"5d749922-2909-4574-a1bb-a78e3e460380","local_time":"20190418010310","is_ascension_mode":false,"campfire_choices":[{"data":"Darkness","floor":7,"key":"SMITH"},{"data":"Darkness","floor":12,"key":"SMITH"},{"data":"Conserve Battery","floor":15,"key":"SMITH"},{"data":"Seek","floor":24,"key":"SMITH"},{"floor":30,"key":"REST"},{"floor":32,"key":"REST"},{"data":"Conserve Battery","floor":40,"key":"SMITH"},{"floor":44,"key":"REST"},{"floor":47,"key":"REST"},{"floor":49,"key":"REST"}],"neow_cost":"NONE","seed_source_timestamp":598841504227241,"circlet_count":0,"master_deck":["Dualcast+1","Seek+1","Darkness+1","BootSequence","Conserve Battery+1","Leap+1","Darkness+1","Core Surge","Defragment","Core Surge","Conserve Battery+1","Biased Cognition","Redo+1","Loop+1"],"relics":["Pandora\u0027s Box"],"potions_floor_usage":[28,33,33,33,33,36,50,50,50],"damage_taken":[{"damage":1,"enemies":"Jaw Worm","floor":1,"turns":2},{"damage":0,"enemies":"Small Slimes","floor":4,"turns":2},{"damage":0,"enemies":"2 Louse","floor":6,"turns":2},{"damage":0,"enemies":"Exordium Thugs","floor":11,"turns":3},{"damage":0,"enemies":"2 Fungi Beasts","floor":13,"turns":2},{"damage":17,"enemies":"Hexaghost","floor":16,"turns":6},{"damage":11,"enemies":"2 Thieves","floor":18,"turns":4},{"damage":0,"enemies":"Spheric Guardian","floor":20,"turns":3},{"damage":2,"enemies":"Snake Plant","floor":23,"turns":3},{"damage":10,"enemies":"Centurion and Healer","floor":25,"turns":3},{"damage":10,"enemies":"Sentry and Sphere","floor":27,"turns":5},{"damage":6,"enemies":"Snecko","floor":28,"turns":4},{"damage":36,"enemies":"Collector","floor":33,"turns":15},{"damage":23,"enemies":"Orb Walker","floor":35,"turns":5},{"damage":0,"enemies":"Mind Bloom Boss Battle","floor":36,"turns":5},{"damage":7,"enemies":"3 Shapes","floor":39,"turns":5},{"damage":7,"enemies":"Spire Growth","floor":42,"turns":5},{"damage":12,"enemies":"Transient","floor":45,"turns":5},{"damage":8,"enemies":"Sphere and 2 Shapes","floor":48,"turns":6},{"damage":60,"enemies":"Time Eater","floor":50,"turns":7}],"seed_played":"8155210585502921416","potions_obtained":[{"floor":1,"key":"EntropicBrew"},{"floor":6,"key":"Poison Potion"},{"floor":25,"key":"SteroidPotion"},{"floor":27,"key":"GamblersBrew"},{"floor":33,"key":"EssenceOfSteel"},{"floor":36,"key":"Energy Potion"},{"floor":45,"key":"PowerPotion"}],"is_trial":false,"path_per_floor":["M","?","?","M","?","M","R","$","T","?","M","R","M","?","R","B",null,"M","?","M","?","?","M","R","M","T","M","M","$","R","?","R","B",null,"M","?","?","$","M","R","$","M","T","R","M","?","R","M","R","B",null],"character_chosen":"DEFECT","items_purchased":["Darkness","Conserve Battery"],"campfire_rested":5,"item_purchase_floors":[8,29],"current_hp_per_floor":[74,74,74,74,74,74,74,74,74,74,74,74,74,75,75,58,75,64,64,64,64,64,62,62,52,52,42,36,36,58,44,68,32,80,57,57,57,57,50,50,50,43,43,67,55,55,79,71,80,20],"gold":97,"neow_bonus":"BOSS_RELIC","is_prod":false,"is_daily":false,"chose_seed":false,"campfire_upgraded":5,"win_rate":0,"timestamp":1555567390,"path_taken":["M","?","?","M","?","?","R","$","T","?","M","R","M","?","R","BOSS","M","?","M","?","?","M","R","M","T","M","M","$","R","?","R","BOSS","M","?","?","$","M","R","$","M","T","R","M","?","R","M","R","BOSS"],"build_version":"2019-01-23","purchased_purges":3,"victory":true,"max_hp_per_floor":[75,75,75,75,75,75,75,75,75,75,75,75,75,75,75,75,75,75,75,75,75,75,75,75,75,75,75,75,75,75,80,80,80,80,80,80,80,80,80,80,80,80,80,80,80,80,80,80,80,80],"card_choices":[{"not_picked":["Go for the Eyes","Cold Snap","Rebound"],"picked":"SKIP","floor":1},{"not_picked":["Hologram","Turbo"],"picked":"Conserve Battery","floor":4},{"not_picked":["Sweeping Beam","BootSequence"],"picked":"Leap","floor":6},{"not_picked":["Force Field","Ball Lightning"],"picked":"Leap","floor":11},{"not_picked":["Double Energy","Fusion","Compile Driver"],"picked":"SKIP","floor":13},{"not_picked":["Echo Form","Electrodynamics"],"picked":"Core Surge","floor":16},{"not_picked":["Tempest","Compile Driver+1","Steam Power"],"picked":"SKIP","floor":18},{"not_picked":["Consume","Reinforced Body"],"picked":"Defragment","floor":20},{"not_picked":["Coolheaded","Compile Driver","Beam Cell"],"picked":"SKIP","floor":23},{"not_picked":["Heatsinks","Steam","Sweeping Beam"],"picked":"SKIP","floor":25},{"not_picked":["Recycle","Streamline","Auto Shields"],"picked":"SKIP","floor":27},{"not_picked":["Heatsinks","Sunder"],"picked":"Coolheaded","floor":28},{"not_picked":["Multi-Cast","Thunder Strike"],"picked":"Biased Cognition","floor":33},{"not_picked":["Auto Shields","Self Repair+1","Leap+1"],"picked":"SKIP","floor":35},{"not_picked":["Hologram+1","Undo"],"picked":"Redo+1","floor":36},{"not_picked":["Rebound","Streamline+1","Darkness"],"picked":"SKIP","floor":39},{"not_picked":["Defragment+1","Heatsinks","Stack"],"picked":"SKIP","floor":42},{"not_picked":["Defragment+1","Heatsinks","Stack"],"picked":"SKIP","floor":42},{"not_picked":["Coolheaded","Steam","White Noise"],"picked":"SKIP","floor":45},{"not_picked":["Conserve Battery","Steam"],"picked":"Loop+1","floor":48}],"player_experience":473916,"relics_obtained":[],"event_choices":[{"damage_healed":0,"gold_gain":0,"player_choice":"Fled","damage_taken":0,"max_hp_gain":0,"max_hp_loss":0,"event_name":"Scrap Ooze","floor":2,"gold_loss":0},{"damage_healed":0,"gold_gain":0,"player_choice":"Grow","damage_taken":0,"max_hp_gain":0,"max_hp_loss":0,"event_name":"Living Wall","floor":3,"gold_loss":0,"cards_upgraded":["Dualcast"]},{"cards_removed":["Reboot"],"damage_healed":0,"gold_gain":0,"player_choice":"Card Removal","damage_taken":0,"max_hp_gain":0,"max_hp_loss":0,"event_name":"Wheel of Change","floor":5,"gold_loss":0},{"damage_healed":0,"gold_gain":0,"player_choice":"Ignored","damage_taken":0,"max_hp_gain":0,"max_hp_loss":0,"event_name":"Golden Idol","floor":10,"gold_loss":0},{"cards_removed":["Glacier"],"damage_healed":1,"gold_gain":0,"player_choice":"Offered Uncommon","damage_taken":0,"max_hp_gain":0,"max_hp_loss":0,"event_name":"Bonfire Elementals","floor":14,"gold_loss":0},{"cards_removed":["Rebound"],"damage_healed":0,"gold_gain":0,"player_choice":"Gave Gold","damage_taken":0,"max_hp_gain":0,"max_hp_loss":0,"event_name":"Beggar","floor":19,"gold_loss":75},{"damage_healed":0,"gold_gain":0,"cards_transformed":["Zap","Sweeping Beam"],"player_choice":"Became Test Subject","damage_taken":0,"max_hp_gain":0,"max_hp_loss":0,"event_name":"Drug Dealer","floor":21,"gold_loss":0,"cards_obtained":["Turbo","Core Surge"]},{"damage_healed":0,"gold_gain":0,"player_choice":"Ignored","damage_taken":0,"max_hp_gain":0,"max_hp_loss":0,"event_name":"The Mausoleum","floor":22,"gold_loss":0},{"damage_healed":0,"gold_gain":0,"player_choice":"Shed Blood","damage_taken":19,"max_hp_gain":5,"max_hp_loss":0,"event_name":"Forgotten Altar","floor":31,"gold_loss":0},{"damage_healed":0,"gold_gain":0,"player_choice":"Fight","damage_taken":0,"max_hp_gain":0,"max_hp_loss":0,"event_name":"MindBloom","floor":36,"gold_loss":0},{"damage_healed":0,"gold_gain":0,"player_choice":"Ignored","damage_taken":0,"max_hp_gain":0,"max_hp_loss":0,"event_name":"Tomb of Lord Red Mask","floor":37,"gold_loss":0},{"cards_removed":["Leap"],"damage_healed":0,"gold_gain":0,"player_choice":"Upgrade and Remove","damage_taken":0,"max_hp_gain":0,"max_hp_loss":0,"event_name":"Designer","floor":46,"gold_loss":90,"cards_upgraded":["Leap"]}],"is_beta":false,"boss_relics":[{"not_picked":["Philosopher\u0027s Stone","Eternal Feather","Sozu"]},{"not_picked":["Fusion Hammer","Calling Bell","Lizard Tail"]}],"items_purged_floors":[8,29,38],"is_endless":false,"potions_floor_spawned":[1,6,25,27,33,36,45],"ascension_level":0}