{"gold_per_floor":[118,21,38,49,62,96,109,135,135,155,56,72,72,72,72,174,174,187,199,217,217,232,232,258,268,268,288,288],"floor_reached":28,"playtime":2071,"items_purged":[],"score":307,"play_id":"5c728b49-37c0-46c5-aa3a-d37ba716b8ba","local_time":"20190308233601","is_ascension_mode":true,"campfire_choices":[{"data":"Perfected Strike","floor":13,"key":"SMITH"},{"floor":15,"key":"REST"},{"data":"True Grit","floor":23,"key":"SMITH"}],"neow_cost":"TEN_PERCENT_HP_LOSS","seed_source_timestamp":521104292210700,"circlet_count":0,"master_deck":["Strike_R","Strike_R","Strike_R","Strike_R","Strike_R","Defend_R","Defend_R","Defend_R","Defend_R","Bash","Cleave","Shockwave","Iron Wave","Inflame","Perfected Strike+1","True Grit+1","Shrug It Off","Thunderclap","Feed","Feel No Pain","Havoc","Intimidate","Limit Break","Bash","Exhume","Shrug It Off","Perfected Strike","Flame Barrier","Flame Barrier","Jack Of All Trades","Heavy Blade","Metallicize"],"relics":["Burning Blood","Nunchaku","Mango","Oddly Smooth Stone","Self Forming Clay","Snecko Eye","Dodecahedron","Lantern"],"potions_floor_usage":[6,6,8,16,20,24,24,28],"damage_taken":[{"damage":9,"enemies":"Small Slimes","floor":1,"turns":5},{"damage":1,"enemies":"Cultist","floor":3,"turns":3},{"damage":5,"enemies":"2 Louse","floor":4,"turns":3},{"damage":4,"enemies":"Lots of Slimes","floor":5,"turns":2},{"damage":27,"enemies":"Gremlin Nob","floor":6,"turns":4},{"damage":17,"enemies":"Large Slime","floor":7,"turns":5},{"damage":19,"enemies":"Lagavulin","floor":8,"turns":8},{"damage":8,"enemies":"Gremlin Gang","floor":10,"turns":2},{"damage":7,"enemies":"Lots of Slimes","floor":12,"turns":4},{"damage":9,"enemies":"Slime Boss","floor":16,"turns":11},{"damage":9,"enemies":"Shell Parasite","floor":18,"turns":4},{"damage":6,"enemies":"3 Byrds","floor":19,"turns":5},{"damage":21,"enemies":"Shelled Parasite and Fungi","floor":20,"turns":4},{"damage":12,"enemies":"Sentry and Sphere","floor":22,"turns":5},{"damage":38,"enemies":"Gremlin Leader","floor":24,"turns":5},{"damage":29,"enemies":"Centurion and Healer","floor":25,"turns":6},{"damage":17,"enemies":"Snake Plant","floor":27,"turns":6},{"damage":9,"enemies":"Cultist and Chosen","floor":28,"turns":4}],"seed_played":"-6598949616529252896","potions_obtained":[{"floor":3,"key":"FearPotion"},{"floor":5,"key":"BloodPotion"},{"floor":7,"key":"SkillPotion"},{"floor":8,"key":"Block Potion"},{"floor":16,"key":"Strength Potion"},{"floor":19,"key":"BloodPotion"},{"floor":20,"key":"Swift Potion"},{"floor":25,"key":"Block Potion"}],"is_trial":false,"path_per_floor":["M","$","M","M","M","E","M","E","T","M","$","M","R","?","R","B",null,"M","M","M","?","M","R","E","M","T","M","M"],"character_chosen":"IRONCLAD","items_purchased":["Shockwave","Iron Wave","Feel No Pain","Havoc"],"campfire_rested":1,"item_purchase_floors":[2,2,11,11],"current_hp_per_floor":[69,69,72,72,72,72,61,48,48,46,46,45,45,45,70,67,86,83,83,71,71,65,65,41,18,18,7,0],"gold":288,"neow_bonus":"ONE_RARE_RELIC","is_prod":false,"is_daily":false,"chose_seed":false,"campfire_upgraded":2,"win_rate":0,"timestamp":1552084561,"path_taken":["M","$","M","M","M","E","M","E","T","M","$","M","R","?","R","BOSS","M","?","M","?","M","R","E","M","T","M","M"],"build_version":"2019-01-23","purchased_purges":0,"victory":false,"max_hp_per_floor":[72,72,72,72,72,86,86,86,86,86,86,86,86,86,86,86,86,86,86,89,89,89,89,89,89,89,89,89],"card_choices":[{"not_picked":["Pommel Strike","Flex"],"picked":"Cleave","floor":1},{"not_picked":["Headbutt","Shrug It Off"],"picked":"Inflame","floor":3},{"not_picked":["Rampage","Heavy Blade"],"picked":"Perfected Strike","floor":4},{"not_picked":["Hemokinesis","Havoc"],"picked":"True Grit","floor":5},{"not_picked":["Metallicize","Clash"],"picked":"Shrug It Off","floor":6},{"not_picked":["Searing Blow","Wild Strike"],"picked":"Thunderclap","floor":7},{"not_picked":["Burning Pact","Iron Wave","True Grit"],"picked":"SKIP","floor":8},{"not_picked":["Flex","Power Through"],"picked":"Feed","floor":10},{"not_picked":["Havoc","Entrench"],"picked":"Intimidate","floor":12},{"not_picked":["Fiend Fire","Feed"],"picked":"Exhume","floor":16},{"not_picked":["Power Through","Fire Breathing"],"picked":"Shrug It Off","floor":18},{"not_picked":["Twin Strike+1","Rampage"],"picked":"Perfected Strike","floor":19},{"not_picked":["Heavy Blade","Headbutt"],"picked":"Flame Barrier","floor":20},{"not_picked":["Thunderclap","Iron Wave","Body Slam"],"picked":"SKIP","floor":22},{"not_picked":["Second Wind","Rupture+1"],"picked":"Heavy Blade","floor":24},{"not_picked":["Pummel","Second Wind"],"picked":"Metallicize","floor":25},{"not_picked":["Intimidate+1","Cleave","Warcry"],"picked":"SKIP","floor":27}],"player_experience":343147,"relics_obtained":[{"floor":6,"key":"Mango"},{"floor":8,"key":"Oddly Smooth Stone"},{"floor":9,"key":"Self Forming Clay"},{"floor":24,"key":"Dodecahedron"},{"floor":26,"key":"Lantern"}],"event_choices":[{"damage_healed":0,"gold_gain":0,"player_choice":"2 cards matched","damage_taken":0,"max_hp_gain":0,"max_hp_loss":0,"event_name":"Match and Keep!","floor":14,"gold_loss":0,"cards_obtained":["Limit Break","Bash"]},{"damage_healed":0,"gold_gain":0,"player_choice":"2 cards matched","damage_taken":0,"max_hp_gain":0,"max_hp_loss":0,"event_name":"Match and Keep!","floor":21,"gold_loss":0,"cards_obtained":["Flame Barrier","Jack Of All Trades"]}],"is_beta":false,"boss_relics":[{"not_picked":["Lizard Tail","Eternal Feather"],"picked":"Snecko Eye"}],"items_purged_floors":[],"is_endless":false,"potions_floor_spawned":[3,5,7,8,16,19,20,25],"killed_by":"Cultist and Chosen","ascension_level":4}