{"gold_per_floor":[118,133,153,169,179,179,197,197,197,212,222,397,397,347,347,448,448,433,447,155,174,193,193,205,105,131,159,159,159,179,194,194,294,294,314,314,330,59,1058,1058,1086,1086,1086,448,463,463,495,495],"floor_reached":48,"playtime":6901,"items_purged":["Doubt","Strike_G","Strike_G","Defend_G"],"score":581,"play_id":"ee195644-7438-44e4-b608-ee183f4a8014","local_time":"20190217183710","is_ascension_mode":true,"campfire_choices":[{"data":"Footwork","floor":6,"key":"SMITH"},{"data":"Neutralize","floor":8,"key":"SMITH"},{"data":"Footwork","floor":13,"key":"SMITH"},{"data":"Acrobatics","floor":15,"key":"SMITH"},{"floor":23,"key":"REST"},{"data":"Envenom","floor":28,"key":"SMITH"},{"floor":32,"key":"REST"},{"data":"Well Laid Plans","floor":40,"key":"SMITH"},{"floor":42,"key":"REST"},{"floor":46,"key":"REST"}],"neow_cost":"NONE","seed_source_timestamp":397979080250800,"circlet_count":0,"master_deck":["Defend_G","Defend_G","Defend_G","Defend_G+1","Strike_G","Survivor","Neutralize+1","After Image","Blur+1","Sucker Punch","Footwork+1","Deadly Poison","Footwork+1","Acrobatics+1","Acrobatics","Envenom+1","Well Laid Plans+1","Footwork","Caltrops","Noxious Fumes+1","Bane","Endless Agony+1","Bane+1","Crippling Poison+1","Wraith Form v2","Deflect+1","Eviscerate+1","Tactician","Bouncing Flask","Normality","Normality","Terror+1","Deadly Poison+1","Finesse","Magnetism","Underhanded Strike","Expertise+1","Underhanded Strike+1"],"relics":["Ring of the Snake","Mercury Hourglass","Lizard Tail","Snake Skull","Dream Catcher","StoneCalendar","HoveringKite","Juzu Bracelet","Ancient Tea Set","War Paint","Kunai"],"potions_floor_usage":[5,7,7,7,11,16,16,21,27,30,31,33,33,33,33,33,37,41,41,45,45],"damage_taken":[{"damage":0,"enemies":"Cultist","floor":1,"turns":7},{"damage":0,"enemies":"Small Slimes","floor":2,"turns":4},{"damage":0,"enemies":"2 Louse","floor":3,"turns":4},{"damage":1,"enemies":"Blue Slaver","floor":4,"turns":5},{"damage":7,"enemies":"Lots of Slimes","floor":5,"turns":9},{"damage":0,"enemies":"Large Slime","floor":7,"turns":6},{"damage":0,"enemies":"Exordium Wildlife","floor":10,"turns":7},{"damage":0,"enemies":"Blue Slaver","floor":11,"turns":4},{"damage":12,"enemies":"The Guardian","floor":16,"turns":12},{"damage":12,"enemies":"2 Thieves","floor":18,"turns":5},{"damage":8,"enemies":"Shell Parasite","floor":19,"turns":8},{"damage":0,"enemies":"Shelled Parasite and Fungi","floor":21,"turns":8},{"damage":14,"enemies":"Snecko","floor":22,"turns":6},{"damage":0,"enemies":"Centurion and Healer","floor":24,"turns":8},{"damage":10,"enemies":"Book of Stabbing","floor":27,"turns":7},{"damage":21,"enemies":"3 Cultists","floor":30,"turns":6},{"damage":6,"enemies":"Snecko","floor":31,"turns":6},{"damage":7,"enemies":"Automaton","floor":33,"turns":8},{"damage":8,"enemies":"3 Darklings","floor":35,"turns":6},{"damage":10,"enemies":"Orb Walker","floor":37,"turns":5},{"damage":17,"enemies":"Nemesis","floor":41,"turns":7},{"damage":47,"enemies":"Writhing Mass","floor":45,"turns":5},{"damage":77,"enemies":"Reptomancer","floor":47,"turns":7},{"damage":26,"enemies":"Sphere and 2 Shapes","floor":48,"turns":2}],"seed_played":"1220071070874303107","potions_obtained":[{"floor":1,"key":"Weak Potion"},{"floor":2,"key":"EntropicBrew"},{"floor":4,"key":"Poison Potion"},{"floor":10,"key":"SkillPotion"},{"floor":11,"key":"Strength Potion"},{"floor":18,"key":"SkillPotion"},{"floor":27,"key":"Dexterity Potion"},{"floor":29,"key":"Dexterity Potion"},{"floor":29,"key":"EntropicBrew"},{"floor":30,"key":"Explosive Potion"},{"floor":33,"key":"GamblersBrew"},{"floor":35,"key":"GhostInAJar"},{"floor":37,"key":"PowerPotion"},{"floor":47,"key":"Poison Potion"}],"is_trial":false,"path_per_floor":["M","M","M","M","M","R","M","R","T","M","M","?","R","?","R","B",null,"M","M","$","M","M","R","M","$","T","E","R","?","M","M","R","B",null,"M","?","M","$","?","R","E","R","T","$","M","R","E","M"],"character_chosen":"THE_SILENT","items_purchased":["Snake Skull","Caltrops","Tactician","Bouncing Flask","Regen Potion","War Paint","Finesse","Magnetism"],"campfire_rested":4,"item_purchase_floors":[20,20,38,38,44,44,44,44],"current_hp_per_floor":[70,70,70,69,62,62,62,62,62,62,62,62,62,62,62,50,70,58,50,50,50,36,57,57,57,57,47,47,47,26,20,41,34,70,62,62,52,52,52,52,35,56,56,56,24,45,19,0],"gold":495,"neow_bonus":"TRANSFORM_CARD","is_prod":false,"is_daily":false,"chose_seed":false,"campfire_upgraded":6,"win_rate":0,"timestamp":1550425030,"path_taken":["M","?","M","M","M","R","M","R","T","M","M","?","R","?","R","BOSS","M","M","$","M","M","R","M","$","T","E","R","?","M","?","R","BOSS","M","?","M","$","?","R","E","R","T","$","M","R","E","M"],"build_version":"2019-01-23","purchased_purges":4,"victory":false,"max_hp_per_floor":[70,70,70,70,70,70,70,70,70,70,70,70,70,70,70,70,70,70,70,70,70,70,70,70,70,70,70,70,70,70,70,70,70,70,70,70,70,70,70,70,70,70,70,70,70,70,70,70],"card_choices":[{"not_picked":["All Out Attack","Poisoned Stab"],"picked":"Blur","floor":1},{"not_picked":["Outmaneuver","Blade Dance"],"picked":"Sucker Punch","floor":2},{"not_picked":["Riddle With Holes","Skewer","Prepared"],"picked":"SKIP","floor":3},{"not_picked":["Slice","Underhanded Strike"],"picked":"Footwork","floor":4},{"not_picked":["Flechettes","PiercingWail"],"picked":"Deadly Poison","floor":5},{"not_picked":["Prepared","Deadly Poison"],"picked":"Footwork","floor":7},{"not_picked":["Burst","Reflex"],"picked":"Acrobatics","floor":10},{"not_picked":["Backstab","Accuracy"],"picked":"Acrobatics","floor":11},{"not_picked":["Storm of Steel","Doppelganger"],"picked":"Envenom","floor":16},{"not_picked":["Acrobatics","Quick Slash+1"],"picked":"Well Laid Plans","floor":18},{"not_picked":["Sucker Punch","Blade Dance+1"],"picked":"Footwork","floor":19},{"not_picked":["Poisoned Stab","Slice+1"],"picked":"Noxious Fumes+1","floor":21},{"not_picked":["Phantasmal Killer","Dodge and Roll","Flechettes"],"picked":"SKIP","floor":22},{"not_picked":["Dodge and Roll","Underhanded Strike"],"picked":"Bane","floor":24},{"not_picked":["Slice+1","Venomology"],"picked":"Poisoned Stab+1","floor":27},{"not_picked":["Flechettes","Bane"],"picked":"Endless Agony+1","floor":30},{"not_picked":["Endless Agony+1","Cloak And Dagger+1"],"picked":"Bane+1","floor":31},{"not_picked":["Sucker Punch","Predator"],"picked":"Crippling Poison+1","floor":32},{"not_picked":["Envenom","Corpse Explosion"],"picked":"Wraith Form v2","floor":33},{"not_picked":["Finisher+1","Accuracy"],"picked":"Deflect+1","floor":35},{"not_picked":["Blade Dance+1","Bane+1"],"picked":"Eviscerate+1","floor":37},{"not_picked":["Well Laid Plans+1","Skewer+1"],"picked":"Terror+1","floor":41},{"not_picked":["Eviscerate","Finisher"],"picked":"Deadly Poison+1","floor":42},{"not_picked":["Dagger Throw+1","Deadly Poison+1"],"picked":"Underhanded Strike","floor":45},{"not_picked":["Storm of Steel","Underhanded Strike+1"],"picked":"Expertise+1","floor":46},{"not_picked":["Burst","Masterful Stab+1"],"picked":"Underhanded Strike+1","floor":47}],"player_experience":148096,"relics_obtained":[{"floor":9,"key":"Mercury Hourglass"},{"floor":26,"key":"Dream Catcher"},{"floor":27,"key":"StoneCalendar"},{"floor":41,"key":"Juzu Bracelet"},{"floor":43,"key":"Ancient Tea Set"},{"floor":47,"key":"Kunai"}],"event_choices":[{"damage_healed":0,"gold_gain":175,"player_choice":"AGREE","damage_taken":0,"max_hp_gain":0,"max_hp_loss":0,"event_name":"Liars Game","floor":12,"gold_loss":0,"cards_obtained":["Doubt"]},{"cards_removed":["Strike_G"],"damage_healed":0,"gold_gain":0,"player_choice":"Card Removal","damage_taken":0,"max_hp_gain":0,"max_hp_loss":0,"event_name":"The Cleric","floor":14,"gold_loss":50},{"damage_healed":0,"gold_gain":0,"player_choice":"Got Potions","damage_taken":0,"max_hp_gain":0,"max_hp_loss":0,"event_name":"Lab","floor":29,"gold_loss":0},{"cards_removed":["Poisoned Stab"],"damage_healed":0,"gold_gain":0,"player_choice":"Removed Attack","damage_taken":0,"max_hp_gain":0,"max_hp_loss":0,"event_name":"Falling","floor":36,"gold_loss":0},{"damage_healed":0,"gold_gain":999,"player_choice":"Gold","damage_taken":0,"max_hp_gain":0,"max_hp_loss":0,"event_name":"MindBloom","floor":39,"gold_loss":0,"cards_obtained":["Normality","Normality"]}],"is_beta":false,"boss_relics":[{"not_picked":["Eternal Feather","Coffee Dripper"],"picked":"Lizard Tail"},{"not_picked":["Astrolabe","Philosopher\u0027s Stone"],"picked":"HoveringKite"}],"items_purged_floors":[20,25,38,44],"is_endless":false,"potions_floor_spawned":[1,2,4,10,11,18,27,30,33,35,37,47],"killed_by":"Sphere and 2 Shapes","ascension_level":1}