{"gold_per_floor":[114,134,144,144,44,44,54,64,64,64,76,76,101,101,101,204,204,222,242,242,252,252,252,283,283,310,310,310,710,710,305,305,408,408,425,525,179,179,190,190,190,140,187,187,137,147,147,163,163,163,163,163,13,39,39],"floor_reached":55,"playtime":2566,"items_purged":["Regret","Strike_R","Strike_R","Writhe","Defend_R"],"score":656,"play_id":"5358cde7-3586-4f12-b462-2922fb99466c","local_time":"20190310231253","is_ascension_mode":false,"campfire_choices":[{"data":"Armaments","floor":6,"key":"SMITH"},{"data":"Flame Barrier","floor":10,"key":"SMITH"},{"data":"Bash","floor":12,"key":"SMITH"},{"data":"Pommel Strike","floor":15,"key":"SMITH"},{"data":"Bludgeon","floor":23,"key":"SMITH"},{"data":"RitualDagger","floor":25,"key":"SMITH"},{"data":"Madness","floor":28,"key":"SMITH"},{"floor":30,"key":"REST"},{"data":"Carnage","floor":32,"key":"SMITH"},{"data":"Whirlwind","floor":40,"key":"SMITH"},{"data":"Shrug It Off","floor":41,"key":"SMITH"},{"data":"Shockwave","floor":44,"key":"SMITH"},{"floor":47,"key":"RECALL"},{"data":"Impervious","floor":49,"key":"SMITH"},{"data":"Blood for Blood","floor":52,"key":"SMITH"}],"neow_cost":"NONE","seed_source_timestamp":1324744856732756,"circlet_count":0,"master_deck":["Defend_R","Defend_R","Defend_R","Bash+1","Madness+1","Blood for Blood+1","Flame Barrier+1","Armaments+1","Carnage+1","Shockwave+1","Pommel Strike+1","Bludgeon+1","Metallicize+1","Headbutt+1","Seeing Red+1","Rage+1","Warcry+1","RitualDagger+1","Necronomicurse","Blood for Blood+1","Whirlwind+1","True Grit+1","Impervious+1","Shrug It Off+1","Thunderclap"],"relics":["Burning Blood","Lantern","Smiling Mask","Blue Candle","Pocketwatch","Astrolabe","Necronomicon","Bag of Preparation","Old Coin","Paper Frog","WingedGreaves","Busted Crown","Magic Flower","Pen Nib","Art of War","Happy Flower","FossilizedHelix"],"potions_floor_usage":[8,16,21,24,29,33,37,55],"damage_taken":[{"damage":17,"enemies":"Jaw Worm","floor":1,"turns":4},{"damage":7,"enemies":"2 Louse","floor":2,"turns":2},{"damage":3,"enemies":"Small Slimes","floor":3,"turns":3},{"damage":1,"enemies":"2 Fungi Beasts","floor":7,"turns":4},{"damage":5,"enemies":"Looter","floor":8,"turns":2},{"damage":12,"enemies":"Exordium Thugs","floor":11,"turns":6},{"damage":6,"enemies":"Gremlin Nob","floor":13,"turns":3},{"damage":13,"enemies":"The Guardian","floor":16,"turns":14},{"damage":10,"enemies":"Spheric Guardian","floor":18,"turns":3},{"damage":1,"enemies":"Chosen","floor":19,"turns":4},{"damage":0,"enemies":"Snecko","floor":21,"turns":2},{"damage":23,"enemies":"Gremlin Leader","floor":24,"turns":3},{"damage":7,"enemies":"Colosseum Slavers","floor":29,"turns":3},{"damage":14,"enemies":"Colosseum Nobs","floor":29,"turns":3},{"damage":4,"enemies":"Champ","floor":33,"turns":6},{"damage":0,"enemies":"Orb Walker","floor":35,"turns":1},{"damage":39,"enemies":"Mind Bloom Boss Battle","floor":36,"turns":6},{"damage":0,"enemies":"3 Shapes","floor":39,"turns":2},{"damage":5,"enemies":"Maw","floor":46,"turns":5},{"damage":0,"enemies":"Sphere and 2 Shapes","floor":48,"turns":3},{"damage":48,"enemies":"Donu and Deca","floor":50,"turns":7},{"damage":6,"enemies":"Shield and Spear","floor":54,"turns":3},{"damage":94,"enemies":"The Heart","floor":55,"turns":3}],"seed_played":"-8273947590084629508","potions_obtained":[{"floor":1,"key":"FearPotion"},{"floor":3,"key":"FearPotion"},{"floor":13,"key":"PowerPotion"},{"floor":16,"key":"Energy Potion"},{"floor":18,"key":"SneckoOil"},{"floor":33,"key":"SpeedPotion"},{"floor":36,"key":"PowerPotion"},{"floor":39,"key":"Energy Potion"}],"is_trial":false,"path_per_floor":["M","M","M","?","$","R","M","M","T","R","M","R","E","?","R","B",null,"M","M","?","M","?","R","E","R","T","?","R","?","R","$","R","B",null,"M","?","$","?","M","R","R","$","T","R","$","M","R","M","R","B",null,"R","$","E","B"],"character_chosen":"IRONCLAD","items_purchased":["Armaments","WingedGreaves","Strength Potion","Fruit Juice","Shrug It Off","Pen Nib","Happy Flower"],"campfire_rested":1,"item_purchase_floors":[5,31,31,37,37,37,53],"current_hp_per_floor":[69,68,71,71,71,71,76,77,77,77,71,71,71,68,68,61,80,76,80,74,80,64,64,47,47,47,47,47,38,62,62,62,64,80,80,47,52,73,82,82,82,82,82,82,82,85,85,85,85,46,85,85,85,85,0],"gold":39,"neow_bonus":"RANDOM_COLORLESS","is_prod":false,"is_daily":false,"chose_seed":false,"campfire_upgraded":13,"win_rate":0,"timestamp":1552230773,"path_taken":["M","M","M","?","$","R","M","M","T","R","M","R","E","?","R","BOSS","M","M","?","M","?","R","E","R","T","?","R","?","R","$","R","BOSS","M","?","$","?","M","R","R","$","T","R","$","M","R","M","R","BOSS","R","$","E","BOSS"],"build_version":"2019-01-23","purchased_purges":5,"victory":false,"max_hp_per_floor":[80,80,80,80,80,80,80,80,80,80,80,80,80,80,80,80,80,80,80,80,80,80,80,80,80,80,80,80,80,80,80,80,80,80,80,80,85,85,85,85,85,85,85,85,85,85,85,85,85,85,85,85,85,85,85],"card_choices":[{"not_picked":["Warcry","Iron Wave"],"picked":"Blood for Blood","floor":1},{"not_picked":["Clothesline","Anger","Reckless Charge"],"picked":"SKIP","floor":2},{"not_picked":["Metallicize","Thunderclap"],"picked":"Flame Barrier","floor":3},{"not_picked":["Perfected Strike","Blood for Blood","True Grit"],"picked":"SKIP","floor":7},{"not_picked":["Bloodletting","Clothesline"],"picked":"Carnage","floor":8},{"not_picked":["Wild Strike","Clash"],"picked":"Shockwave","floor":11},{"not_picked":["Heavy Blade","Sword Boomerang"],"picked":"Pommel Strike","floor":13},{"not_picked":["Feed","Barricade"],"picked":"Bludgeon","floor":16},{"not_picked":["Anger+1","Infernal Blade"],"picked":"Rage+1","floor":18},{"not_picked":["Heavy Blade","Havoc"],"picked":"Warcry+1","floor":19},{"not_picked":["Second Wind","Body Slam","Pommel Strike"],"picked":"SKIP","floor":21},{"not_picked":["Cleave","Barricade"],"picked":"Blood for Blood+1","floor":24},{"not_picked":["Body Slam","Twin Strike"],"picked":"True Grit+1","floor":29},{"not_picked":["Brutality","Feed"],"picked":"Impervious","floor":33},{"not_picked":["Wild Strike+1"],"picked":"SKIP","floor":35},{"not_picked":["Perfected Strike"],"picked":"SKIP","floor":39},{"not_picked":["Hemokinesis"],"picked":"SKIP","floor":46},{"not_picked":[],"picked":"Thunderclap","floor":48},{"not_picked":["Cleave+1"],"picked":"SKIP","floor":54}],"player_experience":800725,"relics_obtained":[{"floor":9,"key":"Smiling Mask"},{"floor":13,"key":"Blue Candle"},{"floor":22,"key":"Necronomicon"},{"floor":24,"key":"Bag of Preparation"},{"floor":29,"key":"Old Coin"},{"floor":29,"key":"Paper Frog"},{"floor":36,"key":"Magic Flower"},{"floor":43,"key":"Art of War"},{"floor":54,"key":"FossilizedHelix"}],"event_choices":[{"damage_healed":0,"gold_gain":0,"player_choice":"Box","damage_taken":0,"relics_obtained":["Lantern"],"max_hp_gain":0,"max_hp_loss":0,"event_name":"Big Fish","floor":4,"gold_loss":0,"cards_obtained":["Regret"]},{"damage_healed":0,"gold_gain":0,"player_choice":"Success","damage_taken":3,"relics_obtained":["Pocketwatch"],"max_hp_gain":0,"max_hp_loss":0,"event_name":"Scrap Ooze","floor":14,"gold_loss":0},{"damage_healed":0,"gold_gain":0,"player_choice":"Joined the Cult","damage_taken":6,"max_hp_gain":0,"max_hp_loss":0,"event_name":"Nest","floor":20,"gold_loss":0,"cards_obtained":["RitualDagger"]},{"damage_healed":0,"gold_gain":0,"player_choice":"Obtained Book","damage_taken":16,"max_hp_gain":0,"max_hp_loss":0,"event_name":"Cursed Tome","floor":22,"gold_loss":0},{"damage_healed":0,"gold_gain":0,"player_choice":"Read","damage_taken":0,"max_hp_gain":0,"max_hp_loss":0,"event_name":"The Library","floor":27,"gold_loss":0,"cards_obtained":["Whirlwind"]},{"damage_healed":0,"gold_gain":0,"player_choice":"Fight","damage_taken":0,"max_hp_gain":0,"max_hp_loss":0,"event_name":"Colosseum","floor":29,"gold_loss":0},{"damage_healed":0,"gold_gain":0,"player_choice":"Fought Nobs","damage_taken":0,"max_hp_gain":0,"max_hp_loss":0,"event_name":"Colosseum","floor":29,"gold_loss":0},{"damage_healed":0,"gold_gain":0,"player_choice":"Fight","damage_taken":0,"max_hp_gain":0,"max_hp_loss":0,"event_name":"MindBloom","floor":36,"gold_loss":0},{"damage_healed":21,"gold_gain":0,"player_choice":"Writhe","damage_taken":0,"max_hp_gain":0,"max_hp_loss":0,"event_name":"Winding Halls","floor":38,"gold_loss":0,"cards_obtained":["Writhe"]}],"is_beta":false,"boss_relics":[{"not_picked":["Philosopher\u0027s Stone","Calling Bell"],"picked":"Astrolabe"},{"not_picked":["Velvet Choker","Snecko Eye"],"picked":"Busted Crown"}],"items_purged_floors":[5,31,37,42,45],"is_endless":false,"potions_floor_spawned":[1,3,13,16,18,29,33,36,39,54],"killed_by":"The Heart","ascension_level":0}