{"gold_per_floor":[111,111,111,124,124,156,156,175,175,199,230,255,286,263,275,392,404,435,447,374,386,412,424,436,448,484,510,538,550,576,605,617,732,744,775,787,899,911,939,951,963],"floor_reached":41,"playtime":1916,"items_purged":[],"score":470,"play_id":"248ff4e5-bc7d-4d36-a5f5-64f255f750f5","local_time":"20181201090819","is_ascension_mode":false,"campfire_choices":[{"floor":7,"key":"REST"},{"floor":15,"key":"REST"},{"data":"Defragment","floor":23,"key":"SMITH"},{"data":"Dualcast","floor":25,"key":"SMITH"},{"data":"Cold Snap","floor":29,"key":"SMITH"},{"floor":32,"key":"RECALL"},{"data":"Consume","floor":40,"key":"SMITH"}],"neow_cost":"NONE","seed_source_timestamp":1389718215653300,"circlet_count":0,"master_deck":["Strike_B","Strike_B","Defend_B+1","Defend_B","Defend_B","Zap+1","Dualcast+1","Defragment+1","Consume+1","Defragment+1","Coolheaded","Cold Snap+1","Ball Lightning","Buffer","Buffer","Compile Driver","Go for the Eyes","Barrage+1","Glacier","Barrage+1","Biased Cognition","Conserve Battery+1","Blind","Sadistic Nature","Redo+1","Barrage+1"],"relics":["Cracked Core","Letter Opener","Anchor","Pen Nib","MawBank","Sozu","Blue Candle","Vajra","Inserter","Du-Vu Doll"],"potions_floor_usage":[6,16,16,18],"damage_taken":[{"damage":0,"enemies":"Cultist","floor":1,"turns":3},{"damage":0,"enemies":"Jaw Worm","floor":4,"turns":3},{"damage":27,"enemies":"Lagavulin","floor":6,"turns":7},{"damage":0,"enemies":"2 Louse","floor":8,"turns":1},{"damage":12,"enemies":"Exordium Thugs","floor":10,"turns":4},{"damage":3,"enemies":"Looter","floor":11,"turns":3},{"damage":8,"enemies":"2 Fungi Beasts","floor":12,"turns":3},{"damage":0,"enemies":"Exordium Wildlife","floor":13,"turns":3},{"damage":0,"enemies":"Slime Boss","floor":16,"turns":8},{"damage":0,"enemies":"3 Byrds","floor":18,"turns":5},{"damage":0,"enemies":"Chosen","floor":22,"turns":4},{"damage":5,"enemies":"3 Cultists","floor":27,"turns":5},{"damage":4,"enemies":"Shelled Parasite and Fungi","floor":28,"turns":4},{"damage":0,"enemies":"Cultist and Chosen","floor":30,"turns":5},{"damage":0,"enemies":"Centurion and Healer","floor":31,"turns":4},{"damage":10,"enemies":"Collector","floor":33,"turns":11},{"damage":1,"enemies":"Orb Walker","floor":35,"turns":3},{"damage":0,"enemies":"Mind Bloom Boss Battle","floor":37,"turns":9},{"damage":16,"enemies":"3 Shapes","floor":39,"turns":3},{"damage":56,"enemies":"Reptomancer","floor":41,"turns":3}],"seed_played":"1580711483228259853","potions_obtained":[{"floor":1,"key":"Strength Potion"},{"floor":6,"key":"Fire Potion"},{"floor":10,"key":"Block Potion"},{"floor":12,"key":"AttackPotion"}],"is_trial":false,"path_per_floor":["M","T","?","M","?","E","R","M","T","M","M","M","M","?","R","B",null,"M","?","?","$","M","R","$","R","T","M","M","R","M","M","R","B",null,"M","?","?","?","M","R","E"],"character_chosen":"DEFECT","items_purchased":[],"campfire_rested":2,"item_purchase_floors":[],"current_hp_per_floor":[75,75,68,68,53,26,48,48,48,36,33,25,25,43,65,65,75,75,75,75,75,75,75,75,75,75,70,66,66,66,66,66,56,75,74,69,69,69,53,53,0],"gold":963,"neow_bonus":"UPGRADE_CARD","is_prod":false,"is_daily":false,"chose_seed":false,"campfire_upgraded":4,"win_rate":0,"timestamp":1543651699,"path_taken":["M","?","?","M","?","E","R","M","T","M","?","M","M","?","R","BOSS","M","?","?","?","M","R","?","R","T","M","M","R","M","M","R","BOSS","M","?","?","?","M","R","E"],"build_version":"2018-11-15","purchased_purges":0,"victory":false,"max_hp_per_floor":[75,75,75,75,75,75,75,75,75,75,75,75,75,75,75,75,75,75,75,75,75,75,75,75,75,75,75,75,75,75,75,75,75,75,75,75,75,75,75,75,75],"card_choices":[{"not_picked":["Cold Snap","Fusion"],"picked":"Defragment","floor":1},{"not_picked":["Chaos","Beam Cell"],"picked":"Consume","floor":4},{"not_picked":["Gash","Barrage"],"picked":"Defragment","floor":6},{"not_picked":["Tempest","Compile Driver","Reprogram"],"picked":"SKIP","floor":8},{"not_picked":["BootSequence","Barrage"],"picked":"Coolheaded","floor":10},{"not_picked":["Doom and Gloom","Streamline"],"picked":"Cold Snap","floor":11},{"not_picked":["Leap","Compile Driver","Turbo"],"picked":"SKIP","floor":12},{"not_picked":["Darkness","Steam"],"picked":"Ball Lightning","floor":13},{"not_picked":["Rainbow","Machine Learning"],"picked":"Buffer","floor":16},{"not_picked":["Sunder","Chaos+1","Rebound+1"],"picked":"SKIP","floor":18},{"not_picked":["Rebound","Leap"],"picked":"Go for the Eyes","floor":22},{"not_picked":["Tempest","Stack"],"picked":"Barrage+1","floor":27},{"not_picked":["Barrage","Force Field"],"picked":"Glacier","floor":28},{"not_picked":["Auto Shields","Stack+1"],"picked":"Barrage+1","floor":30},{"not_picked":["Barrage","Compile Driver","Gash+1"],"picked":"SKIP","floor":31},{"not_picked":["Hyperbeam","Reboot"],"picked":"Biased Cognition","floor":33},{"not_picked":["Barrage","Steam+1"],"picked":"Conserve Battery+1","floor":35},{"not_picked":["Discovery","Flash of Steel"],"picked":"Blind","floor":36},{"not_picked":["Swift Strike","Blind"],"picked":"Sadistic Nature","floor":36},{"not_picked":["Ball Lightning","Self Repair"],"picked":"Redo+1","floor":37},{"not_picked":["Rebound","White Noise"],"picked":"Barrage+1","floor":39}],"player_experience":226111,"relics_obtained":[{"floor":2,"key":"Letter Opener"},{"floor":6,"key":"Pen Nib"},{"floor":9,"key":"MawBank"},{"floor":26,"key":"Vajra"},{"floor":37,"key":"Du-Vu Doll"}],"event_choices":[{"damage_healed":0,"gold_gain":0,"player_choice":"Success","damage_taken":7,"relics_obtained":["Anchor"],"max_hp_gain":0,"max_hp_loss":0,"event_name":"Scrap Ooze","floor":3,"gold_loss":0},{"damage_healed":0,"gold_gain":0,"player_choice":"Entered Light","damage_taken":15,"max_hp_gain":0,"max_hp_loss":0,"event_name":"Shining Light","floor":5,"gold_loss":0,"cards_upgraded":["Defend_B","Defragment"]},{"damage_healed":18,"gold_gain":0,"player_choice":"Healed","damage_taken":0,"max_hp_gain":0,"max_hp_loss":0,"event_name":"The Cleric","floor":14,"gold_loss":35},{"damage_healed":0,"gold_gain":0,"cards_transformed":["Strike_B","Strike_B"],"player_choice":"Became Test Subject","damage_taken":0,"max_hp_gain":0,"max_hp_loss":0,"event_name":"Drug Dealer","floor":19,"gold_loss":0,"cards_obtained":["Buffer","Compile Driver"]},{"damage_healed":0,"gold_gain":0,"player_choice":"Obtained Relic","damage_taken":0,"relics_obtained":["Blue Candle"],"max_hp_gain":0,"max_hp_loss":0,"event_name":"Addict","floor":20,"gold_loss":85},{"damage_healed":0,"gold_gain":0,"player_choice":"Memory 2","damage_taken":5,"max_hp_gain":0,"max_hp_loss":0,"event_name":"SensoryStone","floor":36,"gold_loss":0},{"damage_healed":0,"gold_gain":0,"player_choice":"Fight","damage_taken":0,"max_hp_gain":0,"max_hp_loss":0,"event_name":"MindBloom","floor":37,"gold_loss":0},{"cards_removed":["Defend_B"],"damage_healed":0,"gold_gain":0,"player_choice":"Purged","damage_taken":0,"max_hp_gain":0,"max_hp_loss":0,"event_name":"Purifier","floor":38,"gold_loss":0}],"is_beta":false,"boss_relics":[{"not_picked":["Velvet Choker","Runic Pyramid"],"picked":"Sozu"},{"not_picked":["Coffee Dripper","Calling Bell"],"picked":"Inserter"}],"items_purged_floors":[],"is_endless":false,"potions_floor_spawned":[1,6,10,12,13,22,28,31,37],"killed_by":"Reptomancer","ascension_level":0}