{"gold_per_floor":[16,16,35,35,54,54,66,92,92,118,129,129,129,129,129,227,227,239,239,258,278,278,278,311,311,311,329,361,361,389,401,401,499,499,512,524,484,503,519,529,554,554,577,606,606,207,217,217,217,217],"floor_reached":50,"playtime":2351,"items_purged":["Writhe"],"score":874,"play_id":"a93e1728-e67a-488e-b134-52eab1fc4b50","local_time":"20190129163140","is_ascension_mode":true,"campfire_choices":[{"data":"Sword Boomerang","floor":6,"key":"SMITH"},{"data":"Spot Weakness","floor":12,"key":"SMITH"},{"data":"Uppercut","floor":15,"key":"SMITH"},{"data":"Shockwave","floor":23,"key":"SMITH"},{"data":"Dropkick","floor":25,"key":"SMITH"},{"data":"Limit Break","floor":29,"key":"SMITH"},{"floor":32,"key":"REST"},{"data":"Shrug It Off","floor":42,"key":"SMITH"},{"data":"Shrug It Off","floor":45,"key":"SMITH"},{"data":"Inflame","floor":49,"key":"SMITH"}],"neow_cost":"NO_GOLD","seed_source_timestamp":433010519961200,"circlet_count":0,"master_deck":["Strike_R","Strike_R+1","Strike_R+1","Strike_R","Defend_R","Defend_R+1","Defend_R","Defend_R","Bash","Sword Boomerang+1","Shockwave+1","Dropkick+1","Headbutt+1","Spot Weakness+1","Uppercut+1","Inflame+1","Reaper","Heavy Blade+1","Iron Wave+1","Shrug It Off+1","Flex+1","Limit Break+1","Flex+1","Shrug It Off+1","Parasite","Metallicize+1","Dropkick+1","Shrug It Off+1","Evolve+1","Heavy Blade+1"],"relics":["Burning Blood","Pocketwatch","Potion Belt","Art of War","Blue Candle","Black Star","Paper Frog","Ginger","Singing Bowl","Strawberry","Dodecahedron","Red Mask","Cursed Key","Red Skull","Bag of Marbles","Boot","Meat on the Bone","Bronze Scales","Happy Flower"],"potions_floor_usage":[11,14,24,28,28,30,33,36,50,50,50,50],"damage_taken":[{"damage":4,"enemies":"2 Louse","floor":1,"turns":4},{"damage":5,"enemies":"Small Slimes","floor":3,"turns":3},{"damage":6,"enemies":"Cultist","floor":5,"turns":3},{"damage":3,"enemies":"Looter","floor":7,"turns":2},{"damage":7,"enemies":"Lagavulin","floor":8,"turns":4},{"damage":8,"enemies":"Gremlin Nob","floor":10,"turns":3},{"damage":12,"enemies":"Large Slime","floor":11,"turns":6},{"damage":0,"enemies":"Gremlin Gang","floor":14,"turns":1},{"damage":0,"enemies":"Slime Boss","floor":16,"turns":5},{"damage":0,"enemies":"Chosen","floor":18,"turns":3},{"damage":31,"enemies":"Shell Parasite","floor":20,"turns":6},{"damage":19,"enemies":"Centurion and Healer","floor":21,"turns":5},{"damage":32,"enemies":"Gremlin Leader","floor":24,"turns":6},{"damage":24,"enemies":"Snake Plant","floor":27,"turns":3},{"damage":14,"enemies":"Slavers","floor":28,"turns":3},{"damage":22,"enemies":"Masked Bandits","floor":30,"turns":3},{"damage":8,"enemies":"Chosen and Byrds","floor":31,"turns":3},{"damage":38,"enemies":"Champ","floor":33,"turns":6},{"damage":16,"enemies":"3 Shapes","floor":35,"turns":4},{"damage":69,"enemies":"3 Darklings","floor":36,"turns":9},{"damage":20,"enemies":"Writhing Mass","floor":38,"turns":5},{"damage":27,"enemies":"4 Shapes","floor":39,"turns":5},{"damage":70,"enemies":"Jaw Worm Horde","floor":40,"turns":5},{"damage":74,"enemies":"Nemesis","floor":41,"turns":9},{"damage":10,"enemies":"Giant Head","floor":44,"turns":6},{"damage":0,"enemies":"Maw","floor":47,"turns":7},{"damage":113,"enemies":"Donu and Deca","floor":50,"turns":7}],"seed_played":"8210362074085626695","potions_obtained":[{"floor":8,"key":"PowerPotion"},{"floor":10,"key":"SmokeBomb"},{"floor":11,"key":"FearPotion"},{"floor":18,"key":"Weak Potion"},{"floor":20,"key":"Ancient Potion"},{"floor":21,"key":"Dexterity Potion"},{"floor":27,"key":"SteroidPotion"},{"floor":33,"key":"SneckoOil"},{"floor":35,"key":"Swift Potion"},{"floor":38,"key":"Regen Potion"},{"floor":40,"key":"Fire Potion"}],"is_trial":false,"path_per_floor":["M","?","M","?","M","R","M","E","T","E","M","R","?","M","R","B",null,"M","?","M","M","?","R","E","R","T","M","E","R","?","M","R","B",null,"M","M","?","M","M","M","E","R","T","E","R","$","M","?","R","B"],"character_chosen":"IRONCLAD","items_purchased":["Evolve","Energy Potion","Fire Potion","Happy Flower"],"campfire_rested":1,"item_purchase_floors":[46,46,46,46],"current_hp_per_floor":[74,58,59,59,59,59,62,61,61,59,53,53,53,59,59,65,76,80,64,54,51,51,51,48,48,48,30,40,40,26,26,53,58,84,93,93,93,95,97,97,78,78,78,74,74,74,97,97,97,0],"gold":217,"neow_bonus":"ONE_RARE_RELIC","is_prod":false,"is_daily":false,"chose_seed":false,"campfire_upgraded":9,"win_rate":0,"timestamp":1548775900,"path_taken":["M","?","M","?","?","R","M","E","T","E","M","R","?","M","R","BOSS","M","?","M","?","?","R","E","R","T","?","E","R","?","M","R","BOSS","M","M","?","M","M","M","E","R","T","E","R","?","?","?","R","BOSS"],"build_version":"2019-01-23","purchased_purges":1,"victory":false,"max_hp_per_floor":[80,80,80,80,80,80,80,80,80,80,80,80,80,80,80,80,80,80,80,80,80,80,80,80,80,80,80,87,87,89,91,91,93,93,93,93,93,95,97,97,97,97,97,97,97,97,97,97,97,97],"card_choices":[{"not_picked":["Thunderclap","Wild Strike"],"picked":"Sword Boomerang","floor":1},{"not_picked":["Intimidate","Infernal Blade"],"picked":"Shockwave","floor":3},{"not_picked":["Havoc","Entrench"],"picked":"Headbutt","floor":5},{"not_picked":["Shrug It Off","Sword Boomerang"],"picked":"Spot Weakness","floor":7},{"not_picked":["Reckless Charge","Anger"],"picked":"Uppercut","floor":8},{"not_picked":["Fire Breathing","Spot Weakness","Corruption"],"picked":"SKIP","floor":10},{"not_picked":["Headbutt","Berserk"],"picked":"Inflame","floor":11},{"not_picked":["Feed","Barricade"],"picked":"Reaper","floor":16},{"not_picked":["Havoc+1","Spot Weakness+1"],"picked":"Heavy Blade+1","floor":18},{"not_picked":["Shockwave","Carnage"],"picked":"Iron Wave+1","floor":20},{"not_picked":["Clash","Clothesline","Combust"],"picked":"SKIP","floor":21},{"not_picked":["Power Through","Anger"],"picked":"Shrug It Off","floor":24},{"not_picked":["Iron Wave","Warcry"],"picked":"Flex+1","floor":27},{"not_picked":["Warcry","Havoc"],"picked":"Limit Break","floor":28},{"not_picked":["Iron Wave","Havoc","Body Slam"],"picked":"Singing Bowl","floor":30},{"not_picked":["Rampage","Headbutt","Sever Soul"],"picked":"Singing Bowl","floor":31},{"not_picked":["Dark Embrace","Juggernaut","Demon Form"],"picked":"Singing Bowl","floor":33},{"not_picked":["Sword Boomerang+1","Uppercut+1"],"picked":"Flex+1","floor":35},{"not_picked":["Disarm","Clothesline+1"],"picked":"Shrug It Off","floor":36},{"not_picked":["Spot Weakness+1","Infernal Blade+1","Twin Strike"],"picked":"Singing Bowl","floor":38},{"not_picked":["Warcry","Power Through","Flex"],"picked":"Singing Bowl","floor":39},{"not_picked":["Hemokinesis+1","Perfected Strike+1"],"picked":"Metallicize+1","floor":40},{"not_picked":["Uppercut","Headbutt+1"],"picked":"Dropkick+1","floor":41},{"not_picked":["Impervious","Clash+1"],"picked":"Shrug It Off+1","floor":44},{"not_picked":["Twin Strike","Searing Blow+1"],"picked":"Heavy Blade+1","floor":47}],"player_experience":405811,"relics_obtained":[{"floor":8,"key":"Potion Belt"},{"floor":9,"key":"Art of War"},{"floor":10,"key":"Blue Candle"},{"floor":24,"key":"Paper Frog"},{"floor":24,"key":"Ginger"},{"floor":26,"key":"Singing Bowl"},{"floor":28,"key":"Strawberry"},{"floor":28,"key":"Dodecahedron"},{"floor":30,"key":"Red Mask"},{"floor":41,"key":"Red Skull"},{"floor":41,"key":"Bag of Marbles"},{"floor":43,"key":"Boot"},{"floor":44,"key":"Meat on the Bone"},{"floor":44,"key":"Bronze Scales"}],"event_choices":[{"damage_healed":0,"gold_gain":0,"player_choice":"Entered Light","damage_taken":16,"max_hp_gain":0,"max_hp_loss":0,"event_name":"Shining Light","floor":2,"gold_loss":0,"cards_upgraded":["Defend_R","Strike_R"]},{"damage_healed":0,"gold_gain":0,"cards_transformed":["Strike_R"],"player_choice":"Transformed","damage_taken":0,"max_hp_gain":0,"max_hp_loss":0,"event_name":"Transmorgrifier","floor":4,"gold_loss":0,"cards_obtained":["Dropkick"]},{"damage_healed":0,"gold_gain":0,"player_choice":"Ignored","damage_taken":0,"max_hp_gain":0,"max_hp_loss":0,"event_name":"Liars Game","floor":13,"gold_loss":0},{"damage_healed":0,"gold_gain":0,"player_choice":"POTION ","damage_taken":16,"max_hp_gain":0,"max_hp_loss":0,"event_name":"Knowing Skull","floor":19,"potions_obtained":["PowerPotion"],"gold_loss":0,"cards_obtained":[]},{"damage_healed":0,"gold_gain":0,"player_choice":"Bought 0 Potions","damage_taken":0,"max_hp_gain":0,"max_hp_loss":0,"event_name":"The Woman in Blue","floor":22,"gold_loss":0},{"damage_healed":0,"gold_gain":0,"player_choice":"Fought Bandits","damage_taken":0,"max_hp_gain":0,"max_hp_loss":0,"event_name":"Masked Bandits","floor":30,"gold_loss":0},{"damage_healed":0,"gold_gain":0,"player_choice":"Upgraded Two","damage_taken":0,"max_hp_gain":0,"max_hp_loss":0,"event_name":"Designer","floor":37,"gold_loss":40,"cards_upgraded":["Headbutt","Strike_R"]},{"damage_healed":0,"gold_gain":0,"player_choice":"Upgraded","damage_taken":0,"max_hp_gain":0,"max_hp_loss":0,"event_name":"Upgrade Shrine","floor":48,"gold_loss":0,"cards_upgraded":["Evolve"]}],"is_beta":false,"boss_relics":[{"not_picked":["Empty Cage","Calling Bell"],"picked":"Black Star"},{"not_picked":["Runic Cube","Lizard Tail"],"picked":"Cursed Key"}],"items_purged_floors":[46],"is_endless":false,"potions_floor_spawned":[8,10,11,14,18,20,21,27,33,35,38,40],"killed_by":"Donu and Deca","ascension_level":7}