{"gold_per_floor":[115,130,141,141,157,59,59,72,72,72,18,45,45,45,45,148,148,166,184,204,204,14,14,28,28,28,28,63,63,93,93,93,93],"floor_reached":33,"playtime":1339,"items_purged":["Strike_R"],"score":333,"play_id":"20a0de83-433a-4d0b-aab5-86cc146bcf36","local_time":"20190227220407","is_ascension_mode":false,"campfire_choices":[{"data":"Armaments","floor":7,"key":"SMITH"},{"data":"Pommel Strike","floor":10,"key":"SMITH"},{"data":"Entrench","floor":13,"key":"SMITH"},{"data":"Cleave","floor":15,"key":"SMITH"},{"data":"Apotheosis","floor":23,"key":"SMITH"},{"data":"Offering","floor":27,"key":"SMITH"},{"data":"Body Slam","floor":29,"key":"SMITH"},{"floor":32,"key":"REST"}],"neow_cost":"NONE","seed_source_timestamp":371504973736662,"circlet_count":0,"master_deck":["Strike_R","Strike_R","Strike_R","Defend_R","Defend_R","Defend_R","Defend_R","Bash+1","Entrench+1","Armaments+1","Flex","Pommel Strike+1","Flex","Twin Strike","Cleave+1","Offering+1","Combust+1","Body Slam+1","Apotheosis+1","Shrug It Off","Pommel Strike","Whirlwind","Dual Wield"],"relics":["Burning Blood","Paper Frog","Ginger","White Beast Statue","Pear","Sundial","Bronze Scales","SsserpentHead"],"potions_floor_usage":[12,16,19,20,28,30,33,33,33],"damage_taken":[{"damage":4,"enemies":"2 Louse","floor":1,"turns":3},{"damage":1,"enemies":"Cultist","floor":2,"turns":3},{"damage":6,"enemies":"Jaw Worm","floor":3,"turns":3},{"damage":0,"enemies":"2 Fungi Beasts","floor":5,"turns":5},{"damage":0,"enemies":"Looter","floor":8,"turns":4},{"damage":13,"enemies":"Lagavulin","floor":12,"turns":3},{"damage":68,"enemies":"Hexaghost","floor":16,"turns":10},{"damage":11,"enemies":"2 Thieves","floor":18,"turns":3},{"damage":6,"enemies":"Spheric Guardian","floor":19,"turns":3},{"damage":9,"enemies":"3 Cultists","floor":20,"turns":3},{"damage":14,"enemies":"Snecko","floor":24,"turns":4},{"damage":9,"enemies":"Gremlin Leader","floor":28,"turns":4},{"damage":39,"enemies":"Slavers","floor":30,"turns":3},{"damage":92,"enemies":"Automaton","floor":33,"turns":10}],"seed_played":"5134682357018099986","potions_obtained":[{"floor":3,"key":"AttackPotion"},{"floor":8,"key":"Poison Potion"},{"floor":16,"key":"Swift Potion"},{"floor":18,"key":"LiquidBronze"},{"floor":19,"key":"EssenceOfSteel"},{"floor":20,"key":"Fruit Juice"},{"floor":24,"key":"Explosive Potion"},{"floor":28,"key":"Explosive Potion"},{"floor":30,"key":"SteroidPotion"}],"is_trial":false,"path_per_floor":["M","M","M","?","M","$","R","M","T","R","$","E","R","?","R","B",null,"M","M","M","?","$","R","M","?","T","R","E","R","E","?","R","B"],"character_chosen":"IRONCLAD","items_purchased":["Pommel Strike","Twin Strike","Apotheosis","Shrug It Off"],"campfire_rested":1,"item_purchase_floors":[6,11,22,22],"current_hp_per_floor":[80,80,80,80,80,80,80,80,80,80,80,73,73,78,78,16,85,80,80,82,82,82,82,74,74,84,84,81,81,48,48,78,0],"gold":93,"neow_bonus":"UPGRADE_CARD","is_prod":false,"is_daily":false,"chose_seed":false,"campfire_upgraded":7,"win_rate":0,"timestamp":1551276247,"path_taken":["M","M","M","?","?","$","R","M","T","R","?","E","R","?","R","BOSS","M","M","M","?","$","R","M","?","T","R","E","R","E","?","R","BOSS"],"build_version":"2019-01-23","purchased_purges":1,"victory":false,"max_hp_per_floor":[80,80,80,80,80,80,80,80,80,80,80,80,80,85,85,85,85,85,85,90,90,90,90,90,90,100,100,100,100,100,100,100,100],"card_choices":[{"not_picked":["Clothesline","Carnage"],"picked":"Entrench","floor":1},{"not_picked":["Uppercut","Wild Strike"],"picked":"Armaments","floor":2},{"not_picked":["Combust","Searing Blow","Feel No Pain"],"picked":"SKIP","floor":3},{"not_picked":["Warcry","True Grit"],"picked":"Flex","floor":5},{"not_picked":["Clothesline","Power Through"],"picked":"Flex","floor":8},{"not_picked":["Headbutt","Entrench"],"picked":"Cleave","floor":12},{"not_picked":["Immolate","Reaper"],"picked":"Offering","floor":16},{"not_picked":["Perfected Strike","Metallicize"],"picked":"Combust+1","floor":18},{"not_picked":["Wild Strike","Reckless Charge","Perfected Strike"],"picked":"SKIP","floor":19},{"not_picked":["Flex","Sentinel"],"picked":"Body Slam","floor":20},{"not_picked":["Flex","Rampage"],"picked":"Pommel Strike","floor":24},{"not_picked":["Anger","Thunderclap"],"picked":"Whirlwind","floor":28},{"not_picked":["Sword Boomerang+1","Flex+1"],"picked":"Dual Wield","floor":30}],"player_experience":709814,"relics_obtained":[{"floor":9,"key":"Paper Frog"},{"floor":12,"key":"Ginger"},{"floor":26,"key":"Pear"},{"floor":28,"key":"Sundial"},{"floor":30,"key":"Bronze Scales"}],"event_choices":[{"cards_removed":["Strike_R"],"damage_healed":0,"gold_gain":0,"player_choice":"Purged","damage_taken":0,"max_hp_gain":0,"max_hp_loss":0,"event_name":"Purifier","floor":4,"gold_loss":0},{"damage_healed":0,"gold_gain":0,"player_choice":"Donut","damage_taken":0,"max_hp_gain":5,"max_hp_loss":0,"event_name":"Big Fish","floor":14,"gold_loss":0},{"damage_healed":0,"gold_gain":0,"player_choice":"Ignored","damage_taken":0,"max_hp_gain":0,"max_hp_loss":0,"event_name":"Ghosts","floor":21,"gold_loss":0},{"damage_healed":0,"gold_gain":0,"player_choice":"Ignored","damage_taken":0,"max_hp_gain":0,"max_hp_loss":0,"event_name":"Beggar","floor":25,"gold_loss":0},{"damage_healed":0,"gold_gain":0,"player_choice":"Trade","damage_taken":0,"relics_obtained":["SsserpentHead"],"max_hp_gain":0,"max_hp_loss":0,"event_name":"FaceTrader","floor":31,"gold_loss":0}],"is_beta":false,"boss_relics":[{"not_picked":["Eternal Feather","Runic Pyramid"],"picked":"White Beast Statue"}],"items_purged_floors":[6],"is_endless":false,"potions_floor_spawned":[3,8,16,18,19,20,24,28,30],"killed_by":"Automaton","ascension_level":0}