{"gold_per_floor":[117,136,136,136,155,155,7,26,53,67,85,119,134,159,159,282,282,298,312,31,44,65,65,65],"floor_reached":24,"playtime":1220,"items_purged":["Injury"],"score":255,"play_id":"cbf99347-c865-4c7a-97e0-83c85d030cc7","local_time":"20190325203157","is_ascension_mode":true,"campfire_choices":[{"data":"Bash","floor":6,"key":"SMITH"},{"floor":15,"key":"REST"},{"floor":23,"key":"REST"}],"neow_cost":"NONE","seed_source_timestamp":426386295407800,"circlet_count":0,"master_deck":["Strike_R","Strike_R+1","Strike_R","Strike_R","Defend_R","Defend_R","Defend_R","Defend_R+1","Bash+1","Pummel","Thunderclap","Seeing Red","Reaper","Infernal Blade","Dropkick","Demon Form","True Grit","Intimidate+1","Flex+1"],"relics":["Burning Blood","Golden Idol","Happy Flower","Orichalcum","Mark of Pain","ClockworkSouvenir"],"potions_floor_usage":[10,19,19],"damage_taken":[{"damage":0,"enemies":"Small Slimes","floor":1,"turns":3},{"damage":9,"enemies":"2 Louse","floor":2,"turns":4},{"damage":1,"enemies":"Cultist","floor":5,"turns":4},{"damage":9,"enemies":"Looter","floor":8,"turns":3},{"damage":22,"enemies":"Gremlin Gang","floor":10,"turns":5},{"damage":3,"enemies":"2 Fungi Beasts","floor":11,"turns":4},{"damage":26,"enemies":"Gremlin Nob","floor":12,"turns":4},{"damage":2,"enemies":"3 Louse","floor":13,"turns":4},{"damage":6,"enemies":"Looter","floor":14,"turns":3},{"damage":60,"enemies":"The Guardian","floor":16,"turns":13},{"damage":34,"enemies":"Shell Parasite","floor":18,"turns":6},{"damage":42,"enemies":"2 Thieves","floor":19,"turns":4},{"damage":29,"enemies":"Snecko","floor":21,"turns":6},{"damage":13,"enemies":"Cultist and Chosen","floor":22,"turns":6},{"damage":64,"enemies":"Book of Stabbing","floor":24,"turns":5}],"seed_played":"6615712998899385309","potions_obtained":[{"floor":2,"key":"SteroidPotion"},{"floor":5,"key":"FairyPotion"},{"floor":11,"key":"FearPotion"},{"floor":12,"key":"Explosive Potion"},{"floor":16,"key":"LiquidBronze"},{"floor":22,"key":"SteroidPotion"}],"is_trial":false,"path_per_floor":["M","M","?","?","M","R","$","M","T","M","M","E","M","M","R","B",null,"M","M","$","M","M","R","E"],"character_chosen":"IRONCLAD","items_purchased":["Happy Flower","ClockworkSouvenir"],"campfire_rested":2,"item_purchase_floors":[7,20],"current_hp_per_floor":[80,77,61,61,66,66,66,63,63,47,50,30,40,40,64,16,64,36,18,18,21,23,47,0],"gold":65,"neow_bonus":"REMOVE_CARD","is_prod":false,"is_daily":false,"chose_seed":false,"campfire_upgraded":1,"win_rate":0,"timestamp":1553542317,"path_taken":["M","M","?","?","M","R","$","M","T","M","M","E","M","M","R","BOSS","M","M","$","M","M","R","E"],"build_version":"2019-01-23","purchased_purges":1,"victory":false,"max_hp_per_floor":[80,80,80,80,80,80,80,80,80,80,80,80,80,80,80,80,80,80,80,80,80,80,80,80],"card_choices":[{"not_picked":["Havoc","Perfected Strike","Evolve"],"picked":"SKIP","floor":1},{"not_picked":["Evolve","Power Through"],"picked":"Pummel","floor":2},{"not_picked":["Warcry","Perfected Strike","Sever Soul"],"picked":"SKIP","floor":5},{"not_picked":["Sword Boomerang","Searing Blow","Twin Strike"],"picked":"SKIP","floor":8},{"not_picked":["Perfected Strike","Seeing Red"],"picked":"Thunderclap","floor":10},{"not_picked":["Evolve","Bloodletting"],"picked":"Seeing Red","floor":11},{"not_picked":["Thunderclap","Bloodletting"],"picked":"Reaper","floor":12},{"not_picked":["Bloodletting","Body Slam"],"picked":"Infernal Blade","floor":13},{"not_picked":["True Grit","Heavy Blade"],"picked":"Dropkick","floor":14},{"not_picked":["Juggernaut","Feed"],"picked":"Demon Form","floor":16},{"not_picked":["Warcry","Sword Boomerang"],"picked":"True Grit","floor":18},{"not_picked":["Infernal Blade","Entrench","Thunderclap"],"picked":"SKIP","floor":19},{"not_picked":["Disarm","Searing Blow"],"picked":"Intimidate+1","floor":21},{"not_picked":["Ghostly Armor","Reckless Charge+1"],"picked":"Flex+1","floor":22}],"player_experience":436946,"relics_obtained":[{"floor":12,"key":"Orichalcum"}],"event_choices":[{"damage_healed":0,"gold_gain":0,"player_choice":"Entered Light","damage_taken":16,"max_hp_gain":0,"max_hp_loss":0,"event_name":"Shining Light","floor":3,"gold_loss":0,"cards_upgraded":["Defend_R","Strike_R"]},{"damage_healed":0,"gold_gain":0,"player_choice":"Take Wound","damage_taken":0,"relics_obtained":["Golden Idol"],"max_hp_gain":0,"max_hp_loss":0,"event_name":"Golden Idol","floor":4,"gold_loss":0,"cards_obtained":["Injury"]}],"is_beta":false,"boss_relics":[{"not_picked":["Empty Cage","Eternal Feather"],"picked":"Mark of Pain"}],"items_purged_floors":[20],"is_endless":false,"potions_floor_spawned":[2,5,11,12,16,22],"killed_by":"Book of Stabbing","ascension_level":5}