{"gold_per_floor":[118,193,47,47,66,99,109,109,109,109,129,159,173,191,191,289,289,305,324,45,45],"floor_reached":21,"playtime":817,"items_purged":["Strike_B","Defend_B"],"score":313,"play_id":"c18efc0b-9197-4042-ae42-3c81b80d8e5c","local_time":"20181220114038","is_ascension_mode":true,"campfire_choices":[{"data":"Dualcast","floor":8,"key":"SMITH"},{"data":"Defragment","floor":15,"key":"SMITH"}],"neow_cost":"NONE","seed_source_timestamp":10086304441900,"circlet_count":0,"master_deck":["Strike_B","Strike_B","Strike_B","Defend_B","Defend_B","Defend_B","Zap+1","Dualcast+1","Self Repair+1","Sweeping Beam","Coolheaded","Blizzard","FTL","Defragment+1","Core Surge","Blizzard"],"relics":["Cracked Core","NeowsBlessing","The Courier","Blue Candle","Dodecahedron","Cursed Key","Frozen Egg 2"],"potions_floor_usage":[14],"damage_taken":[{"damage":0,"enemies":"Small Slimes","floor":1,"turns":1},{"damage":0,"enemies":"Jaw Worm","floor":5,"turns":1},{"damage":0,"enemies":"Gremlin Nob","floor":6,"turns":1},{"damage":9,"enemies":"2 Louse","floor":7,"turns":3},{"damage":6,"enemies":"Exordium Wildlife","floor":11,"turns":4},{"damage":23,"enemies":"Lagavulin","floor":12,"turns":8},{"damage":6,"enemies":"Exordium Thugs","floor":13,"turns":5},{"damage":7,"enemies":"Gremlin Gang","floor":14,"turns":3},{"damage":39,"enemies":"The Guardian","floor":16,"turns":15},{"damage":27,"enemies":"2 Thieves","floor":18,"turns":4},{"damage":24,"enemies":"Shell Parasite","floor":19,"turns":8},{"damage":31,"enemies":"Snake Plant","floor":21,"turns":3}],"seed_played":"6052643322559037622","potions_obtained":[{"floor":7,"key":"GamblersBrew"},{"floor":11,"key":"GamblersBrew"},{"floor":12,"key":"Ancient Potion"},{"floor":13,"key":"Swift Potion"},{"floor":16,"key":"Strength Potion"},{"floor":18,"key":"Regen Potion"}],"is_trial":false,"path_per_floor":["M","?","$","?","M","E","M","R","T","?","M","E","M","M","R","B",null,"M","M","$","M"],"character_chosen":"DEFECT","items_purchased":["Self Repair","Frozen Egg 2"],"campfire_rested":0,"item_purchase_floors":[3,20],"current_hp_per_floor":[68,57,57,42,42,52,53,53,53,53,57,44,48,51,51,22,62,45,31,31,0],"gold":45,"neow_bonus":"THREE_ENEMY_KILL","is_prod":false,"is_daily":false,"chose_seed":false,"campfire_upgraded":2,"win_rate":0,"timestamp":1545302438,"path_taken":["M","?","$","?","M","E","M","R","T","?","M","E","?","M","R","BOSS","M","M","$","M"],"build_version":"2018-12-13","purchased_purges":2,"victory":false,"max_hp_per_floor":[75,75,75,75,75,75,75,75,75,75,75,75,75,75,75,75,75,75,75,75,75],"card_choices":[{"not_picked":["Conserve Battery","Hologram","Streamline"],"picked":"SKIP","floor":1},{"not_picked":["Rebound","Leap"],"picked":"Sweeping Beam","floor":5},{"not_picked":["Conserve Battery","Electrodynamics"],"picked":"Coolheaded","floor":6},{"not_picked":["Leap","Compile Driver","Beam Cell"],"picked":"SKIP","floor":7},{"not_picked":["Ball Lightning","Leap"],"picked":"Blizzard","floor":11},{"not_picked":["Rebound","Reprogram","Beam Cell"],"picked":"SKIP","floor":12},{"not_picked":["Barrage","Turbo"],"picked":"FTL","floor":13},{"not_picked":["Recycle","Rip and Tear"],"picked":"Defragment","floor":14},{"not_picked":["Thunder Strike","Amplify"],"picked":"Core Surge","floor":16},{"not_picked":["Go for the Eyes+1","Beam Cell","Leap"],"picked":"SKIP","floor":18},{"not_picked":["Fusion+1","Conserve Battery"],"picked":"Blizzard","floor":19}],"player_experience":289281,"relics_obtained":[{"floor":6,"key":"The Courier"},{"floor":9,"key":"Blue Candle"},{"floor":12,"key":"Dodecahedron"}],"event_choices":[{"damage_healed":0,"gold_gain":75,"player_choice":"Gather Gold","damage_taken":11,"max_hp_gain":0,"max_hp_loss":0,"event_name":"World of Goop","floor":2,"gold_loss":0},{"damage_healed":0,"gold_gain":0,"player_choice":"Entered Light","damage_taken":15,"max_hp_gain":0,"max_hp_loss":0,"event_name":"Shining Light","floor":4,"gold_loss":0,"cards_upgraded":["Self Repair","Zap"]},{"damage_healed":0,"gold_gain":0,"player_choice":"Ignored","damage_taken":0,"max_hp_gain":0,"max_hp_loss":0,"event_name":"Liars Game","floor":10,"gold_loss":0}],"is_beta":false,"boss_relics":[{"not_picked":["Velvet Choker","Black Star"],"picked":"Cursed Key"}],"items_purged_floors":[3,20],"is_endless":false,"potions_floor_spawned":[7,11,12,13,16,18],"killed_by":"Snake Plant","ascension_level":9}