{"gold_per_floor":[119,44,58,78,98,98,123,135,147,189,220,250,127,138,138,234,234,254,274,54,68,68],"floor_reached":22,"playtime":1867,"items_purged":["Strike_G","Strike_G","Defend_G"],"score":220,"play_id":"6a7b2228-23fd-4b03-91ed-80156c7d85a5","local_time":"20190308023514","is_ascension_mode":true,"campfire_choices":[{"data":"Dodge and Roll","floor":6,"key":"SMITH"},{"data":"Footwork","floor":8,"key":"SMITH"},{"floor":15,"key":"REST"}],"neow_cost":"NONE","seed_source_timestamp":445662004698700,"circlet_count":0,"master_deck":["Defend_G","Defend_G","Defend_G","Defend_G","Strike_G","Strike_G","Strike_G","Survivor","Neutralize","A Thousand Cuts","PiercingWail","Poisoned Stab","Dodge and Roll+1","Dash","Footwork+1","Distraction","Well Laid Plans+1","Envenom+1","PiercingWail+1","Backflip+1","Dramatic Entrance"],"relics":["Ring of the Snake","MawBank","Anchor","Frozen Egg 2","HoveringKite"],"potions_floor_usage":[7,7,10,14,21],"damage_taken":[{"damage":1,"enemies":"Cultist","floor":1,"turns":5},{"damage":4,"enemies":"Jaw Worm","floor":3,"turns":7},{"damage":11,"enemies":"2 Louse","floor":4,"turns":3},{"damage":0,"enemies":"Blue Slaver","floor":5,"turns":5},{"damage":12,"enemies":"3 Sentries","floor":7,"turns":8},{"damage":6,"enemies":"Lagavulin","floor":10,"turns":12},{"damage":1,"enemies":"3 Louse","floor":11,"turns":4},{"damage":5,"enemies":"Exordium Thugs","floor":12,"turns":6},{"damage":2,"enemies":"Gremlin Gang","floor":14,"turns":5},{"damage":34,"enemies":"Slime Boss","floor":16,"turns":13},{"damage":26,"enemies":"Chosen","floor":18,"turns":9},{"damage":22,"enemies":"3 Byrds","floor":19,"turns":8},{"damage":11,"enemies":"Centurion and Healer","floor":21,"turns":15}],"seed_played":"-4111199840818590306","potions_obtained":[{"floor":3,"key":"Ancient Potion"},{"floor":4,"key":"Ancient Potion"},{"floor":5,"key":"PowerPotion"},{"floor":11,"key":"PowerPotion"},{"floor":14,"key":"GhostInAJar"},{"floor":18,"key":"SpeedPotion"},{"floor":19,"key":"Poison Potion"},{"floor":21,"key":"Dexterity Potion"}],"is_trial":false,"path_per_floor":["M","$","M","M","M","R","E","R","T","E","M","M","$","M","R","B",null,"M","M","$","M","?"],"character_chosen":"THE_SILENT","items_purchased":["Well Laid Plans+1","Dramatic Entrance"],"campfire_rested":1,"item_purchase_floors":[13,20],"current_hp_per_floor":[69,69,65,54,54,54,42,42,42,36,35,30,30,28,49,15,70,44,22,22,11,0],"gold":68,"neow_bonus":"ONE_RANDOM_RARE_CARD","is_prod":false,"is_daily":false,"chose_seed":false,"campfire_upgraded":2,"win_rate":0,"timestamp":1552008914,"path_taken":["M","$","M","M","M","R","E","R","T","E","M","M","?","M","R","BOSS","M","M","$","M","?"],"build_version":"2019-01-23","purchased_purges":3,"victory":false,"max_hp_per_floor":[70,70,70,70,70,70,70,70,70,70,70,70,70,70,70,70,70,70,70,70,70,75],"card_choices":[{"not_picked":["Cloak And Dagger","Underhanded Strike"],"picked":"PiercingWail","floor":1},{"not_picked":["Acrobatics","Blur"],"picked":"Poisoned Stab","floor":3},{"not_picked":["Poisoned Stab","Endless Agony"],"picked":"Dodge and Roll","floor":4},{"not_picked":["Backflip","Dagger Spray"],"picked":"Dash","floor":5},{"not_picked":["Predator","Burst"],"picked":"Footwork","floor":7},{"not_picked":["Deflect","Outmaneuver","Quick Slash"],"picked":"SKIP","floor":10},{"not_picked":["Reflex","Outmaneuver"],"picked":"Distraction","floor":11},{"not_picked":["Concentrate","Sucker Punch","Reflex"],"picked":"SKIP","floor":12},{"not_picked":["Flechettes","Dash","Reflex"],"picked":"SKIP","floor":14},{"not_picked":["Adrenaline","Die Die Die"],"picked":"Envenom+1","floor":16},{"not_picked":["Dodge and Roll","Outmaneuver+1"],"picked":"PiercingWail+1","floor":18},{"not_picked":["Cloak And Dagger","Sucker Punch"],"picked":"Backflip+1","floor":19},{"not_picked":["Heel Hook+1","Bane","Acrobatics"],"picked":"SKIP","floor":21}],"player_experience":334338,"relics_obtained":[{"floor":7,"key":"MawBank"},{"floor":9,"key":"Anchor"},{"floor":10,"key":"Frozen Egg 2"}],"event_choices":[],"is_beta":false,"boss_relics":[{"not_picked":["Coffee Dripper","Lizard Tail"],"picked":"HoveringKite"}],"items_purged_floors":[2,13,20],"is_endless":false,"potions_floor_spawned":[3,4,5,11,14,18,19,21],"ascension_level":2}