{"gold_per_floor":[169,16,30,49,65,65,99,99,122,122,122,149,161,161,161,280,280,295,495,43,0,0,40,40],"floor_reached":24,"playtime":1596,"items_purged":["Strike_B"],"score":309,"play_id":"35d715d0-2653-4fd9-97f3-945e25d1d2ce","local_time":"20190318202322","is_ascension_mode":true,"campfire_choices":[{"data":"Defragment","floor":6,"key":"SMITH"},{"floor":11,"key":"REST"},{"floor":15,"key":"REST"}],"neow_cost":"NONE","seed_source_timestamp":518304597505458,"circlet_count":0,"master_deck":["Strike_B","Strike_B","Strike_B+1","Defend_B","Defend_B","Defend_B","Defend_B","Zap","Dualcast","Chill","Ball Lightning","Defragment+1","FTL","Go for the Eyes","Chill","Consume","Creative AI","Redo","Defragment","Cold Snap","Chill"],"relics":["Tiny House","Regal Pillow","Dream Catcher","Ancient Tea Set","Centennial Puzzle","Juzu Bracelet","Omamori","Golden Idol","Nuclear Battery","Gambling Chip","Anchor","Meat on the Bone"],"potions_floor_usage":[7,7,23],"damage_taken":[{"damage":4,"enemies":"Small Slimes","floor":1,"turns":4},{"damage":0,"enemies":"Jaw Worm","floor":3,"turns":3},{"damage":0,"enemies":"2 Louse","floor":4,"turns":2},{"damage":3,"enemies":"Exordium Thugs","floor":5,"turns":4},{"damage":0,"enemies":"3 Sentries","floor":7,"turns":4},{"damage":35,"enemies":"Gremlin Nob","floor":12,"turns":5},{"damage":0,"enemies":"2 Fungi Beasts","floor":13,"turns":3},{"damage":41,"enemies":"The Guardian","floor":16,"turns":15},{"damage":9,"enemies":"3 Byrds","floor":18,"turns":5},{"damage":17,"enemies":"2 Thieves","floor":21,"turns":4},{"damage":37,"enemies":"Slavers","floor":23,"turns":8},{"damage":7,"enemies":"Snake Plant","floor":24,"turns":2}],"seed_played":"5536734993694275056","potions_obtained":[{"floor":0,"key":"Swift Potion"},{"floor":3,"key":"Explosive Potion"},{"floor":4,"key":"Explosive Potion"},{"floor":7,"key":"Swift Potion"},{"floor":12,"key":"SteroidPotion"},{"floor":18,"key":"Fire Potion"},{"floor":23,"key":"Fire Potion"}],"is_trial":false,"path_per_floor":["M","$","M","M","M","R","E","?","T","T","R","E","M","?","R","B",null,"M","?","$","M","?","E","M"],"character_chosen":"DEFECT","items_purchased":["Regal Pillow","Gambling Chip","Defragment"],"campfire_rested":2,"item_purchase_floors":[2,20,20],"current_hp_per_floor":[76,76,76,76,73,73,73,55,55,55,80,45,45,45,80,39,70,61,61,61,44,44,7,0],"gold":40,"neow_bonus":"BOSS_RELIC","is_prod":false,"is_daily":false,"chose_seed":false,"campfire_upgraded":1,"win_rate":0,"timestamp":1552958602,"path_taken":["M","$","M","M","M","R","E","?","T","?","R","E","M","?","R","BOSS","M","?","?","M","?","E","M"],"build_version":"2019-01-23","purchased_purges":1,"victory":false,"max_hp_per_floor":[80,80,80,80,80,80,80,80,80,80,80,80,80,80,80,80,80,80,80,80,80,80,80,80],"card_choices":[{"not_picked":["Steam","Streamline"],"picked":"Chill","floor":0},{"not_picked":["Undo","Stack"],"picked":"Ball Lightning","floor":1},{"not_picked":["Coolheaded","Sunder"],"picked":"Defragment","floor":3},{"not_picked":["Beam Cell","Hyperbeam"],"picked":"FTL","floor":4},{"not_picked":["Static Discharge","Compile Driver","Rip and Tear"],"picked":"SKIP","floor":5},{"not_picked":["FTL","Sweeping Beam"],"picked":"Go for the Eyes","floor":7},{"not_picked":["Coolheaded","Storm"],"picked":"Chill","floor":12},{"not_picked":["Sweeping Beam","Steam","Static Discharge"],"picked":"SKIP","floor":13},{"not_picked":["Steam","Rainbow"],"picked":"Consume","floor":15},{"not_picked":["Fission","Rainbow"],"picked":"Creative AI","floor":16},{"not_picked":["Coolheaded+1","Go for the Eyes"],"picked":"Redo","floor":18},{"not_picked":["Stack+1","Beam Cell+1"],"picked":"Cold Snap","floor":21},{"not_picked":["Sunder","Meteor Strike"],"picked":"Chill","floor":23}],"player_experience":315108,"relics_obtained":[{"floor":7,"key":"Dream Catcher"},{"floor":9,"key":"Centennial Puzzle"},{"floor":10,"key":"Juzu Bracelet"},{"floor":12,"key":"Omamori"},{"floor":23,"key":"Meat on the Bone"}],"event_choices":[{"damage_healed":0,"gold_gain":0,"player_choice":"Success","damage_taken":18,"relics_obtained":["Ancient Tea Set"],"max_hp_gain":0,"max_hp_loss":0,"event_name":"Scrap Ooze","floor":8,"gold_loss":0},{"damage_healed":0,"gold_gain":0,"player_choice":"Take Wound","damage_taken":0,"relics_obtained":["Golden Idol"],"max_hp_gain":0,"max_hp_loss":0,"event_name":"Golden Idol","floor":14,"gold_loss":0,"cards_obtained":["Injury"]},{"damage_healed":0,"gold_gain":200,"player_choice":"Gold","damage_taken":0,"max_hp_gain":0,"max_hp_loss":0,"event_name":"Wheel of Change","floor":19,"gold_loss":0},{"damage_healed":0,"gold_gain":0,"player_choice":"Stole Relic","damage_taken":0,"relics_obtained":["Anchor"],"max_hp_gain":0,"max_hp_loss":0,"event_name":"Addict","floor":22,"gold_loss":0,"cards_obtained":["Shame"]}],"is_beta":false,"boss_relics":[{"not_picked":["Cursed Key","Eternal Feather"],"picked":"Nuclear Battery"}],"items_purged_floors":[20],"is_endless":false,"potions_floor_spawned":[3,4,7,12,18,23],"killed_by":"Snake Plant","ascension_level":5}