{"path_per_floor":["M","M","?","$","M","R","M","R","T","E","$","?","$","E","R","B",null,"M","?","$","M","$","E","?","R","T","?","M","M","$","?","R","B",null,"M","$","M","M","M","R","M","R","T","$","R","?","?","T","R","B"],"character_chosen":"IRONCLAD","items_purchased":["Seeing Red","Omamori","Bag of Marbles","Apotheosis","Wild Strike"],"gold_per_floor":[116,126,301,149,164,164,176,176,203,236,84,146,0,34,34,139,139,150,75,75,86,86,119,119,119,191,191,205,218,11,11,11,113,113,123,78,95,109,125,125,135,135,135,35,35,35,0,25,25,25],"floor_reached":51,"campfire_rested":2,"playtime":2303,"current_hp_per_floor":[80,80,80,80,80,80,80,80,80,80,80,71,71,66,66,34,84,79,79,79,81,81,56,56,56,56,39,46,48,48,78,78,46,91,88,88,85,74,44,74,78,78,78,78,108,108,108,108,108,79],"items_purged":["Doubt","Strike_R"],"gold":25,"score":696,"play_id":"6efd5bd9-27bc-4fc8-90cf-37b3031f3669","local_time":"20180318004859","is_prod":false,"is_daily":false,"is_ascension_mode":false,"campfire_upgraded":7,"timestamp":1521305339,"path_taken":["M","M","?","$","M","R","M","R","T","E","$","?","?","E","R","BOSS","M","?","$","M","$","E","?","R","T","?","M","M","$","?","R","BOSS","M","$","M","M","M","R","M","R","T","$","R","?","?","?","R","BOSS"],"build_version":"2018-03-15v2","purchased_purges":4,"victory":true,"master_deck":["Strike_R","Strike_R","Strike_R","Defend_R+1","Defend_R+1","Defend_R","Defend_R","Bash+1","Battle Trance+1","Iron Wave+1","Seeing Red+1","Headbutt","Offering+1","Evolve+1","Spot Weakness+1","Pommel Strike+1","Ghostly Armor","Apotheosis+1","Feed","Spot Weakness","Wild Strike","Sword Boomerang+1"],"max_hp_per_floor":[80,80,80,80,80,80,80,80,80,80,80,82,82,84,84,84,84,84,84,84,86,86,86,86,86,86,91,91,91,91,91,91,91,91,91,91,91,97,102,102,108,108,108,108,108,108,108,108,108,108],"relics":["Burning Blood","Vajra","War Paint","Red Skull","Omamori","Singing Bowl","Bag of Marbles","Juzu Bracelet","Sozu","Ancient Tea Set","Toolbox","Black Star","Champion Belt","Red Mask","Orichalcum"],"card_choices":[{"not_picked":["Burning Pact","True Grit"],"picked":"Battle Trance"},{"not_picked":["Infernal Blade","Anger"],"picked":"Iron Wave"},{"not_picked":["Cleave","Fiend Fire"],"picked":"Headbutt"},{"not_picked":["Limit Break","Juggernaut"],"picked":"Offering"},{"not_picked":["Perfected Strike","Armaments"],"picked":"Evolve"},{"not_picked":["Heavy Blade","Uppercut"],"picked":"Spot Weakness"},{"not_picked":["Sword Boomerang","Anger"],"picked":"Pommel Strike"},{"not_picked":["Flame Barrier","Flex"],"picked":"Ghostly Armor"},{"not_picked":["Fiend Fire","Berserk"],"picked":"Feed"},{"not_picked":["Clash","Havoc"],"picked":"Spot Weakness"},{"not_picked":["Clothesline","True Grit"],"picked":"Sword Boomerang"}],"player_experience":338725,"potions_floor_usage":[10,14,50],"damage_taken":[{"damage":0,"enemies":"Small Slimes","floor":1,"turns":4},{"damage":6,"enemies":"2 Louse","floor":2,"turns":3},{"damage":3,"enemies":"Jaw Worm","floor":5,"turns":3},{"damage":3,"enemies":"2 Fungi Beasts","floor":7,"turns":3},{"damage":2,"enemies":"3 Sentries","floor":10,"turns":8},{"damage":17,"enemies":"3 Sentries","floor":12,"turns":9},{"damage":13,"enemies":"Lagavulin","floor":14,"turns":6},{"damage":38,"enemies":"Hexaghost","floor":16,"turns":10},{"damage":11,"enemies":"2 Thieves","floor":18,"turns":3},{"damage":6,"enemies":"Shell Parasite","floor":21,"turns":3},{"damage":31,"enemies":"Gremlin Leader","floor":23,"turns":7},{"damage":3,"enemies":"Snecko","floor":28,"turns":5},{"damage":4,"enemies":"Centurion and Healer","floor":29,"turns":3},{"damage":38,"enemies":"Automaton","floor":33,"turns":12},{"damage":9,"enemies":"Orb Walker","floor":35,"turns":3},{"damage":9,"enemies":"3 Darklings","floor":37,"turns":6},{"damage":23,"enemies":"Sphere and 2 Shapes","floor":38,"turns":4},{"damage":41,"enemies":"4 Shapes","floor":39,"turns":4},{"damage":8,"enemies":"3 Darklings","floor":41,"turns":3},{"damage":35,"enemies":"Donu and Deca","floor":50,"turns":7}],"event_choices":[{"event_name":"Liars Game","player_choice":"agreed","floor":3,"damage_taken":0},{"event_name":"Dead Adventurer","player_choice":"Searched \u00271\u0027 times","floor":12,"damage_taken":0},{"event_name":"Beggar","player_choice":"Gave Gold","floor":19,"damage_taken":0},{"event_name":"Accursed Blacksmith","player_choice":"Forge","floor":24,"damage_taken":0},{"event_name":"Forgotten Altar","player_choice":"Shed Blood","floor":27,"damage_taken":0},{"event_name":"The Library","player_choice":"Heal","floor":31,"damage_taken":0},{"event_name":"Winding Halls","player_choice":"Writhe","floor":46,"damage_taken":0},{"event_name":"Tomb of Lord Red Mask","player_choice":"Paid","floor":47,"damage_taken":0}],"boss_relics":[{"not_picked":["Tiny House","Pandora\u0027s Box"],"picked":"Sozu"},{"not_picked":["Snecko Eye","Philosopher\u0027s Stone"],"picked":"Black Star"}],"potions_floor_spawned":[1,5,10,23,28,38,39],"seed_played":"5141959077058204286","ascension_level":0,"is_trial":false}