{"path_per_floor":["M","M","?","M","M","R","M","E","T","M","R","M","?","M","R","B",null,"M","$","M","M","M","R","M","?","T","M","?","R","M","M","R"],"character_chosen":"IRONCLAD","items_purchased":["Bottled Lightning","Rampage"],"gold_per_floor":[119,134,134,145,161,161,172,202,202,212,212,224,224,236,236,337,337,347,68,82,95,111,111,131,131,178,195,195,195,207,217,217],"floor_reached":33,"campfire_rested":3,"playtime":1641,"current_hp_per_floor":[80,80,80,80,74,74,80,45,45,52,52,49,49,54,78,55,80,67,67,57,50,52,76,64,64,64,64,64,64,58,47,71],"items_purged":[],"gold":217,"score":257,"play_id":"0a174f89-df61-4a0b-9add-af380ecce13d","local_time":"20180318011635","is_prod":false,"is_daily":false,"is_ascension_mode":false,"campfire_upgraded":3,"timestamp":1521306995,"path_taken":["M","M","?","?","M","R","M","E","T","M","R","M","?","M","R","BOSS","M","$","M","M","M","R","M","?","T","M","?","R","M","M","R","BOSS"],"build_version":"2018-03-15v2","purchased_purges":0,"victory":false,"master_deck":["Strike_R","Strike_R","Strike_R","Strike_R","Strike_R","Defend_R","Defend_R","Defend_R","Defend_R","Bash+1","Bloodletting+1","Armaments+1","Thunderclap","Battle Trance","Blood for Blood","Disarm","Seeing Red","Offering+1","Rampage","Rupture+1","Ghostly Armor+1","Flex+1","Headbutt","Intimidate+1","Cleave+1","Shrug It Off","Headbutt"],"max_hp_per_floor":[80,80,80,80,80,80,80,80,80,80,80,80,80,80,80,80,80,80,80,80,80,80,80,80,80,80,80,80,80,80,80,80],"relics":["Burning Blood","Omamori","Meat on the Bone","Dream Catcher","Mark of Pain","Bottled Lightning","Juzu Bracelet","Art of War"],"card_choices":[{"not_picked":["Sword Boomerang","Thunderclap"],"picked":"Bloodletting"},{"not_picked":["Ghostly Armor","Dropkick"],"picked":"Armaments"},{"not_picked":["Clothesline","Sever Soul"],"picked":"Thunderclap"},{"not_picked":["Searing Blow","True Grit"],"picked":"Battle Trance"},{"not_picked":["Sword Boomerang","Twin Strike"],"picked":"Blood for Blood"},{"not_picked":["Perfected Strike","Bloodletting"],"picked":"Disarm"},{"not_picked":["Body Slam","Havoc"],"picked":"Seeing Red"},{"not_picked":["Barricade","Bludgeon"],"picked":"Offering"},{"not_picked":["Power Through","Cleave"],"picked":"Rupture"},{"not_picked":["True Grit","Cleave"],"picked":"Ghostly Armor"},{"not_picked":["Dark Embrace","Sword Boomerang"],"picked":"Flex"},{"not_picked":["Corruption","Clothesline"],"picked":"Headbutt"},{"not_picked":["Thunderclap","Fire Breathing"],"picked":"Intimidate"},{"not_picked":["Disarm","Heavy Blade"],"picked":"Cleave"},{"not_picked":["Sword Boomerang","Wild Strike"],"picked":"Shrug It Off"},{"not_picked":["Clash","Second Wind"],"picked":"Headbutt"}],"player_experience":341028,"potions_floor_usage":[12,21,22,27,33,33],"damage_taken":[{"damage":5,"enemies":"Cultist","floor":1,"turns":4},{"damage":4,"enemies":"Jaw Worm","floor":2,"turns":4},{"damage":1,"enemies":"2 Louse","floor":4,"turns":3},{"damage":12,"enemies":"Red Slaver","floor":5,"turns":7},{"damage":0,"enemies":"2 Fungi Beasts","floor":7,"turns":3},{"damage":41,"enemies":"Gremlin Nob","floor":8,"turns":5},{"damage":11,"enemies":"Lots of Slimes","floor":10,"turns":5},{"damage":9,"enemies":"3 Louse","floor":12,"turns":3},{"damage":1,"enemies":"Exordium Wildlife","floor":14,"turns":3},{"damage":29,"enemies":"The Guardian","floor":16,"turns":11},{"damage":19,"enemies":"Spheric Guardian","floor":18,"turns":5},{"damage":16,"enemies":"Chosen","floor":20,"turns":5},{"damage":13,"enemies":"Snake Plant","floor":21,"turns":4},{"damage":16,"enemies":"Slaver and Parasite","floor":22,"turns":5},{"damage":18,"enemies":"Cultist and Chosen","floor":24,"turns":7},{"damage":6,"enemies":"Centurion and Healer","floor":27,"turns":5},{"damage":12,"enemies":"Snecko","floor":30,"turns":4},{"damage":17,"enemies":"Chosen and Byrds","floor":31,"turns":6},{"damage":73,"enemies":"Collector","floor":33,"turns":9}],"event_choices":[{"event_name":"Liars Game","player_choice":"disagreed","floor":3,"damage_taken":0},{"event_name":"Upgrade Shrine","player_choice":"Upgraded","floor":13,"damage_taken":0},{"event_name":"The Mausoleum","player_choice":"Yes","floor":25,"damage_taken":0},{"event_name":"Upgrade Shrine","player_choice":"Upgraded","floor":28,"damage_taken":0}],"boss_relics":[{"not_picked":["Snecko Eye","Black Star"],"picked":"Mark of Pain"}],"potions_floor_spawned":[1,4,7,8,12,14,16,18,21,24,27],"seed_played":"-7616335161086345905","killed_by":"Collector","ascension_level":0,"is_trial":false}