{"path_per_floor":["M","M","?","?","?","R","$","R","T","R","$","M","R","M","R","B",null,"M","M","$","?","?","R"],"character_chosen":"IRONCLAD","items_purchased":["Whirlwind","Twin Strike"],"gold_per_floor":[109,121,296,246,246,246,71,71,95,95,95,115,115,127,127,222,222,232,242,142,0,0,0,0],"floor_reached":24,"campfire_rested":0,"playtime":675,"current_hp_per_floor":[77,80,80,80,80,80,80,80,80,80,80,80,80,76,76,40,83,86,77,77,77,77,77,26],"items_purged":["Strike_R","Strike_R"],"gold":0,"score":182,"play_id":"3f1393ce-d723-4ea4-997d-e10abd0d6571","local_time":"20180517232005","is_prod":false,"is_daily":false,"chose_seed":false,"is_ascension_mode":false,"campfire_upgraded":6,"timestamp":1526570405,"path_taken":["M","M","?","?","?","R","?","R","T","R","$","M","R","M","R","BOSS","M","M","$","?","?","R","M"],"build_version":"2018-05-10","seed_source_timestamp":17070617640421,"purchased_purges":2,"victory":false,"master_deck":["Strike_R","Strike_R","Strike_R","Defend_R","Defend_R","Defend_R","Defend_R","Bash+1","Shrug It Off+1","Pommel Strike+1","Headbutt","Whirlwind+1","Twin Strike","Feed","Pommel Strike+1","Limit Break+1","Pummel"],"max_hp_per_floor":[80,80,80,80,80,80,80,80,80,80,80,80,80,83,83,83,83,86,86,86,86,86,86,86],"relics":["Black Blood"],"card_choices":[{"not_picked":["Infernal Blade","Warcry"],"picked":"Shrug It Off","floor":0},{"not_picked":["Rampage","Thunderclap"],"picked":"Pommel Strike","floor":1},{"not_picked":["Sever Soul","Rage"],"picked":"Headbutt","floor":2},{"not_picked":["Armaments","Warcry"],"picked":"Feed","floor":12},{"not_picked":["Clash","Armaments"],"picked":"Pommel Strike","floor":14},{"not_picked":["Feed","Exhume"],"picked":"Limit Break","floor":16},{"not_picked":["Anger","Blood for Blood"],"picked":"Pummel","floor":18}],"player_experience":637101,"potions_floor_usage":[14],"damage_taken":[{"damage":9,"enemies":"2 Louse","floor":1,"turns":3},{"damage":3,"enemies":"Jaw Worm","floor":2,"turns":3},{"damage":0,"enemies":"Small Slimes","floor":12,"turns":2},{"damage":13,"enemies":"Exordium Wildlife","floor":14,"turns":4},{"damage":42,"enemies":"The Guardian","floor":16,"turns":13},{"damage":6,"enemies":"3 Byrds","floor":18,"turns":3},{"damage":19,"enemies":"Spheric Guardian","floor":19,"turns":5},{"damage":51,"enemies":"Cultist and Chosen","floor":24,"turns":6}],"event_choices":[{"event_name":"Liars Game","player_choice":"agreed","floor":3,"damage_taken":0},{"event_name":"The Cleric","player_choice":"Card Removal","floor":4,"damage_taken":0},{"event_name":"Golden Idol","player_choice":"Ignored","floor":5,"damage_taken":0},{"event_name":"Masked Bandits","player_choice":"Paid Bandits 142 gold","floor":21,"damage_taken":0},{"event_name":"Vampires","player_choice":"Ignored","floor":22,"damage_taken":0}],"boss_relics":[{"not_picked":["Tiny House","Pandora\u0027s Box"],"picked":"Black Blood"}],"potions_floor_spawned":[12],"seed_played":"-1364203571363479709","killed_by":"Cultist and Chosen","ascension_level":0,"is_trial":false}