{"path_per_floor":["M","$","?","M","?","R","?","R","T","M","R","E","?","?","R","B",null,"M","$","$","M","M","R","E","M","T","M","R","$","?","$","R"],"character_chosen":"IRONCLAD","items_purchased":["Shrug It Off","Pummel","Panacea","Dual Wield","Burning Pact"],"gold_per_floor":[109,64,34,46,46,46,46,46,72,92,92,119,119,119,119,220,220,234,107,31,43,58,58,91,106,106,117,117,42,42,3,3,3],"floor_reached":33,"campfire_rested":2,"playtime":1064,"current_hp_per_floor":[68,68,68,72,56,56,56,56,56,62,62,29,29,29,53,48,80,80,80,80,68,53,53,55,53,53,51,51,51,35,35,59,0],"items_purged":["Strike_R"],"gold":3,"score":300,"play_id":"d01d26e6-100b-403b-9b5c-61b023391369","local_time":"20180520165727","is_prod":false,"is_daily":false,"chose_seed":false,"is_ascension_mode":true,"campfire_upgraded":5,"timestamp":1526806647,"campfire_choices":[{"data":"Bash","floor":6,"key":"SMITH"},{"data":"Body Slam","floor":8,"key":"SMITH"},{"data":"Shrug It Off","floor":11,"key":"SMITH"},{"floor":15,"key":"REST"},{"data":"Dual Wield","floor":23,"key":"SMITH"},{"data":"Armaments","floor":28,"key":"SMITH"},{"floor":32,"key":"REST"}],"path_taken":["M","$","?","?","?","R","?","R","T","M","R","E","?","?","R","BOSS","M","?","$","M","?","R","E","M","T","M","R","$","?","?","R","BOSS"],"build_version":"2018-05-17","seed_source_timestamp":106073361802381,"purchased_purges":2,"victory":false,"master_deck":["Strike_R","Strike_R+1","Strike_R+1","Defend_R","Defend_R+1","Defend_R","Bash+1","Shrug It Off+1","Shrug It Off","Spot Weakness","Body Slam+1","Spot Weakness","Offering","Impervious","Thunderclap","Pummel","Panacea","Dual Wield+1","Twin Strike","Sword Boomerang","Body Slam","Armaments+1","Normality","Feed","Swift Strike","Burning Pact"],"max_hp_per_floor":[80,80,80,80,80,80,80,80,80,80,80,80,80,80,80,80,80,80,80,80,80,80,80,80,80,80,80,80,80,80,80,80,80],"relics":["Burning Blood","Ancient Tea Set","Whetstone","Happy Flower","Meat on the Bone","Cursed Key","Darkstone Periapt"],"card_choices":[{"not_picked":["Dual Wield","Clothesline"],"picked":"Shrug It Off","floor":1},{"not_picked":["Thunderclap","Infernal Blade"],"picked":"Spot Weakness","floor":4},{"not_picked":["Carnage","Wild Strike"],"picked":"Spot Weakness","floor":10},{"not_picked":["Body Slam","Anger"],"picked":"Offering","floor":12},{"not_picked":["Demon Form","Reaper"],"picked":"Impervious","floor":16},{"not_picked":["Armaments","Shrug It Off"],"picked":"Thunderclap","floor":18},{"not_picked":["Iron Wave","Thunderclap+1"],"picked":"Twin Strike","floor":21},{"not_picked":["Juggernaut","Pommel Strike"],"picked":"Sword Boomerang","floor":22},{"not_picked":["Rampage+1","Warcry"],"picked":"Body Slam","floor":24},{"not_picked":["Headbutt","Ghostly Armor"],"picked":"Armaments","floor":25},{"not_picked":["Perfected Strike","Wild Strike+1"],"picked":"Feed","floor":27}],"player_experience":652611,"potions_floor_usage":[12,22,24,25,33],"damage_taken":[{"damage":18,"enemies":"Jaw Worm","floor":1,"turns":4},{"damage":2,"enemies":"Cultist","floor":4,"turns":4},{"damage":0,"enemies":"2 Louse","floor":10,"turns":2},{"damage":39,"enemies":"Gremlin Nob","floor":12,"turns":4},{"damage":11,"enemies":"The Guardian","floor":16,"turns":9},{"damage":6,"enemies":"3 Byrds","floor":18,"turns":5},{"damage":18,"enemies":"2 Thieves","floor":21,"turns":3},{"damage":33,"enemies":"Snake Plant","floor":22,"turns":3},{"damage":16,"enemies":"Book of Stabbing","floor":24,"turns":4},{"damage":8,"enemies":"Centurion and Healer","floor":25,"turns":3},{"damage":8,"enemies":"Snecko","floor":27,"turns":4},{"damage":59,"enemies":"Automaton","floor":33,"turns":6}],"relics_obtained":[{"floor":9,"key":"Whetstone"},{"floor":12,"key":"Happy Flower"},{"floor":26,"key":"Darkstone Periapt"}],"event_choices":[{"event_name":"The Woman in Blue","player_choice":"Bought 2 Potions","floor":3,"damage_taken":0},{"event_name":"Shining Light","player_choice":"Entered Light","floor":5,"damage_taken":0},{"event_name":"Living Wall","player_choice":"Change","floor":7,"damage_taken":0},{"event_name":"Wheel of Change","player_choice":"Relic","floor":13,"damage_taken":0},{"event_name":"Purifier","player_choice":"One Purge","floor":14,"damage_taken":0},{"event_name":"Knowing Skull","player_choice":"CARD ","floor":30,"damage_taken":0}],"boss_relics":[{"not_picked":["Runic Pyramid","White Beast Statue"],"picked":"Cursed Key"}],"potions_floor_spawned":[1,18,22],"seed_played":"-7602890402721768661","killed_by":"Automaton","ascension_level":3,"potions_obtained":[{"floor":1,"key":"Weak Potion"},{"floor":3,"key":"PowerPotion"},{"floor":3,"key":"Block Potion"},{"floor":18,"key":"Energy Potion"},{"floor":22,"key":"Swift Potion"}],"is_trial":false}