{"gold_per_floor":[115,128,139,153,166,166,178,77,102,137,150,150,150,325,325,425,425,443,443,45,45,61,61,61,77,77,91,91,109,109,109,109,213,213,227,32,50,0,48,48,62,62,62,62,72,89,89,89,89,89,89,89,4,38,38],"floor_reached":55,"playtime":2421,"items_purged":["Strike_R","Doubt"],"score":694,"play_id":"3c7f41a6-1a12-4eb9-b688-1f61dfa4ff5d","local_time":"20190407005013","is_ascension_mode":false,"campfire_choices":[{"data":"Rage","floor":6,"key":"SMITH"},{"data":"Armaments","floor":13,"key":"SMITH"},{"data":"Battle Trance","floor":15,"key":"SMITH"},{"data":"RitualDagger","floor":23,"key":"SMITH"},{"data":"Demon Form","floor":28,"key":"SMITH"},{"data":"Shrug It Off","floor":32,"key":"SMITH"},{"data":"Double Tap","floor":40,"key":"SMITH"},{"data":"Shrug It Off","floor":42,"key":"SMITH"},{"floor":44,"key":"RECALL"},{"data":"Immolate","floor":47,"key":"SMITH"},{"data":"Burning Pact","floor":49,"key":"SMITH"},{"data":"Sword Boomerang","floor":52,"key":"SMITH"}],"neow_cost":"NONE","seed_source_timestamp":30846263101203,"circlet_count":0,"master_deck":["Strike_R","Strike_R","Strike_R","Defend_R","Defend_R","Defend_R","Defend_R","Bash+1","Battle Trance+1","Rage+1","Sword Boomerang+1","Sword Boomerang","Whirlwind","Headbutt","Shrug It Off+1","Rupture","Armaments+1","Immolate+1","Sword Boomerang","Sword Boomerang","Demon Form+1","RitualDagger+1","Seeing Red+1","Reaper","Intimidate+1","Shrug It Off+1","Heavy Blade+1","Double Tap+1","Thunderclap+1","Spot Weakness","Burning Pact+1","Dual Wield+1","Sword Boomerang+1","Heavy Blade+1","Rage+1","Clumsy","Seeing Red+1","True Grit+1","Writhe","Pummel","Hemokinesis+1"],"relics":["Burning Blood","Ancient Tea Set","Red Skull","Orrery","Prayer Wheel","Cursed Key","Oddly Smooth Stone","Charon\u0027s Ashes","Blue Candle","Anchor"],"potions_floor_usage":[10,10,16,22,24,25,27,39,39,46,54],"damage_taken":[{"damage":1,"enemies":"Cultist","floor":1,"turns":4},{"damage":11,"enemies":"2 Louse","floor":2,"turns":3},{"damage":0,"enemies":"Small Slimes","floor":3,"turns":4},{"damage":4,"enemies":"Exordium Wildlife","floor":4,"turns":4},{"damage":10,"enemies":"2 Fungi Beasts","floor":5,"turns":4},{"damage":21,"enemies":"Red Slaver","floor":7,"turns":5},{"damage":12,"enemies":"Gremlin Nob","floor":10,"turns":4},{"damage":2,"enemies":"Blue Slaver","floor":11,"turns":4},{"damage":30,"enemies":"Hexaghost","floor":16,"turns":8},{"damage":22,"enemies":"Shell Parasite","floor":18,"turns":8},{"damage":6,"enemies":"3 Byrds","floor":22,"turns":5},{"damage":11,"enemies":"Cultist and Chosen","floor":25,"turns":6},{"damage":21,"enemies":"Snake Plant","floor":27,"turns":5},{"damage":10,"enemies":"Snecko","floor":29,"turns":4},{"damage":39,"enemies":"Champ","floor":33,"turns":10},{"damage":25,"enemies":"3 Shapes","floor":35,"turns":2},{"damage":4,"enemies":"Orb Walker","floor":37,"turns":3},{"damage":38,"enemies":"2 Orb Walkers","floor":39,"turns":4},{"damage":20,"enemies":"Spire Growth","floor":41,"turns":3},{"damage":31,"enemies":"Writhing Mass","floor":45,"turns":5},{"damage":2,"enemies":"3 Darklings","floor":46,"turns":3},{"damage":97,"enemies":"Awakened One","floor":50,"turns":10},{"damage":12,"enemies":"Shield and Spear","floor":54,"turns":6},{"damage":87,"enemies":"The Heart","floor":55,"turns":5}],"seed_played":"-3423580393955827460","potions_obtained":[{"floor":1,"key":"SkillPotion"},{"floor":2,"key":"Weak Potion"},{"floor":3,"key":"Strength Potion"},{"floor":16,"key":"LiquidBronze"},{"floor":22,"key":"GamblersBrew"},{"floor":24,"key":"BloodPotion"},{"floor":24,"key":"Fruit Juice"},{"floor":24,"key":"FairyPotion"},{"floor":29,"key":"Explosive Potion"},{"floor":35,"key":"AttackPotion"},{"floor":45,"key":"FairyPotion"}],"is_trial":false,"path_per_floor":["M","M","M","M","M","R","M","$","T","E","M","?","R","?","R","B",null,"M","?","$","?","M","R","?","M","T","M","R","M","?","?","R","B",null,"M","$","M","$","?","R","M","R","T","R","M","M","R","?","R","B",null,"R","$","E","B"],"character_chosen":"IRONCLAD","items_purchased":["Shrug It Off","Prayer Wheel","Oddly Smooth Stone","Burning Pact","Energy Potion","Block Potion","Pummel"],"campfire_rested":0,"item_purchase_floors":[8,20,36,36,38,53,53],"current_hp_per_floor":[80,75,80,80,76,76,61,61,61,55,59,52,52,52,52,28,80,64,58,58,58,58,58,63,65,65,58,58,61,61,61,61,28,85,66,66,68,68,54,54,55,55,55,55,30,58,58,79,79,49,85,85,85,79,0],"gold":38,"neow_bonus":"UPGRADE_CARD","is_prod":false,"is_daily":false,"chose_seed":false,"campfire_upgraded":11,"win_rate":0,"timestamp":1554569413,"path_taken":["M","M","M","M","M","R","?","$","T","E","M","?","R","?","R","BOSS","M","?","$","?","M","R","?","?","T","M","R","M","?","?","R","BOSS","M","?","M","$","?","R","M","R","T","R","M","M","R","?","R","BOSS","R","$","E","BOSS"],"build_version":"2019-01-23","purchased_purges":2,"victory":false,"max_hp_per_floor":[80,80,80,80,80,80,80,80,80,80,80,80,80,80,80,80,80,80,80,80,80,80,80,85,85,85,85,85,85,85,85,85,85,85,85,85,85,85,85,85,85,85,85,85,85,85,85,85,85,85,85,85,85,85,85],"card_choices":[{"not_picked":["Dropkick","Iron Wave"],"picked":"Battle Trance","floor":1},{"not_picked":["Wild Strike","Havoc"],"picked":"Rage","floor":2},{"not_picked":["True Grit","Sentinel"],"picked":"Sword Boomerang","floor":3},{"not_picked":["Wild Strike","Rupture"],"picked":"Sword Boomerang","floor":4},{"not_picked":["Havoc","Twin Strike"],"picked":"Whirlwind","floor":5},{"not_picked":["Uppercut","Evolve"],"picked":"Headbutt","floor":7},{"not_picked":["Havoc","True Grit"],"picked":"Rupture","floor":10},{"not_picked":["Uppercut","Shockwave"],"picked":"Armaments","floor":11},{"not_picked":["Exhume","Impervious"],"picked":"Immolate","floor":16},{"not_picked":["Headbutt","Searing Blow"],"picked":"Sword Boomerang","floor":17},{"not_picked":["Shrug It Off","Rupture"],"picked":"Sword Boomerang","floor":17},{"not_picked":["Evolve","Flex"],"picked":"Demon Form","floor":18},{"not_picked":["Anger+1","True Grit"],"picked":"Seeing Red+1","floor":22},{"not_picked":["Cleave","Metallicize"],"picked":"Reaper","floor":22},{"not_picked":["Sword Boomerang","Metallicize+1"],"picked":"Intimidate+1","floor":25},{"not_picked":["Entrench","Body Slam","Feel No Pain"],"picked":"SKIP","floor":25},{"not_picked":["Clothesline","Sword Boomerang"],"picked":"Shrug It Off","floor":27},{"not_picked":["Anger","Clash+1","Thunderclap"],"picked":"SKIP","floor":27},{"not_picked":["Sentinel","Pommel Strike"],"picked":"Heavy Blade","floor":29},{"not_picked":["Intimidate","Demon Form","Flex"],"picked":"SKIP","floor":29},{"not_picked":["Impervious","Exhume"],"picked":"Double Tap","floor":33},{"not_picked":["Iron Wave+1","Anger"],"picked":"Thunderclap+1","floor":35},{"not_picked":["Cleave","Wild Strike"],"picked":"Spot Weakness","floor":35},{"not_picked":["Havoc+1","Flex+1"],"picked":"Dual Wield+1","floor":37},{"not_picked":["Clothesline+1","Rampage+1"],"picked":"Sword Boomerang+1","floor":37},{"not_picked":["Anger+1","Thunderclap+1"],"picked":"Heavy Blade+1","floor":39},{"not_picked":["Hemokinesis+1","Impervious"],"picked":"Rage+1","floor":41},{"not_picked":["Headbutt+1","Whirlwind","Armaments"],"picked":"SKIP","floor":41},{"not_picked":["Twin Strike","Sword Boomerang"],"picked":"Seeing Red+1","floor":45},{"not_picked":["Cleave","Wild Strike","Flex+1"],"picked":"SKIP","floor":45},{"not_picked":["Blood for Blood+1","Twin Strike"],"picked":"True Grit+1","floor":46},{"not_picked":["Headbutt+1","Second Wind+1","Havoc"],"picked":"SKIP","floor":46},{"not_picked":["Cleave","Combust"],"picked":"Hemokinesis+1","floor":54}],"player_experience":928317,"relics_obtained":[{"floor":9,"key":"Ancient Tea Set"},{"floor":10,"key":"Red Skull"},{"floor":39,"key":"Charon\u0027s Ashes"},{"floor":43,"key":"Blue Candle"},{"floor":54,"key":"Anchor"}],"event_choices":[{"cards_removed":["Strike_R"],"damage_healed":0,"gold_gain":0,"player_choice":"Card Removal","damage_taken":7,"max_hp_gain":0,"max_hp_loss":0,"event_name":"Golden Wing","floor":12,"gold_loss":0},{"damage_healed":0,"gold_gain":175,"player_choice":"AGREE","damage_taken":0,"max_hp_gain":0,"max_hp_loss":0,"event_name":"Liars Game","floor":14,"gold_loss":0,"cards_obtained":["Doubt"]},{"damage_healed":0,"gold_gain":0,"player_choice":"Joined the Cult","damage_taken":6,"max_hp_gain":0,"max_hp_loss":0,"event_name":"Nest","floor":19,"gold_loss":0,"cards_obtained":["RitualDagger"]},{"damage_healed":0,"gold_gain":0,"player_choice":"Ignored","damage_taken":0,"max_hp_gain":0,"max_hp_loss":0,"event_name":"Beggar","floor":21,"gold_loss":0},{"damage_healed":0,"gold_gain":0,"player_choice":"Got Potions","damage_taken":0,"max_hp_gain":0,"max_hp_loss":0,"event_name":"Lab","floor":24,"gold_loss":0},{"damage_healed":0,"gold_gain":0,"player_choice":"Ignored","damage_taken":0,"max_hp_gain":0,"max_hp_loss":0,"event_name":"Vampires","floor":30,"gold_loss":0},{"damage_healed":0,"gold_gain":0,"player_choice":"Upgraded","damage_taken":0,"max_hp_gain":0,"max_hp_loss":0,"event_name":"Upgrade Shrine","floor":31,"gold_loss":0,"cards_upgraded":["Heavy Blade"]},{"damage_healed":0,"gold_gain":0,"player_choice":"Fight","damage_taken":0,"max_hp_gain":0,"max_hp_loss":0,"event_name":"Mysterious Sphere","floor":39,"gold_loss":0},{"damage_healed":21,"gold_gain":0,"player_choice":"Writhe","damage_taken":0,"max_hp_gain":0,"max_hp_loss":0,"event_name":"Winding Halls","floor":48,"gold_loss":0,"cards_obtained":["Writhe"]}],"is_beta":false,"boss_relics":[{"not_picked":["Runic Cube","Fusion Hammer"],"picked":"Orrery"},{"not_picked":["Lizard Tail","Runic Pyramid"],"picked":"Cursed Key"}],"items_purged_floors":[8,20],"is_endless":false,"potions_floor_spawned":[1,2,3,4,16,22,29,35,45],"killed_by":"The Heart","ascension_level":0}