{"gold_per_floor":[113,29,204,204,204,234,234,244,244,244,262,275,289,303,303,408,408,427,59,76,76,89,89],"floor_reached":23,"playtime":911,"items_purged":["Doubt"],"score":266,"play_id":"6ca656d5-0cc5-4a87-b79a-7d2a4693ee36","local_time":"20190324164333","is_ascension_mode":true,"campfire_choices":[{"data":"Thunderclap","floor":7,"key":"SMITH"},{"data":"Rampage","floor":10,"key":"SMITH"},{"data":"Uppercut","floor":15,"key":"SMITH"}],"neow_cost":"NONE","seed_source_timestamp":326589879736800,"circlet_count":0,"master_deck":["Strike_R","Strike_R","Strike_R","Strike_R","Strike_R","Defend_R","Defend_R","Defend_R","Defend_R","Bash","Offering","Clash","Dark Shackles","Thunderclap+1","Rampage+1","Flex","Uppercut+1","Barricade","Shockwave","Pain","Rage+1"],"relics":["Burning Blood","FaceOfCleric","Calipers","Pear","Black Star","Thread and Needle","WarpedTongs"],"potions_floor_usage":[16,22,23,23,23],"damage_taken":[{"damage":7,"enemies":"Cultist","floor":1,"turns":3},{"damage":61,"enemies":"Gremlin Nob","floor":6,"turns":6},{"damage":0,"enemies":"Small Slimes","floor":8,"turns":3},{"damage":6,"enemies":"2 Louse","floor":11,"turns":2},{"damage":6,"enemies":"Exordium Thugs","floor":12,"turns":2},{"damage":6,"enemies":"Red Slaver","floor":13,"turns":2},{"damage":2,"enemies":"3 Louse","floor":14,"turns":3},{"damage":40,"enemies":"The Guardian","floor":16,"turns":7},{"damage":46,"enemies":"Spheric Guardian","floor":18,"turns":6},{"damage":9,"enemies":"Chosen","floor":20,"turns":5},{"damage":26,"enemies":"Centurion and Healer","floor":22,"turns":5},{"damage":24,"enemies":"Book of Stabbing","floor":23,"turns":3}],"seed_played":"-5241127110092272839","potions_obtained":[{"floor":6,"key":"Dexterity Potion"},{"floor":8,"key":"PowerPotion"},{"floor":14,"key":"GamblersBrew"},{"floor":20,"key":"SpeedPotion"},{"floor":22,"key":"LiquidBronze"}],"is_trial":false,"path_per_floor":["M","$","?","?","?","E","R","M","T","R","M","M","M","M","R","B",null,"M","$","M","?","M","E"],"character_chosen":"IRONCLAD","items_purchased":["Dark Shackles","Thread and Needle"],"campfire_rested":0,"item_purchase_floors":[2,19],"current_hp_per_floor":[79,79,79,84,84,30,30,37,47,47,48,49,50,55,55,22,82,43,43,41,41,22,0],"gold":89,"neow_bonus":"ONE_RANDOM_RARE_CARD","is_prod":false,"is_daily":false,"chose_seed":false,"campfire_upgraded":3,"win_rate":0,"timestamp":1553442213,"path_taken":["M","$","?","?","?","E","R","M","T","R","M","M","M","?","R","BOSS","M","$","M","?","?","E"],"build_version":"2019-01-23","purchased_purges":1,"victory":false,"max_hp_per_floor":[80,80,80,85,85,86,86,87,97,97,98,99,100,101,101,102,102,103,103,104,104,105,105],"card_choices":[{"not_picked":["Body Slam","True Grit"],"picked":"Clash","floor":1},{"not_picked":["Feel No Pain","Reckless Charge"],"picked":"Thunderclap","floor":6},{"not_picked":["True Grit","Uppercut"],"picked":"Rampage","floor":8},{"not_picked":["Sever Soul","True Grit","Rampage"],"picked":"SKIP","floor":11},{"not_picked":["Twin Strike","Body Slam","Perfected Strike"],"picked":"SKIP","floor":12},{"not_picked":["Battle Trance","Anger"],"picked":"Flex","floor":13},{"not_picked":["Combust","Clothesline"],"picked":"Uppercut","floor":14},{"not_picked":["Fiend Fire","Brutality"],"picked":"Barricade","floor":16},{"not_picked":["Iron Wave","Sword Boomerang+1"],"picked":"Shockwave","floor":18},{"not_picked":["Sword Boomerang","Wild Strike+1","Reckless Charge"],"picked":"SKIP","floor":20},{"not_picked":["Perfected Strike+1","Uppercut"],"picked":"Rage+1","floor":22}],"player_experience":430870,"relics_obtained":[{"floor":6,"key":"Calipers"},{"floor":9,"key":"Pear"}],"event_choices":[{"damage_healed":0,"gold_gain":175,"player_choice":"AGREE","damage_taken":0,"max_hp_gain":0,"max_hp_loss":0,"event_name":"Liars Game","floor":3,"gold_loss":0,"cards_obtained":["Doubt"]},{"damage_healed":0,"gold_gain":0,"player_choice":"Donut","damage_taken":0,"max_hp_gain":5,"max_hp_loss":0,"event_name":"Big Fish","floor":4,"gold_loss":0},{"damage_healed":0,"gold_gain":0,"player_choice":"Trade","damage_taken":0,"relics_obtained":["FaceOfCleric"],"max_hp_gain":0,"max_hp_loss":0,"event_name":"FaceTrader","floor":5,"gold_loss":0},{"damage_healed":0,"gold_gain":0,"player_choice":"Rummage","damage_taken":0,"relics_obtained":["WarpedTongs"],"max_hp_gain":0,"max_hp_loss":0,"event_name":"Accursed Blacksmith","floor":21,"gold_loss":0,"cards_obtained":["Pain"]}],"is_beta":false,"boss_relics":[{"not_picked":["Runic Dome","White Beast Statue"],"picked":"Black Star"}],"items_purged_floors":[19],"is_endless":false,"potions_floor_spawned":[6,8,14,20,22],"killed_by":"Book of Stabbing","ascension_level":5}