{"gold_per_floor":[18,30,42,60,79,108,108,125,150,211,211,236,236,236,236,310,310,324,338,338,338,348,348,359,359],"floor_reached":25,"playtime":1033,"items_purged":[],"score":366,"play_id":"21c9cf11-f64b-402d-8758-8595776575fc","local_time":"20190214211239","is_ascension_mode":true,"campfire_choices":[{"floor":7,"key":"REST"},{"floor":11,"key":"REST"},{"floor":13,"key":"REST"},{"data":"Footwork","floor":15,"key":"SMITH"},{"floor":23,"key":"REST"}],"neow_cost":"NO_GOLD","seed_source_timestamp":43984600892400,"circlet_count":0,"master_deck":["AscendersBane","Defend_G","Defend_G","Defend_G","Defend_G","Defend_G","Strike_G","Strike_G","Strike_G","Strike_G","Strike_G","Survivor","Neutralize","Glass Knife","Deadly Poison","Deadly Poison","Bouncing Flask","Slice","Dagger Spray","Footwork+1","Dash","Crippling Poison+1","Bouncing Flask+1","Venomology+1","Dash","Bane+1","Backflip+1"],"relics":["Ring of the Serpent","Toxic Egg 2","Happy Flower","Girya","Boot","Strawberry"],"potions_floor_usage":[6,10,12,22,22,24,25],"damage_taken":[{"damage":0,"enemies":"Jaw Worm","floor":1,"turns":3},{"damage":2,"enemies":"2 Louse","floor":2,"turns":2},{"damage":5,"enemies":"Small Slimes","floor":3,"turns":3},{"damage":4,"enemies":"Gremlin Gang","floor":4,"turns":5},{"damage":20,"enemies":"Lots of Slimes","floor":5,"turns":4},{"damage":19,"enemies":"Gremlin Nob","floor":6,"turns":4},{"damage":4,"enemies":"Looter","floor":8,"turns":3},{"damage":23,"enemies":"Lagavulin Event","floor":10,"turns":5},{"damage":13,"enemies":"Lagavulin","floor":12,"turns":6},{"damage":19,"enemies":"The Guardian","floor":16,"turns":8},{"damage":12,"enemies":"Chosen","floor":18,"turns":3},{"damage":0,"enemies":"3 Byrds","floor":19,"turns":3},{"damage":40,"enemies":"Shelled Parasite and Fungi","floor":22,"turns":7},{"damage":0,"enemies":"3 Cultists","floor":24,"turns":4},{"damage":36,"enemies":"Slavers","floor":25,"turns":3}],"seed_played":"-5260750669129326938","potions_obtained":[{"floor":5,"key":"GhostInAJar"},{"floor":6,"key":"Poison Potion"},{"floor":10,"key":"SkillPotion"},{"floor":18,"key":"Explosive Potion"},{"floor":22,"key":"AttackPotion"}],"is_trial":false,"path_per_floor":["M","M","M","M","M","E","R","M","T","?","R","E","R","?","R","B",null,"M","M","?","?","M","R","M","E"],"character_chosen":"THE_SILENT","items_purchased":[],"campfire_rested":4,"item_purchase_floors":[],"current_hp_per_floor":[59,57,52,48,28,9,28,24,24,1,20,7,26,48,48,29,57,45,45,45,52,12,33,33,0],"gold":359,"neow_bonus":"THREE_RARE_CARDS","is_prod":false,"is_daily":false,"chose_seed":false,"campfire_upgraded":1,"win_rate":0,"timestamp":1550175159,"path_taken":["M","M","M","M","M","E","R","M","T","?","R","E","R","?","R","BOSS","M","M","?","?","M","R","M","E"],"build_version":"2019-01-23","purchased_purges":0,"victory":false,"max_hp_per_floor":[66,66,66,66,66,66,66,66,66,66,66,66,66,66,66,66,66,66,66,66,73,73,73,73,73],"card_choices":[{"not_picked":["After Image","Venomology"],"picked":"Glass Knife","floor":0},{"not_picked":["Deflect","Underhanded Strike"],"picked":"Deadly Poison","floor":1},{"not_picked":["Flying Knee","Eviscerate"],"picked":"Deadly Poison","floor":2},{"not_picked":["Expertise","Flechettes"],"picked":"Bouncing Flask","floor":3},{"not_picked":["Eviscerate","Outmaneuver"],"picked":"Slice","floor":4},{"not_picked":["Infinite Blades","Setup"],"picked":"Dagger Spray","floor":5},{"not_picked":["Finisher","Poisoned Stab"],"picked":"Footwork","floor":6},{"not_picked":["Underhanded Strike","Sucker Punch"],"picked":"Dash","floor":8},{"not_picked":["Backflip+1","Dash"],"picked":"Crippling Poison+1","floor":10},{"not_picked":["Blur+1","Poisoned Stab"],"picked":"Bouncing Flask+1","floor":12},{"not_picked":["Tools of the Trade","Envenom"],"picked":"Venomology+1","floor":16},{"not_picked":["Dagger Spray","Underhanded Strike"],"picked":"Dash","floor":18},{"not_picked":["Tactician+1","Skewer","Underhanded Strike"],"picked":"SKIP","floor":19},{"not_picked":["Cloak And Dagger+1","Infinite Blades"],"picked":"Bane+1","floor":22},{"not_picked":["Sucker Punch","Concentrate+1"],"picked":"Backflip+1","floor":24}],"player_experience":493088,"relics_obtained":[{"floor":6,"key":"Toxic Egg 2"},{"floor":9,"key":"Happy Flower"},{"floor":12,"key":"Boot"}],"event_choices":[{"damage_healed":0,"gold_gain":30,"player_choice":"Searched \u00273\u0027 times","damage_taken":0,"relics_obtained":["Girya"],"max_hp_gain":0,"max_hp_loss":0,"event_name":"Dead Adventurer","floor":10,"gold_loss":0},{"damage_healed":22,"gold_gain":0,"player_choice":"Banana","damage_taken":0,"max_hp_gain":0,"max_hp_loss":0,"event_name":"Big Fish","floor":14,"gold_loss":0},{"damage_healed":0,"gold_gain":0,"player_choice":"Ignored","damage_taken":0,"max_hp_gain":0,"max_hp_loss":0,"event_name":"Ghosts","floor":20,"gold_loss":0},{"damage_healed":0,"gold_gain":0,"player_choice":"Gave Potion","damage_taken":0,"relics_obtained":["Strawberry"],"max_hp_gain":0,"max_hp_loss":0,"event_name":"WeMeetAgain","floor":21,"gold_loss":0}],"is_beta":false,"boss_relics":[{"not_picked":["WristBlade","Ectoplasm"],"picked":"Ring of the Serpent"}],"items_purged_floors":[],"is_endless":false,"potions_floor_spawned":[5,6,10,18,22],"killed_by":"Slavers","ascension_level":14}