{"gold_per_floor":[20,195,195,215,140,168,168,186,186,213,225,244,67,81,81,186,186,202,202,77,89,89,89,99,99,99,114,114,114,114,132,132,230,230,245,261,261,111,125,125,137,137,137,149,195,213,227,273,273,273],"floor_reached":51,"playtime":1722,"items_purged":["Pain","Doubt","Strike_R","Writhe"],"score":711,"play_id":"3f71ab2a-4532-4a25-9994-e6fa86e4049f","local_time":"20190421193444","is_ascension_mode":false,"campfire_choices":[{"data":"Cleave","floor":7,"key":"SMITH"},{"floor":15,"key":"REST"},{"data":"Heavy Blade","floor":23,"key":"SMITH"},{"data":"Shrug It Off","floor":25,"key":"SMITH"},{"data":"Shrug It Off","floor":30,"key":"SMITH"},{"floor":32,"key":"REST"},{"data":"Bash","floor":40,"key":"SMITH"},{"data":"Sword Boomerang","floor":42,"key":"SMITH"},{"floor":49,"key":"REST"}],"neow_cost":"NO_GOLD","seed_source_timestamp":868270216755000,"circlet_count":0,"master_deck":["Strike_R","Strike_R","Strike_R","Defend_R","Defend_R","Defend_R","Bash+1","Shrug It Off+1","Cleave+1","Demon Form+1","Shrug It Off+1","Heavy Blade+1","Sword Boomerang+1","Offering","True Grit+1","Battle Trance+1","Shrug It Off+1","True Grit+1","Parasite","Reaper","Rage+1","Shockwave+1"],"relics":["Burning Blood","WarpedTongs","Paper Frog","Frozen Egg 2","Red Skull","Sozu","Mango","Mummified Hand","Runic Dome","Self Forming Clay","Oddly Smooth Stone","Gambling Chip"],"potions_floor_usage":[21,27],"damage_taken":[{"damage":0,"enemies":"Small Slimes","floor":1,"turns":3},{"damage":8,"enemies":"2 Louse","floor":4,"turns":3},{"damage":29,"enemies":"3 Sentries","floor":6,"turns":7},{"damage":0,"enemies":"Cultist","floor":8,"turns":3},{"damage":10,"enemies":"Lagavulin","floor":10,"turns":5},{"damage":2,"enemies":"3 Louse","floor":11,"turns":3},{"damage":12,"enemies":"Looter","floor":12,"turns":3},{"damage":17,"enemies":"Lots of Slimes","floor":14,"turns":4},{"damage":34,"enemies":"The Guardian","floor":16,"turns":6},{"damage":8,"enemies":"Shell Parasite","floor":18,"turns":5},{"damage":12,"enemies":"Spheric Guardian","floor":21,"turns":4},{"damage":6,"enemies":"Centurion and Healer","floor":24,"turns":6},{"damage":44,"enemies":"3 Cultists","floor":27,"turns":6},{"damage":0,"enemies":"Sentry and Sphere","floor":31,"turns":4},{"damage":46,"enemies":"Collector","floor":33,"turns":9},{"damage":17,"enemies":"3 Darklings","floor":35,"turns":4},{"damage":22,"enemies":"3 Shapes","floor":36,"turns":4},{"damage":6,"enemies":"Writhing Mass","floor":39,"turns":6},{"damage":8,"enemies":"Spire Growth","floor":41,"turns":5},{"damage":22,"enemies":"Sphere and 2 Shapes","floor":44,"turns":5},{"damage":6,"enemies":"Maw","floor":46,"turns":8},{"damage":6,"enemies":"4 Shapes","floor":47,"turns":6},{"damage":49,"enemies":"2 Orb Walkers","floor":48,"turns":5},{"damage":24,"enemies":"Time Eater","floor":50,"turns":6}],"seed_played":"6022213397739045680","potions_obtained":[{"floor":4,"key":"Ancient Potion"},{"floor":8,"key":"Weak Potion"},{"floor":12,"key":"Block Potion"},{"floor":16,"key":"Regen Potion"}],"is_trial":false,"path_per_floor":["M","?","?","M","$","E","R","M","T","E","M","M","$","M","R","B",null,"M","?","$","M","?","R","M","R","T","M","$","?","R","M","R","B",null,"M","M","?","$","M","R","M","R","T","M","T","M","M","?","R","B",null],"character_chosen":"IRONCLAD","items_purchased":["Shrug It Off","Heavy Blade"],"campfire_rested":3,"item_purchase_floors":[13,13],"current_hp_per_floor":[80,80,80,78,78,55,55,61,61,57,61,55,55,44,68,40,80,78,63,63,57,57,57,57,57,71,45,45,45,45,51,80,40,99,88,72,72,72,72,72,70,70,70,54,54,83,99,74,99,81],"gold":273,"neow_bonus":"REMOVE_TWO","is_prod":false,"is_daily":false,"chose_seed":false,"campfire_upgraded":6,"win_rate":0,"timestamp":1555868084,"path_taken":["M","?","?","?","$","E","R","M","T","E","M","M","$","M","R","BOSS","M","?","$","M","?","R","?","R","T","?","$","?","R","M","R","BOSS","M","M","?","$","M","R","?","R","T","M","?","?","M","?","R","BOSS"],"build_version":"2019-01-23","purchased_purges":4,"victory":true,"max_hp_per_floor":[80,80,80,80,80,80,80,80,80,80,80,80,80,80,80,80,80,80,85,85,85,85,85,85,85,99,99,99,99,99,99,99,99,99,99,99,99,99,99,99,99,99,99,99,99,99,99,99,99,99],"card_choices":[{"not_picked":["Anger","Perfected Strike"],"picked":"Shrug It Off","floor":1},{"not_picked":["Sword Boomerang","Heavy Blade"],"picked":"Cleave","floor":4},{"not_picked":["Wild Strike","Sever Soul","Seeing Red"],"picked":"SKIP","floor":6},{"not_picked":["Sword Boomerang","Dual Wield"],"picked":"Demon Form","floor":8},{"not_picked":["Wild Strike","Perfected Strike","Infernal Blade"],"picked":"SKIP","floor":10},{"not_picked":["Bloodletting","Warcry","Sever Soul"],"picked":"SKIP","floor":11},{"not_picked":["Anger","True Grit","Juggernaut+1"],"picked":"SKIP","floor":12},{"not_picked":["Pommel Strike","Headbutt"],"picked":"Sword Boomerang","floor":14},{"not_picked":["Limit Break","Impervious"],"picked":"Offering","floor":16},{"not_picked":["Reckless Charge","Pommel Strike","Evolve+1"],"picked":"SKIP","floor":18},{"not_picked":["Pummel","Second Wind","Body Slam"],"picked":"SKIP","floor":21},{"not_picked":["Armaments+1","Infernal Blade"],"picked":"True Grit+1","floor":24},{"not_picked":["Bloodletting+1","Warcry"],"picked":"Battle Trance+1","floor":27},{"not_picked":["Armaments","Clash"],"picked":"Shrug It Off+1","floor":31},{"not_picked":["Perfected Strike+1","Cleave","Intimidate+1"],"picked":"SKIP","floor":35},{"not_picked":["Havoc+1","Searing Blow"],"picked":"True Grit+1","floor":36},{"not_picked":["Cleave+1","Havoc","Iron Wave+1"],"picked":"SKIP","floor":39},{"not_picked":["Rupture+1","Headbutt","Carnage"],"picked":"SKIP","floor":41},{"not_picked":["Clash","True Grit"],"picked":"Reaper","floor":44},{"not_picked":["Flex+1","Shrug It Off"],"picked":"Rage+1","floor":46},{"not_picked":["Flex+1","Infernal Blade"],"picked":"Shockwave+1","floor":47}],"player_experience":622506,"relics_obtained":[{"floor":6,"key":"Paper Frog"},{"floor":9,"key":"Frozen Egg 2"},{"floor":10,"key":"Red Skull"},{"floor":26,"key":"Mango"},{"floor":43,"key":"Self Forming Clay"},{"floor":45,"key":"Oddly Smooth Stone"},{"floor":48,"key":"Gambling Chip"}],"event_choices":[{"damage_healed":0,"gold_gain":175,"player_choice":"AGREE","damage_taken":0,"max_hp_gain":0,"max_hp_loss":0,"event_name":"Liars Game","floor":2,"gold_loss":0,"cards_obtained":["Doubt"]},{"damage_healed":0,"gold_gain":0,"player_choice":"Rummage","damage_taken":0,"relics_obtained":["WarpedTongs"],"max_hp_gain":0,"max_hp_loss":0,"event_name":"Accursed Blacksmith","floor":3,"gold_loss":0,"cards_obtained":["Pain"]},{"damage_healed":0,"gold_gain":0,"player_choice":"Shed Blood","damage_taken":20,"max_hp_gain":5,"max_hp_loss":0,"event_name":"Forgotten Altar","floor":19,"gold_loss":0},{"damage_healed":0,"gold_gain":0,"player_choice":"Upgraded","damage_taken":0,"max_hp_gain":0,"max_hp_loss":0,"event_name":"Upgrade Shrine","floor":22,"gold_loss":0,"cards_upgraded":["Demon Form"]},{"damage_healed":0,"gold_gain":0,"player_choice":"Opened","damage_taken":0,"relics_obtained":["Mummified Hand"],"max_hp_gain":0,"max_hp_loss":0,"event_name":"The Mausoleum","floor":29,"gold_loss":0,"cards_obtained":["Writhe"]},{"damage_healed":0,"gold_gain":0,"player_choice":"Got Potions","damage_taken":0,"max_hp_gain":0,"max_hp_loss":0,"event_name":"Lab","floor":37,"gold_loss":0},{"damage_healed":0,"gold_gain":0,"player_choice":"Fight","damage_taken":0,"max_hp_gain":0,"max_hp_loss":0,"event_name":"Mysterious Sphere","floor":48,"gold_loss":0}],"is_beta":false,"boss_relics":[{"not_picked":["Runic Cube","Black Blood"],"picked":"Sozu"},{"not_picked":["Mark of Pain","Calling Bell"],"picked":"Runic Dome"}],"items_purged_floors":[5,13,20,38],"is_endless":false,"potions_floor_spawned":[4,8,12,16,18,21,27,31,35,39,48],"ascension_level":0}