{"gold_per_floor":[20,31,47,59,74,74,88,88,88,88,107,133,147,172,172,247,247,264,279,289,289,306,306,325,344,398,398,398],"floor_reached":28,"playtime":1424,"items_purged":[],"score":396,"play_id":"1952077e-9348-4593-a4e2-fe7cc9d3950c","local_time":"20190318171344","is_ascension_mode":true,"campfire_choices":[{"data":"1","floor":6,"key":"LIFT"},{"data":"2","floor":8,"key":"LIFT"},{"data":"Armaments","floor":15,"key":"SMITH"},{"floor":23,"key":"REST"},{"data":"Demon Form","floor":27,"key":"SMITH"}],"neow_cost":"NO_GOLD","seed_source_timestamp":377164263262400,"circlet_count":0,"master_deck":["AscendersBane","Strike_R","Strike_R","Strike_R","Strike_R","Defend_R","Defend_R","Defend_R","Defend_R","Bash","Battle Trance","Inflame","Clothesline","Feel No Pain","Disarm","Shockwave","Iron Wave","Flame Barrier","True Grit","Armaments+1","Juggernaut","Shrug It Off","Combust","Blood for Blood","Demon Form+1"],"relics":["Burning Blood","Girya","Nunchaku","Regal Pillow","Ginger","Snecko Eye","Tiny Chest"],"potions_floor_usage":[5,10,19,28],"damage_taken":[{"damage":1,"enemies":"Cultist","floor":1,"turns":4},{"damage":13,"enemies":"Small Slimes","floor":2,"turns":5},{"damage":4,"enemies":"Jaw Worm","floor":3,"turns":5},{"damage":7,"enemies":"Looter","floor":4,"turns":4},{"damage":9,"enemies":"3 Louse","floor":5,"turns":5},{"damage":18,"enemies":"Red Slaver","floor":7,"turns":4},{"damage":0,"enemies":"Lots of Slimes","floor":10,"turns":1},{"damage":7,"enemies":"Looter","floor":11,"turns":5},{"damage":20,"enemies":"3 Sentries","floor":12,"turns":9},{"damage":4,"enemies":"Large Slime","floor":13,"turns":5},{"damage":16,"enemies":"Gremlin Nob","floor":14,"turns":4},{"damage":11,"enemies":"Hexaghost","floor":16,"turns":15},{"damage":1,"enemies":"Chosen","floor":18,"turns":4},{"damage":20,"enemies":"2 Thieves","floor":19,"turns":5},{"damage":45,"enemies":"3 Cultists","floor":20,"turns":7},{"damage":10,"enemies":"Sentry and Sphere","floor":22,"turns":5},{"damage":18,"enemies":"Snecko","floor":24,"turns":5},{"damage":28,"enemies":"Snake Plant","floor":25,"turns":5},{"damage":24,"enemies":"Sentry and Sphere","floor":28,"turns":3}],"seed_played":"-1246182224046263161","potions_obtained":[{"floor":3,"key":"SkillPotion"},{"floor":4,"key":"SmokeBomb"},{"floor":11,"key":"Energy Potion"},{"floor":14,"key":"Weak Potion"},{"floor":16,"key":"Ancient Potion"},{"floor":19,"key":"Weak Potion"},{"floor":22,"key":"Swift Potion"}],"is_trial":false,"path_per_floor":["M","M","M","M","M","R","M","R","T","M","M","E","M","E","R","B",null,"M","M","M","?","M","R","M","M","T","R","M"],"character_chosen":"IRONCLAD","items_purchased":[],"campfire_rested":1,"item_purchase_floors":[],"current_hp_per_floor":[77,70,72,71,68,68,56,56,56,62,61,47,49,39,39,34,69,74,60,21,21,17,56,44,22,22,22,0],"gold":398,"neow_bonus":"ONE_RARE_RELIC","is_prod":false,"is_daily":false,"chose_seed":false,"campfire_upgraded":2,"win_rate":0,"timestamp":1552925624,"path_taken":["M","M","M","M","M","R","M","R","T","?","M","E","?","E","R","BOSS","M","M","?","?","M","R","M","M","T","R","M"],"build_version":"2019-01-23","purchased_purges":0,"victory":false,"max_hp_per_floor":[80,80,80,80,80,80,80,80,80,80,80,80,80,80,80,80,80,80,80,80,80,80,80,80,80,80,80,80],"card_choices":[{"not_picked":["Clash","Flex"],"picked":"Battle Trance","floor":1},{"not_picked":["Clash","Wild Strike"],"picked":"Inflame","floor":2},{"not_picked":["Bloodletting","Warcry"],"picked":"Clothesline","floor":3},{"not_picked":["Entrench","Bloodletting"],"picked":"Feel No Pain","floor":4},{"not_picked":["Clothesline","Flex"],"picked":"Disarm","floor":5},{"not_picked":["Wild Strike","Second Wind"],"picked":"Shockwave","floor":7},{"not_picked":["Entrench","Clothesline"],"picked":"Iron Wave","floor":11},{"not_picked":["Pommel Strike","Corruption"],"picked":"Flame Barrier","floor":12},{"not_picked":["Flex","Wild Strike"],"picked":"True Grit","floor":13},{"not_picked":["Corruption","Perfected Strike"],"picked":"Armaments","floor":14},{"not_picked":["Brutality","Offering"],"picked":"Juggernaut","floor":16},{"not_picked":["Combust","Rupture"],"picked":"Shrug It Off","floor":18},{"not_picked":["Twin Strike","Burning Pact","Havoc+1"],"picked":"SKIP","floor":19},{"not_picked":["Cleave","Sentinel","Power Through"],"picked":"SKIP","floor":20},{"not_picked":["Anger","Flex","Twin Strike"],"picked":"SKIP","floor":22},{"not_picked":["Body Slam","Dropkick"],"picked":"Blood for Blood","floor":24},{"not_picked":["Reckless Charge","Clothesline"],"picked":"Demon Form","floor":25}],"player_experience":553921,"relics_obtained":[{"floor":9,"key":"Nunchaku"},{"floor":12,"key":"Regal Pillow"},{"floor":14,"key":"Ginger"},{"floor":26,"key":"Tiny Chest"}],"event_choices":[{"damage_healed":0,"gold_gain":0,"cards_transformed":["Strike_R"],"player_choice":"Transformed","damage_taken":0,"max_hp_gain":0,"max_hp_loss":0,"event_name":"Transmorgrifier","floor":21,"gold_loss":0,"cards_obtained":["Combust"]}],"is_beta":false,"boss_relics":[{"not_picked":["Calling Bell","Runic Dome"],"picked":"Snecko Eye"}],"items_purged_floors":[],"is_endless":false,"potions_floor_spawned":[3,4,10,11,14,16,19,22,24],"killed_by":"Sentry and Sphere","ascension_level":13}