{"gold_per_floor":[114,47,222,233,233,7,21,21,44,44,62,37,37,62,62,158,208,222,5,5,15,30,60,60,60],"floor_reached":25,"playtime":1686,"items_purged":["Pain","Doubt"],"score":305,"play_id":"2184c6cd-822d-43d0-9f06-5fbc106ab417","local_time":"20190414141332","is_ascension_mode":true,"campfire_choices":[{"data":"Neutralize","floor":10,"key":"SMITH"},{"data":"Cloak And Dagger","floor":13,"key":"SMITH"},{"data":"Crippling Poison","floor":15,"key":"SMITH"},{"floor":24,"key":"REST"}],"neow_cost":"NONE","seed_source_timestamp":0,"circlet_count":0,"master_deck":["Defend_G","Defend_G","Defend_G","Defend_G","Defend_G","Strike_G","Strike_G","Strike_G","Strike_G","Strike_G","Survivor","Neutralize+1","Adrenaline","Dagger Spray","Crippling Poison+1","Blur","Dash","Well Laid Plans","Calculated Gamble","Cloak And Dagger+1","Dodge and Roll+1","Die Die Die","Infinite Blades","Escape Plan","Noxious Fumes","Poisoned Stab","Crippling Poison+1","Blade Dance+1","Heel Hook+1","Corpse Explosion"],"special_seed":0,"relics":["Ring of the Snake","WarpedTongs","Shuriken","Snake Skull","Lantern","Tiny House","Strawberry"],"potions_floor_usage":[14,16,22],"damage_taken":[{"damage":0.0,"enemies":"Cultist","floor":1.0,"turns":4.0},{"damage":2.0,"enemies":"Jaw Worm","floor":4.0,"turns":5.0},{"damage":0,"enemies":"2 Louse","floor":7,"turns":2},{"damage":7,"enemies":"Gremlin Gang","floor":11,"turns":4},{"damage":0,"enemies":"Lagavulin","floor":14,"turns":7},{"damage":18,"enemies":"The Guardian","floor":16,"turns":13},{"damage":1,"enemies":"Chosen","floor":18,"turns":5},{"damage":14,"enemies":"Shell Parasite","floor":21,"turns":5},{"damage":5,"enemies":"3 Cultists","floor":22,"turns":4},{"damage":40,"enemies":"Book of Stabbing","floor":23,"turns":6},{"damage":42,"enemies":"Slavers","floor":25,"turns":3}],"seed_played":"6613852527957543314","potions_obtained":[{"floor":4.0,"key":"SmokeBomb"},{"floor":7,"key":"Strength Potion"},{"floor":11,"key":"SteroidPotion"},{"floor":14,"key":"SteroidPotion"},{"floor":17,"key":"AttackPotion"}],"is_trial":false,"path_per_floor":["M","$","?","M","?","$","M","T","T","R","M","$","R","E","R","B",null,"M","$","?","M","M","E","R","E"],"character_chosen":"THE_SILENT","items_purchased":["Crippling Poison","Dash","Well Laid Plans","Dodge and Roll","Noxious Fumes","Poisoned Stab"],"campfire_rested":1,"item_purchase_floors":[2,6,6,12,19,19],"current_hp_per_floor":[70,70,70,68,68,68,68,68,68,68,61,61,61,61,61,43,68,67,67,67,53,48,15,39,0],"gold":60,"neow_bonus":"ONE_RANDOM_RARE_CARD","is_prod":false,"is_daily":false,"chose_seed":false,"campfire_upgraded":3,"win_rate":0,"timestamp":1555244012,"path_taken":["M","$","?","M","?","$","?","?","T","R","M","$","R","E","R","BOSS","M","$","?","M","?","E","R","E"],"build_version":"2019-01-23","purchased_purges":2,"victory":false,"max_hp_per_floor":[70,70,70,70,70,70,70,70,70,70,70,70,70,70,70,70,75,75,75,75,75,75,82,82,82],"card_choices":[{"not_picked":["Finisher","Outmaneuver"],"picked":"Dagger Spray","floor":1.0},{"not_picked":["Backflip","Quick Slash"],"picked":"Blur","floor":4.0},{"not_picked":["Masterful Stab","Prepared"],"picked":"Calculated Gamble","floor":7},{"not_picked":["Dodge and Roll","Setup"],"picked":"Cloak And Dagger","floor":11},{"not_picked":["Distraction","Underhanded Strike","Sucker Punch"],"picked":"SKIP","floor":14},{"not_picked":["Tools of the Trade","Venomology"],"picked":"Die Die Die","floor":16},{"not_picked":["Bane","Outmaneuver"],"picked":"Infinite Blades","floor":17},{"not_picked":["Underhanded Strike","Infinite Blades"],"picked":"Escape Plan","floor":18},{"not_picked":["Backstab","Prepared+1"],"picked":"Blade Dance+1","floor":21},{"not_picked":["Poisoned Stab","Blur"],"picked":"Heel Hook+1","floor":22},{"not_picked":["Flechettes","Distraction"],"picked":"Corpse Explosion","floor":23}],"player_experience":624535,"relics_obtained":[{"floor":8,"key":"Shuriken"},{"floor":9,"key":"Snake Skull"},{"floor":14,"key":"Lantern"},{"floor":23,"key":"Strawberry"}],"event_choices":[{"damage_healed":0.0,"max_hp_gain":0.0,"max_hp_loss":0.0,"gold_gain":175.0,"event_name":"Liars Game","player_choice":"AGREE","floor":3.0,"gold_loss":0.0,"damage_taken":0.0,"cards_obtained":["Doubt"]},{"damage_healed":0,"gold_gain":0,"player_choice":"Rummage","damage_taken":0,"relics_obtained":["WarpedTongs"],"max_hp_gain":0,"max_hp_loss":0,"event_name":"Accursed Blacksmith","floor":5,"gold_loss":0,"cards_obtained":["Pain"]},{"damage_healed":0,"gold_gain":0,"player_choice":"Copied","damage_taken":0,"max_hp_gain":0,"max_hp_loss":0,"event_name":"Duplicator","floor":20,"gold_loss":0,"cards_obtained":["Crippling Poison"]}],"is_beta":false,"boss_relics":[{"not_picked":["Runic Dome","Eternal Feather"],"picked":"Tiny House"}],"items_purged_floors":[6,19],"is_endless":false,"potions_floor_spawned":[4,7,11,14,21],"killed_by":"Slavers","ascension_level":5}