{"gold_per_floor":[117,132,142,158,175,203,203,203],"floor_reached":8,"playtime":565,"items_purged":[],"score":87,"play_id":"27d894ef-6fd3-4579-9180-dd41c55cdebe","local_time":"20190412214510","is_ascension_mode":true,"campfire_choices":[],"neow_cost":"NONE","seed_source_timestamp":158281195793005,"circlet_count":0,"master_deck":["Strike_B","Strike_B","Strike_B","Strike_B","Defend_B","Defend_B","Defend_B","Defend_B","Zap","Dualcast","Darkness","Conserve Battery","Cold Snap","Streamline","Cold Snap"],"relics":["Cracked Core","Darkstone Periapt","Frozen Egg 2"],"potions_floor_usage":[6,6,6,8,8],"damage_taken":[{"damage":0,"enemies":"Cultist","floor":1,"turns":4},{"damage":0,"enemies":"Small Slimes","floor":2,"turns":3},{"damage":0,"enemies":"2 Louse","floor":3,"turns":3},{"damage":7,"enemies":"Exordium Thugs","floor":4,"turns":5},{"damage":9,"enemies":"Looter","floor":5,"turns":3},{"damage":30,"enemies":"3 Sentries","floor":6,"turns":6},{"damage":31,"enemies":"Gremlin Nob","floor":8,"turns":4}],"seed_played":"-738358476706504632","potions_obtained":[{"floor":1,"key":"SteroidPotion"},{"floor":2,"key":"EntropicBrew"}],"is_trial":false,"path_per_floor":["M","M","M","M","M","E","T","E"],"character_chosen":"DEFECT","items_purchased":[],"campfire_rested":0,"item_purchase_floors":[],"current_hp_per_floor":[68,68,68,61,52,22,22,0],"gold":203,"neow_bonus":"THREE_CARDS","is_prod":false,"is_daily":false,"chose_seed":false,"campfire_upgraded":0,"win_rate":0,"timestamp":1555123510,"path_taken":["M","M","M","M","M","E","?","E"],"build_version":"2019-01-23","purchased_purges":0,"victory":false,"max_hp_per_floor":[75,75,75,75,75,75,75,75],"card_choices":[{"not_picked":["Go for the Eyes","Lockon"],"picked":"Darkness","floor":0},{"not_picked":["Force Field","Streamline"],"picked":"Conserve Battery","floor":1},{"not_picked":["Turbo","Steam","Lockon"],"picked":"SKIP","floor":2},{"not_picked":["Storm","Stack"],"picked":"Cold Snap","floor":3},{"not_picked":["Conserve Battery","Force Field"],"picked":"Streamline","floor":4},{"not_picked":["Go for the Eyes","Gash"],"picked":"Cold Snap","floor":5},{"not_picked":["Scrape","Compile Driver","Stack"],"picked":"SKIP","floor":6},{"not_picked":["Scrape","Compile Driver","Stack"],"picked":"SKIP","floor":6}],"player_experience":440837,"relics_obtained":[{"floor":6,"key":"Darkstone Periapt"},{"floor":7,"key":"Frozen Egg 2"}],"event_choices":[],"is_beta":false,"boss_relics":[],"items_purged_floors":[],"is_endless":false,"potions_floor_spawned":[1,2],"killed_by":"Gremlin Nob","ascension_level":9}