{"gold_per_floor":[110,110,127,127,146,146,1,1,24,24,44,61,61,75,75,180,180,191,16,26,26,39,39,73,73,122,141,172,372,372,389,389,490,490,500,146,160,180,5,38,49,63,63,63],"floor_reached":44,"playtime":5278,"items_purged":["Strike_G","Strike_G","Injury","Strike_G"],"score":547,"play_id":"2cc8ce84-795e-43ec-8b52-5003368d1ce1","local_time":"20190217200535","is_ascension_mode":true,"campfire_choices":[{"floor":6,"key":"REST"},{"data":"Footwork","floor":8,"key":"SMITH"},{"data":"Well Laid Plans","floor":10,"key":"SMITH"},{"data":"Survivor","floor":15,"key":"SMITH"},{"data":"Dodge and Roll","floor":23,"key":"SMITH"},{"floor":25,"key":"REST"},{"data":"Noxious Fumes","floor":30,"key":"SMITH"},{"floor":32,"key":"REST"}],"neow_cost":"NONE","seed_source_timestamp":404909114238300,"circlet_count":0,"master_deck":["Defend_G","Defend_G","Defend_G+1","Defend_G","Defend_G","Strike_G","Survivor+1","Neutralize+1","Dramatic Entrance","Flying Knee","Footwork+1","Dodge and Roll+1","Well Laid Plans+1","PiercingWail","Expertise","Quick Slash","After Image","Dagger Throw+1","Poisoned Stab","Blade Dance","Blade Dance+1","Prepared+1","Noxious Fumes+1","Catalyst+1","Acrobatics","Deadly Poison","Bullet Time","Acrobatics","Noxious Fumes","Infinite Blades","Backflip","Dash","Finisher","Envenom","Noxious Fumes","Accuracy","Catalyst","Dagger Spray+1"],"relics":["Ring of the Snake","Dream Catcher","Pen Nib","Cursed Key","Bag of Marbles","Oddly Smooth Stone","The Courier","Black Star","Ninja Scroll","Omamori","Pantograph"],"potions_floor_usage":[14,14,14,16,16,18,18,24,27,35,37,38,40,44],"damage_taken":[{"damage":0,"enemies":"Small Slimes","floor":1,"turns":3},{"damage":0,"enemies":"Jaw Worm","floor":3,"turns":4},{"damage":0,"enemies":"2 Louse","floor":5,"turns":2},{"damage":0,"enemies":"Exordium Thugs","floor":11,"turns":5},{"damage":0,"enemies":"Lots of Slimes","floor":12,"turns":4},{"damage":0,"enemies":"Looter","floor":14,"turns":4},{"damage":9,"enemies":"The Guardian","floor":16,"turns":15},{"damage":0,"enemies":"Chosen","floor":18,"turns":7},{"damage":4,"enemies":"Shell Parasite","floor":20,"turns":7},{"damage":1,"enemies":"Snake Plant","floor":22,"turns":6},{"damage":34,"enemies":"Gremlin Leader","floor":24,"turns":10},{"damage":4,"enemies":"Snecko","floor":27,"turns":6},{"damage":5,"enemies":"Slavers","floor":28,"turns":6},{"damage":0,"enemies":"Centurion and Healer","floor":31,"turns":7},{"damage":8,"enemies":"Champ","floor":33,"turns":11},{"damage":0,"enemies":"Orb Walker","floor":35,"turns":4},{"damage":8,"enemies":"3 Darklings","floor":37,"turns":5},{"damage":7,"enemies":"Jaw Worm Horde","floor":38,"turns":5},{"damage":9,"enemies":"Giant Head","floor":40,"turns":8},{"damage":30,"enemies":"Writhing Mass","floor":41,"turns":5},{"damage":9,"enemies":"Maw","floor":42,"turns":7},{"damage":55,"enemies":"Transient","floor":44,"turns":5}],"seed_played":"3470907458073113851","potions_obtained":[{"floor":3,"key":"EntropicBrew"},{"floor":5,"key":"SteroidPotion"},{"floor":13,"key":"EntropicBrew"},{"floor":13,"key":"SkillPotion"},{"floor":14,"key":"SteroidPotion"},{"floor":27,"key":"Weak Potion"},{"floor":31,"key":"SteroidPotion"},{"floor":33,"key":"GhostInAJar"},{"floor":35,"key":"LiquidBronze"},{"floor":41,"key":"FairyPotion"},{"floor":42,"key":"Dexterity Potion"}],"is_trial":false,"path_per_floor":["M","?","M","?","M","R","$","R","T","R","M","M","?","M","R","B",null,"M","$","M","?","M","R","E","R","T","M","E","?","R","M","R","B",null,"M","$","M","M","$","E","M","M","T","M"],"character_chosen":"THE_SILENT","items_purchased":["Well Laid Plans","Poisoned Stab","Blade Dance","Noxious Fumes","Infinite Blades","Backflip","Dash","Finisher","Accuracy"],"campfire_rested":3,"item_purchase_floors":[7,19,19,36,36,36,36,36,39],"current_hp_per_floor":[70,67,67,53,53,70,70,70,70,70,70,70,70,70,70,61,70,70,70,66,66,65,65,31,52,52,48,43,43,43,43,64,56,70,70,70,62,55,55,46,16,7,7,0],"gold":63,"neow_bonus":"RANDOM_COLORLESS","is_prod":false,"is_daily":false,"chose_seed":false,"campfire_upgraded":5,"win_rate":0,"timestamp":1550430335,"path_taken":["M","?","M","?","?","R","$","R","T","R","M","M","?","M","R","BOSS","M","$","M","?","M","R","E","R","T","?","E","?","R","M","R","BOSS","M","?","M","M","$","E","?","M","T","M"],"build_version":"2019-01-23","purchased_purges":4,"victory":false,"max_hp_per_floor":[70,70,70,70,70,70,70,70,70,70,70,70,70,70,70,70,70,70,70,70,70,70,70,70,70,70,70,70,70,70,70,70,70,70,70,70,70,70,70,70,70,70,70,70],"card_choices":[{"not_picked":["Bane","Flechettes","Eviscerate"],"picked":"SKIP","floor":1},{"not_picked":["Quick Slash","Terror"],"picked":"Flying Knee","floor":3},{"not_picked":["Leg Sweep","Skewer"],"picked":"Footwork","floor":5},{"not_picked":["Slice","Endless Agony"],"picked":"Dodge and Roll","floor":6},{"not_picked":["Riddle With Holes","Dagger Throw"],"picked":"PiercingWail","floor":11},{"not_picked":["Cloak And Dagger","Dagger Spray"],"picked":"Expertise","floor":12},{"not_picked":["Bane","Endless Agony"],"picked":"Quick Slash","floor":14},{"not_picked":["Storm of Steel","Phantasmal Killer"],"picked":"After Image","floor":16},{"not_picked":["Expertise","Calculated Gamble"],"picked":"Dagger Throw+1","floor":18},{"not_picked":["Poisoned Stab","Endless Agony"],"picked":"Blade Dance+1","floor":20},{"not_picked":["Bane+1","PiercingWail","Blade Dance"],"picked":"SKIP","floor":22},{"not_picked":["Slice","Backstab"],"picked":"Prepared+1","floor":24},{"not_picked":["Prepared","Cloak And Dagger"],"picked":"Noxious Fumes","floor":25},{"not_picked":["PiercingWail","Backflip+1"],"picked":"Catalyst+1","floor":27},{"not_picked":["Venomology","Sucker Punch"],"picked":"Acrobatics","floor":28},{"not_picked":["Flying Knee","Cloak And Dagger","Endless Agony"],"picked":"SKIP","floor":31},{"not_picked":["Well Laid Plans+1","Flechettes"],"picked":"Deadly Poison","floor":32},{"not_picked":["Wraith Form v2","Glass Knife"],"picked":"Bullet Time","floor":33},{"not_picked":["PiercingWail+1","Sucker Punch"],"picked":"Acrobatics","floor":35},{"not_picked":["Underhanded Strike+1","Dash+1"],"picked":"Envenom","floor":37},{"not_picked":["Sucker Punch","Dash"],"picked":"Noxious Fumes","floor":38},{"not_picked":["After Image","Cloak And Dagger"],"picked":"Catalyst","floor":40},{"not_picked":["Backflip","Bane+1"],"picked":"Dagger Spray+1","floor":41},{"not_picked":["Dagger Throw+1","Slice+1","Dagger Spray+1"],"picked":"SKIP","floor":42}],"player_experience":154997,"relics_obtained":[{"floor":9,"key":"Pen Nib"},{"floor":24,"key":"Bag of Marbles"},{"floor":26,"key":"Oddly Smooth Stone"},{"floor":28,"key":"The Courier"},{"floor":40,"key":"Ninja Scroll"},{"floor":40,"key":"Omamori"},{"floor":43,"key":"Pantograph"}],"event_choices":[{"damage_healed":0,"gold_gain":0,"player_choice":"Success","damage_taken":3,"relics_obtained":["Dream Catcher"],"max_hp_gain":0,"max_hp_loss":0,"event_name":"Scrap Ooze","floor":2,"gold_loss":0},{"damage_healed":0,"gold_gain":0,"player_choice":"Entered Light","damage_taken":14,"max_hp_gain":0,"max_hp_loss":0,"event_name":"Shining Light","floor":4,"gold_loss":0,"cards_upgraded":["Neutralize","Defend_G"]},{"damage_healed":0,"gold_gain":0,"player_choice":"Got Potions","damage_taken":0,"max_hp_gain":0,"max_hp_loss":0,"event_name":"Lab","floor":13,"gold_loss":0},{"cards_removed":["Strike_G"],"damage_healed":0,"gold_gain":0,"player_choice":"Card Removal","damage_taken":0,"max_hp_gain":0,"max_hp_loss":0,"event_name":"Wheel of Change","floor":21,"gold_loss":0},{"damage_healed":0,"gold_gain":250,"player_choice":"Bet on Owner","damage_taken":0,"max_hp_gain":0,"max_hp_loss":0,"event_name":"The Joust","floor":29,"gold_loss":50}],"is_beta":false,"boss_relics":[{"not_picked":["Velvet Choker","WristBlade"],"picked":"Cursed Key"},{"not_picked":["Snecko Eye","Calling Bell"],"picked":"Black Star"}],"items_purged_floors":[7,19,36,39],"is_endless":false,"potions_floor_spawned":[3,5,14,27,31,33,35,41,42],"killed_by":"Transient","ascension_level":1}