{"gold_per_floor":[119,119,135,152,170,170,198,198,198,210,223,223,240,253,253,351,351,361,392,163,175,175,175,1,33,33,52,65,65],"floor_reached":29,"playtime":3632,"items_purged":["Strike_R","Strike_R"],"score":361,"play_id":"8a7fde21-06fa-4d8b-9d97-07a38943f10a","local_time":"20190421184114","is_ascension_mode":true,"campfire_choices":[{"data":"Cleave","floor":6.0,"key":"SMITH"},{"floor":8,"key":"REST"},{"data":"Anger","floor":15,"key":"SMITH"}],"neow_cost":"NONE","seed_source_timestamp":0,"circlet_count":0,"master_deck":["Strike_R+1","Strike_R","Defend_R","Defend_R","Defend_R","Defend_R+1","Bash+1","Flame Barrier","Disarm","Cleave+1","Twin Strike","Double Tap","Whirlwind","Anger+1","Clash","Shrug It Off","Reaper","Seeing Red+1","Shrug It Off","Intimidate","RitualDagger","Thunderclap","Inflame","Hemokinesis+1","Heavy Blade","Ghostly Armor"],"special_seed":0,"relics":["Burning Blood","FossilizedHelix","Magic Flower","Kunai","Black Star","Red Mask","Strawberry","Bag of Marbles","Bottled Lightning","Bottled Flame"],"potions_floor_usage":[13,16,19,21,25,27,28],"damage_taken":[{"damage":2.0,"enemies":"2 Louse","floor":1.0,"turns":3.0},{"damage":4.0,"enemies":"Jaw Worm","floor":3.0,"turns":4.0},{"damage":2.0,"enemies":"Small Slimes","floor":4.0,"turns":4.0},{"damage":0.0,"enemies":"Looter","floor":5.0,"turns":4.0},{"damage":61,"enemies":"Gremlin Nob","floor":7,"turns":6},{"damage":0,"enemies":"Large Slime","floor":10,"turns":5},{"damage":9,"enemies":"Red Slaver","floor":11,"turns":3},{"damage":11,"enemies":"Exordium Thugs","floor":13,"turns":4},{"damage":6,"enemies":"3 Louse","floor":14,"turns":2},{"damage":30,"enemies":"The Guardian","floor":16,"turns":8},{"damage":20,"enemies":"Shell Parasite","floor":18,"turns":6},{"damage":26,"enemies":"Masked Bandits","floor":19,"turns":5},{"damage":0,"enemies":"3 Byrds","floor":21,"turns":3},{"damage":45,"enemies":"Slavers","floor":25,"turns":8},{"damage":29,"enemies":"Centurion and Healer","floor":27,"turns":6},{"damage":0,"enemies":"3 Cultists","floor":28,"turns":3},{"damage":63,"enemies":"Gremlin Leader","floor":29,"turns":8}],"seed_played":"-9181903592086603409","potions_obtained":[{"floor":1.0,"key":"Weak Potion"},{"floor":10,"key":"Energy Potion"},{"floor":11,"key":"BloodPotion"},{"floor":14,"key":"Strength Potion"},{"floor":16,"key":"Energy Potion"},{"floor":18,"key":"Fire Potion"},{"floor":19,"key":"Fire Potion"},{"floor":21,"key":"Fire Potion"}],"is_trial":false,"path_per_floor":["M","?","M","M","M","R","E","R","T","M","M","?","M","M","R","B",null,"M","?","$","M","?","?","$","E","T","M","M","E"],"character_chosen":"IRONCLAD","items_purchased":["Strawberry","Inflame"],"campfire_rested":1,"item_purchase_floors":[20,24],"current_hp_per_floor":[76,60,62,66,72,72,17,41,41,50,50,47,45,48,48,27,67,64,47,54,63,57,57,57,21,21,19,40,0],"gold":65,"neow_bonus":"UPGRADE_CARD","is_prod":false,"is_daily":false,"chose_seed":false,"campfire_upgraded":2,"win_rate":0,"timestamp":1555864874,"path_taken":["M","?","M","M","M","R","E","R","T","M","M","?","M","M","R","BOSS","M","?","$","M","?","?","$","E","T","?","M","E"],"build_version":"2019-01-23","purchased_purges":2,"victory":false,"max_hp_per_floor":[80,80,80,80,80,80,80,80,80,80,80,80,80,80,80,80,80,80,80,87,87,87,87,87,87,87,87,87,87],"card_choices":[{"not_picked":["Sword Boomerang","Clash"],"picked":"Flame Barrier","floor":1.0},{"not_picked":["Pommel Strike","Havoc"],"picked":"Disarm","floor":3.0},{"not_picked":["Thunderclap","Heavy Blade"],"picked":"Cleave","floor":4.0},{"not_picked":["Dropkick","Power Through"],"picked":"Twin Strike","floor":5.0},{"not_picked":["Entrench","Bloodletting"],"picked":"Double Tap","floor":7},{"not_picked":["Warcry","Disarm"],"picked":"Whirlwind","floor":10},{"not_picked":["Body Slam","Armaments"],"picked":"Anger","floor":11},{"not_picked":["Wild Strike","Whirlwind"],"picked":"Clash","floor":13},{"not_picked":["Warcry","Disarm"],"picked":"Shrug It Off","floor":14},{"not_picked":["Brutality","Fiend Fire"],"picked":"Reaper","floor":16},{"not_picked":["Power Through","Perfected Strike"],"picked":"Seeing Red+1","floor":18},{"not_picked":["Rupture+1","Cleave"],"picked":"Shrug It Off","floor":19},{"not_picked":["Shrug It Off","Second Wind"],"picked":"Intimidate","floor":21},{"not_picked":["Cleave","Iron Wave"],"picked":"Hemokinesis+1","floor":25},{"not_picked":["Searing Blow","Headbutt"],"picked":"Heavy Blade","floor":27},{"not_picked":["Havoc","Blood for Blood"],"picked":"Ghostly Armor","floor":28}],"player_experience":661648,"relics_obtained":[{"floor":7,"key":"FossilizedHelix"},{"floor":9,"key":"Magic Flower"},{"floor":19,"key":"Red Mask"},{"floor":25,"key":"Bag of Marbles"},{"floor":25,"key":"Bottled Lightning"},{"floor":26,"key":"Bottled Flame"}],"event_choices":[{"damage_healed":0.0,"max_hp_gain":0.0,"max_hp_loss":0.0,"gold_gain":0.0,"event_name":"Shining Light","player_choice":"Entered Light","floor":2.0,"gold_loss":0.0,"damage_taken":16.0,"cards_upgraded":["Strike_R","Defend_R"]},{"damage_healed":0,"gold_gain":0,"player_choice":"Success","damage_taken":3,"relics_obtained":["Kunai"],"max_hp_gain":0,"max_hp_loss":0,"event_name":"Scrap Ooze","floor":12,"gold_loss":0},{"damage_healed":0,"gold_gain":0,"player_choice":"Fought Bandits","damage_taken":0,"max_hp_gain":0,"max_hp_loss":0,"event_name":"Masked Bandits","floor":19,"gold_loss":0},{"damage_healed":0,"gold_gain":0,"player_choice":"Joined the Cult","damage_taken":6,"max_hp_gain":0,"max_hp_loss":0,"event_name":"Nest","floor":22,"gold_loss":0,"cards_obtained":["RitualDagger"]},{"damage_healed":0,"gold_gain":0,"cards_transformed":["Strike_R"],"player_choice":"Transformed","damage_taken":0,"max_hp_gain":0,"max_hp_loss":0,"event_name":"Transmorgrifier","floor":23,"gold_loss":0,"cards_obtained":["Thunderclap"]}],"is_beta":false,"boss_relics":[{"not_picked":["Fusion Hammer","Empty Cage"],"picked":"Black Star"}],"items_purged_floors":[20,24],"is_endless":false,"potions_floor_spawned":[1,10,11,14,16,18,19,21],"killed_by":"Gremlin Leader","ascension_level":9}