{"gold_per_floor":[316,335,335,347,366,399,399,432,432,21,37,2,2,22,22,118,118,128,147,166,178,197,197,231,231,231,231,191,203,203,215,215,317,317,336,336,355,355,374,374,391,391,467,500,510,4,38,54,54,54],"floor_reached":51,"playtime":2549,"items_purged":["Strike_R","Strike_R"],"score":1275,"play_id":"902c28f0-3edb-49cd-98e0-98e8566ea265","local_time":"20190130182254","is_ascension_mode":true,"campfire_choices":[{"data":"Limit Break","floor":7,"key":"SMITH"},{"floor":15,"key":"REST"},{"data":"Demon Form","floor":23,"key":"SMITH"},{"floor":25,"key":"REST"},{"floor":27,"key":"REST"},{"data":"Armaments","floor":30,"key":"SMITH"},{"floor":32,"key":"REST"},{"data":"Shockwave","floor":40,"key":"SMITH"},{"floor":42,"key":"REST"},{"floor":49,"key":"REST"}],"neow_cost":"NO_GOLD","seed_source_timestamp":525919819533600,"circlet_count":0,"master_deck":["Strike_R+1","Strike_R+1","Defend_R","Defend_R","Defend_R","Bash","Spot Weakness+1","Iron Wave","Limit Break+1","Armaments+1","Demon Form+1","Panacea","Body Slam+1","Cleave+1","Heavy Blade+1","Shockwave+1","Pummel+1","Sword Boomerang+1","Whirlwind+1","Offering","True Grit+1","Entrench","Shrug It Off+1","Apotheosis","Metallicize+1"],"relics":["Burning Blood","Old Coin","Pocketwatch","Molten Egg 2","Singing Bowl","Bottled Tornado","Velvet Choker","Orichalcum","Potion Belt","Snecko Eye","Bottled Lightning","Question Card","Ornamental Fan","Pantograph"],"potions_floor_usage":[5,6,8,16,24,50,50,50],"damage_taken":[{"damage":4,"enemies":"Jaw Worm","floor":1,"turns":4},{"damage":11,"enemies":"Small Slimes","floor":2,"turns":3},{"damage":2,"enemies":"2 Louse","floor":4,"turns":3},{"damage":20,"enemies":"Gremlin Gang","floor":5,"turns":5},{"damage":35,"enemies":"3 Sentries","floor":6,"turns":8},{"damage":24,"enemies":"Gremlin Nob","floor":8,"turns":4},{"damage":9,"enemies":"Red Slaver","floor":11,"turns":4},{"damage":10,"enemies":"3 Louse","floor":14,"turns":4},{"damage":0,"enemies":"Slime Boss","floor":16,"turns":5},{"damage":15,"enemies":"3 Byrds","floor":18,"turns":4},{"damage":0,"enemies":"Spheric Guardian","floor":19,"turns":3},{"damage":3,"enemies":"Snecko","floor":20,"turns":3},{"damage":30,"enemies":"Snake Plant","floor":21,"turns":4},{"damage":14,"enemies":"Centurion and Healer","floor":22,"turns":4},{"damage":46,"enemies":"Gremlin Leader","floor":24,"turns":4},{"damage":22,"enemies":"Shelled Parasite and Fungi","floor":29,"turns":3},{"damage":4,"enemies":"Chosen and Byrds","floor":31,"turns":4},{"damage":14,"enemies":"Automaton","floor":33,"turns":6},{"damage":17,"enemies":"Orb Walker","floor":35,"turns":3},{"damage":27,"enemies":"3 Shapes","floor":37,"turns":2},{"damage":19,"enemies":"3 Darklings","floor":39,"turns":3},{"damage":0,"enemies":"4 Shapes","floor":41,"turns":4},{"damage":26,"enemies":"Reptomancer","floor":44,"turns":4},{"damage":5,"enemies":"Maw","floor":45,"turns":5},{"damage":1,"enemies":"Giant Head","floor":47,"turns":4},{"damage":15,"enemies":"Jaw Worm Horde","floor":48,"turns":4},{"damage":43,"enemies":"Awakened One","floor":50,"turns":7}],"seed_played":"619778117639107868","potions_obtained":[{"floor":1,"key":"Regen Potion"},{"floor":5,"key":"PowerPotion"},{"floor":6,"key":"SteroidPotion"},{"floor":8,"key":"FearPotion"},{"floor":20,"key":"EssenceOfSteel"},{"floor":29,"key":"Poison Potion"},{"floor":31,"key":"Explosive Potion"},{"floor":33,"key":"Dexterity Potion"},{"floor":35,"key":"Weak Potion"},{"floor":44,"key":"Block Potion"},{"floor":47,"key":"FairyPotion"}],"is_trial":false,"path_per_floor":["M","M","?","M","M","E","R","E","T","$","M","?","?","M","R","B",null,"M","M","M","M","M","R","E","R","T","R","?","M","R","M","R","B",null,"M","?","M","?","M","R","M","R","T","E","M","$","E","M","R","B",null],"character_chosen":"IRONCLAD","items_purchased":["Bottled Tornado","Panacea","Apotheosis","Ornamental Fan"],"campfire_rested":6,"item_purchase_floors":[10,10,46,46],"current_hp_per_floor":[74,69,69,73,71,42,42,24,24,24,21,41,34,30,54,62,77,68,74,77,55,47,47,9,34,34,59,59,43,43,45,70,62,80,71,71,50,50,37,37,45,72,72,54,57,57,62,55,83,59],"gold":54,"neow_bonus":"ONE_RARE_RELIC","is_prod":false,"is_daily":false,"chose_seed":false,"campfire_upgraded":4,"win_rate":0,"timestamp":1548868974,"path_taken":["M","M","?","M","M","E","R","E","T","$","M","?","?","M","R","BOSS","M","M","M","M","M","R","E","R","T","R","?","?","R","M","R","BOSS","M","?","M","?","M","R","M","R","T","E","M","$","E","?","R","BOSS"],"build_version":"2019-01-23","purchased_purges":2,"victory":true,"max_hp_per_floor":[80,80,80,80,80,80,80,80,80,80,80,80,80,80,80,82,82,82,82,82,84,84,84,86,86,86,86,86,86,86,86,86,86,86,88,88,88,88,88,88,90,90,90,92,94,94,94,96,96,96],"card_choices":[{"not_picked":["Shockwave","True Grit"],"picked":"Spot Weakness","floor":1},{"not_picked":["Body Slam","Burning Pact"],"picked":"Iron Wave","floor":2},{"not_picked":["Iron Wave","Cleave"],"picked":"Limit Break","floor":4},{"not_picked":["Wild Strike","Searing Blow","Flex"],"picked":"SKIP","floor":5},{"not_picked":["Rupture","Body Slam"],"picked":"Armaments","floor":6},{"not_picked":["Brutality","Seeing Red"],"picked":"Demon Form","floor":8},{"not_picked":["Evolve","Ghostly Armor"],"picked":"Body Slam+1","floor":11},{"not_picked":["Wild Strike+1","Perfected Strike+1"],"picked":"Cleave+1","floor":14},{"not_picked":["Barricade","Bludgeon+1","Brutality"],"picked":"Singing Bowl","floor":16},{"not_picked":["Iron Wave+1","Thunderclap+1"],"picked":"Heavy Blade+1","floor":18},{"not_picked":["Infernal Blade","Uppercut+1"],"picked":"Shockwave","floor":19},{"not_picked":["Sever Soul+1","Wild Strike+1"],"picked":"Pummel+1","floor":20},{"not_picked":["Body Slam+1","Rupture","Flex"],"picked":"Singing Bowl","floor":21},{"not_picked":["Wild Strike+1","Clash+1"],"picked":"Sword Boomerang+1","floor":22},{"not_picked":["Fiend Fire+1","Inflame+1","Sword Boomerang+1"],"picked":"Singing Bowl","floor":24},{"not_picked":["Wild Strike+1","Metallicize"],"picked":"Whirlwind+1","floor":29},{"not_picked":["Sentinel+1","Cleave+1"],"picked":"Evolve","floor":31},{"not_picked":["Double Tap","Berserk"],"picked":"Offering","floor":33},{"not_picked":["Combust","Body Slam+1","Twin Strike+1"],"picked":"Singing Bowl","floor":35},{"not_picked":["Body Slam+1","Twin Strike+1"],"picked":"True Grit+1","floor":37},{"not_picked":["Uppercut+1","Pommel Strike+1"],"picked":"Shrug It Off+1","floor":39},{"not_picked":["Clash+1","Perfected Strike+1","Anger+1"],"picked":"Singing Bowl","floor":41},{"not_picked":["Perfected Strike+1","Anger+1","Rage+1"],"picked":"Singing Bowl","floor":44},{"not_picked":["Sever Soul+1","Twin Strike+1","Searing Blow+1","Pommel Strike+1"],"picked":"Singing Bowl","floor":45},{"not_picked":["Rupture","Combust+1","Second Wind"],"picked":"Metallicize+1","floor":47},{"not_picked":["Pommel Strike+1","Combust","Body Slam+1","Havoc+1"],"picked":"Singing Bowl","floor":48}],"player_experience":415148,"relics_obtained":[{"floor":6,"key":"Pocketwatch"},{"floor":8,"key":"Molten Egg 2"},{"floor":9,"key":"Singing Bowl"},{"floor":24,"key":"Orichalcum"},{"floor":26,"key":"Potion Belt"},{"floor":43,"key":"Bottled Lightning"},{"floor":44,"key":"Question Card"},{"floor":47,"key":"Pantograph"}],"event_choices":[{"damage_healed":0,"gold_gain":0,"player_choice":"Grow","damage_taken":0,"max_hp_gain":0,"max_hp_loss":0,"event_name":"Living Wall","floor":3,"gold_loss":0,"cards_upgraded":["Spot Weakness"]},{"damage_healed":20,"gold_gain":0,"player_choice":"Healed","damage_taken":0,"max_hp_gain":0,"max_hp_loss":0,"event_name":"The Cleric","floor":12,"gold_loss":35},{"cards_removed":["Defend_R"],"damage_healed":0,"gold_gain":0,"player_choice":"Card Removal","damage_taken":7,"max_hp_gain":0,"max_hp_loss":0,"event_name":"Golden Wing","floor":13,"gold_loss":0},{"damage_healed":0,"gold_gain":0,"player_choice":"Upgraded Two","damage_taken":0,"max_hp_gain":0,"max_hp_loss":0,"event_name":"Designer","floor":28,"gold_loss":40,"cards_upgraded":["Strike_R","Strike_R"]},{"cards_removed":["Evolve"],"damage_healed":0,"gold_gain":0,"player_choice":"Removed Power","damage_taken":0,"max_hp_gain":0,"max_hp_loss":0,"event_name":"Falling","floor":36,"gold_loss":0},{"damage_healed":0,"gold_gain":0,"cards_transformed":["Strike_R"],"player_choice":"Transformed","damage_taken":0,"max_hp_gain":0,"max_hp_loss":0,"event_name":"Transmorgrifier","floor":38,"gold_loss":0,"cards_obtained":["Entrench"]}],"is_beta":false,"boss_relics":[{"not_picked":["Mark of Pain","Orrery"],"picked":"Velvet Choker"},{"not_picked":["Runic Cube","Black Blood"],"picked":"Snecko Eye"}],"items_purged_floors":[10,46],"is_endless":false,"potions_floor_spawned":[1,5,6,8,20,29,31,33,35,44,47,48],"ascension_level":8}