{"gold_per_floor":[111,128,142,142,92,92,167,151,176,176,201,1,17,27,27,129,129,145,163,88,88,17,17,36,56,56,56,56,73,9,22,22,22],"floor_reached":33,"playtime":3190,"items_purged":["Strike_G"],"score":249,"play_id":"574cc278-40c5-4cca-9ab5-692b4d43a91e","local_time":"20180922161857","is_ascension_mode":false,"campfire_choices":[{"data":"Neutralize","floor":6,"key":"SMITH"},{"data":"PiercingWail","floor":10,"key":"SMITH"},{"floor":15,"key":"REST"},{"data":"Backstab","floor":23,"key":"SMITH"},{"floor":27,"key":"REST"},{"floor":32,"key":"REST"}],"neow_cost":"NONE","seed_source_timestamp":30420135078562,"circlet_count":0,"master_deck":["Defend_G","Defend_G","Defend_G","Defend_G","Strike_G","Strike_G","Strike_G","Survivor","Neutralize+1","PiercingWail+1","Acrobatics","Poisoned Stab","Dagger Throw","Leg Sweep","Dagger Spray","Backstab+1","Backflip","A Thousand Cuts","Flying Knee+1","Blade Dance+1","Corpse Explosion","Acrobatics+1","Endless Agony","Deadly Poison","Writhe","Deadly Poison","Bane","Dodge and Roll","Infinite Blades"],"relics":["Ring of the Snake","Dream Catcher","Blood Vial","Membership Card","Nloth\u0027s Gift","Pantograph","Strawberry"],"potions_floor_usage":[11,11,16,18,18,33],"damage_taken":[{"damage":0,"enemies":"2 Louse","floor":1,"turns":5},{"damage":3,"enemies":"Cultist","floor":2,"turns":7},{"damage":0,"enemies":"Small Slimes","floor":3,"turns":3},{"damage":7,"enemies":"Exordium Thugs","floor":8,"turns":5},{"damage":18,"enemies":"Lagavulin","floor":11,"turns":4},{"damage":2,"enemies":"Looter","floor":13,"turns":3},{"damage":0,"enemies":"2 Fungi Beasts","floor":14,"turns":4},{"damage":56,"enemies":"The Guardian","floor":16,"turns":17},{"damage":7,"enemies":"Spheric Guardian","floor":18,"turns":7},{"damage":17,"enemies":"Shell Parasite","floor":19,"turns":10},{"damage":9,"enemies":"Shelled Parasite and Fungi","floor":24,"turns":8},{"damage":11,"enemies":"3 Cultists","floor":25,"turns":4},{"damage":13,"enemies":"Snecko","floor":29,"turns":5},{"damage":16,"enemies":"Centurion and Healer","floor":31,"turns":7},{"damage":79,"enemies":"Automaton","floor":33,"turns":8}],"seed_played":"5006714880624551418","potions_obtained":[{"floor":3,"key":"FearPotion"},{"floor":8,"key":"SteroidPotion"},{"floor":11,"key":"SteroidPotion"},{"floor":14,"key":"SpeedPotion"},{"floor":16,"key":"SteroidPotion"},{"floor":24,"key":"Swift Potion"},{"floor":29,"key":"SpeedPotion"}],"is_trial":false,"path_per_floor":["M","M","M","?","?","R","?","M","T","R","E","$","M","M","R","B",null,"M","M","?","?","$","R","M","M","T","R","?","M","$","M","R"],"character_chosen":"THE_SILENT","items_purchased":["Membership Card","Corpse Explosion","Bane"],"campfire_rested":3,"item_purchase_floors":[12,22,30],"current_hp_per_floor":[70,67,67,67,67,67,56,49,49,49,33,33,33,35,56,2,70,63,48,48,48,48,48,41,32,32,53,60,49,49,35,58,0],"gold":22,"neow_bonus":"RANDOM_COMMON_RELIC","is_prod":false,"is_daily":false,"chose_seed":false,"campfire_upgraded":3,"win_rate":0.0,"timestamp":1537625937,"path_taken":["M","M","M","?","?","R","?","M","T","R","E","?","M","M","R","BOSS","M","M","?","?","$","R","M","M","T","R","?","M","$","M","R","BOSS"],"build_version":"2018-09-20","purchased_purges":1,"victory":false,"max_hp_per_floor":[70,70,70,70,70,70,70,70,70,70,70,70,70,70,70,70,70,70,70,70,70,70,70,70,70,70,70,77,77,77,77,77,77],"card_choices":[{"not_picked":["Endless Agony","Blur"],"picked":"PiercingWail","floor":1},{"not_picked":["Outmaneuver","Distraction"],"picked":"Acrobatics","floor":2},{"not_picked":["Predator","Blur"],"picked":"Poisoned Stab","floor":3},{"not_picked":["Acrobatics","PiercingWail"],"picked":"Dagger Throw","floor":8},{"not_picked":["Doppelganger","Blur"],"picked":"Leg Sweep","floor":11},{"not_picked":["Blade Dance","Poisoned Stab"],"picked":"Dagger Spray","floor":13},{"not_picked":["Dagger Spray","Footwork"],"picked":"Backstab","floor":14},{"not_picked":["Blur","Deflect"],"picked":"Backflip","floor":15},{"not_picked":["Adrenaline","Envenom"],"picked":"A Thousand Cuts","floor":16},{"not_picked":["Dodge and Roll","Distraction"],"picked":"Flying Knee+1","floor":18},{"not_picked":["Expertise","Dash"],"picked":"Blade Dance+1","floor":19},{"not_picked":["Dagger Spray","Eviscerate"],"picked":"Acrobatics+1","floor":24},{"not_picked":["Escape Plan","Dagger Spray"],"picked":"Endless Agony","floor":25},{"not_picked":["Dash","Prepared"],"picked":"Deadly Poison","floor":27},{"not_picked":["Flying Knee","Catalyst"],"picked":"Deadly Poison","floor":29},{"not_picked":["Deflect","Glass Knife"],"picked":"Dodge and Roll","floor":31},{"not_picked":["Deadly Poison","Blur"],"picked":"Infinite Blades","floor":32}],"player_experience":22283,"relics_obtained":[{"floor":9,"key":"Blood Vial"},{"floor":11,"key":"Bag of Marbles"},{"floor":26,"key":"Pantograph"}],"event_choices":[{"event_name":"Liars Game","player_choice":"disagreed","floor":4,"damage_taken":0},{"event_name":"The Cleric","player_choice":"Card Removal","floor":5,"damage_taken":0},{"event_name":"World of Goop","player_choice":"Gather Gold","floor":7,"damage_taken":0},{"event_name":"Beggar","player_choice":"Gave Gold","floor":20,"damage_taken":0},{"event_name":"N\u0027loth","player_choice":"Traded a Bag of Marbles","floor":21,"damage_taken":0},{"event_name":"The Mausoleum","player_choice":"Yes","floor":28,"damage_taken":0}],"is_beta":false,"boss_relics":[{"not_picked":["Ectoplasm","Snecko Eye","Runic Dome"]}],"items_purged_floors":[30],"is_endless":false,"potions_floor_spawned":[3,8,11,14,16,24,29],"killed_by":"Automaton","ascension_level":0}