{"path_per_floor":["M","?","$","M","M","R","?","?","T","M","R","E","M","?","R","B",null,"M","?","?","$","M","R","E","M","T","$","M","M","R","M","R","B",null,"M","M","M","$","M","R","?","R","T","M","E","R","E","?","R"],"character_chosen":"IRONCLAD","items_purchased":["Apotheosis","Dream Catcher","Immolate"],"gold_per_floor":[112,112,112,124,141,141,91,91,91,112,112,150,168,168,168,298,298,316,316,316,139,152,152,178,195,219,66,82,96,96,115,115,213,213,232,245,262,114,124,124,124,124,124,134,168,168,197,197,197],"floor_reached":50,"campfire_rested":4,"playtime":1731,"current_hp_per_floor":[80,80,80,80,80,80,80,60,60,56,56,56,61,61,61,57,80,76,76,76,76,77,77,53,58,63,63,74,64,64,41,67,28,84,84,82,77,77,45,72,72,72,72,50,22,49,22,45,72],"items_purged":[],"gold":197,"score":522,"play_id":"f74cabf5-93b3-425f-992b-54218cc666cd","local_time":"20180318001014","is_prod":false,"is_daily":false,"is_ascension_mode":false,"campfire_upgraded":5,"timestamp":1521303014,"path_taken":["M","?","$","M","M","R","?","?","T","M","R","E","?","?","R","BOSS","M","?","?","$","M","R","E","M","T","$","M","M","R","?","R","BOSS","M","M","M","$","M","R","?","R","T","?","E","R","E","?","R","BOSS"],"build_version":"2018-03-15v2","purchased_purges":2,"victory":false,"master_deck":["Strike_R","Strike_R","Strike_R","Strike_R","Strike_R","Defend_R","Defend_R","Defend_R","Bash+1","Perfected Strike+1","Whirlwind+1","Clash","Twin Strike","Wild Strike+1","Demon Form+1","Apotheosis+1","Twin Strike","Twin Strike+1","Perfected Strike+1","Flex+1","Blood for Blood+1","Brutality+1","Dual Wield+1","Seeing Red","Immolate","Perfected Strike+1","Burning Pact","Wild Strike+1"],"max_hp_per_floor":[80,80,80,80,80,80,80,80,80,80,80,80,80,80,80,80,80,80,80,80,80,80,80,82,82,82,82,82,82,82,82,84,84,84,84,84,84,84,86,88,88,88,88,90,92,92,92,92,92],"relics":["Burning Blood","Bloody Idol","Shovel","Kunai","Gremlin Horn","Mark of Pain","Singing Bowl","Whetstone","Dream Catcher","Lizard Tail","Du-Vu Doll","Smiling Mask","Omamori"],"card_choices":[{"not_picked":["Havoc","Rage"],"picked":"Perfected Strike"},{"not_picked":["Havoc","Bloodletting"],"picked":"Whirlwind"},{"not_picked":["Blood for Blood","Cleave"],"picked":"Clash"},{"not_picked":["Clash","Exhume"],"picked":"Twin Strike"},{"not_picked":["Sword Boomerang","Rage"],"picked":"Wild Strike"},{"not_picked":["Reaper","Barricade"],"picked":"Demon Form"},{"not_picked":["Inflame","Clash"],"picked":"Twin Strike"},{"not_picked":["Hemokinesis","Carnage"],"picked":"Twin Strike"},{"not_picked":["Thunderclap","Cleave"],"picked":"Perfected Strike"},{"not_picked":["Infernal Blade","Sentinel"],"picked":"Flex"},{"not_picked":["Burning Pact","True Grit"],"picked":"Blood for Blood"},{"not_picked":["Impervious","Fiend Fire"],"picked":"Brutality"},{"not_picked":["Havoc","Headbutt"],"picked":"Burning Pact"},{"not_picked":["Iron Wave","Sever Soul"],"picked":"Dual Wield"},{"not_picked":["Flex","Thunderclap"],"picked":"Seeing Red"},{"not_picked":["Dark Embrace","Thunderclap"],"picked":"Perfected Strike"},{"not_picked":["Power Through","Clash"],"picked":"Burning Pact"},{"not_picked":["Searing Blow","Burning Pact"],"picked":"Wild Strike"}],"player_experience":336994,"potions_floor_usage":[18,24,31,33,33,36,44,45,50,50],"damage_taken":[{"damage":2,"enemies":"2 Louse","floor":1,"turns":3},{"damage":1,"enemies":"Cultist","floor":4,"turns":4},{"damage":0,"enemies":"Small Slimes","floor":5,"turns":3},{"damage":10,"enemies":"Looter","floor":10,"turns":2},{"damage":6,"enemies":"3 Sentries","floor":12,"turns":3},{"damage":1,"enemies":"Large Slime","floor":13,"turns":3},{"damage":10,"enemies":"Slime Boss","floor":16,"turns":7},{"damage":10,"enemies":"Spheric Guardian","floor":18,"turns":3},{"damage":10,"enemies":"3 Byrds","floor":22,"turns":3},{"damage":37,"enemies":"Book of Stabbing","floor":24,"turns":5},{"damage":6,"enemies":"Centurion and Healer","floor":25,"turns":3},{"damage":0,"enemies":"3 Cultists","floor":28,"turns":2},{"damage":21,"enemies":"Slaver and Parasite","floor":29,"turns":4},{"damage":34,"enemies":"Centurion and Healer","floor":31,"turns":4},{"damage":50,"enemies":"Champ","floor":33,"turns":7},{"damage":9,"enemies":"3 Shapes","floor":35,"turns":5},{"damage":13,"enemies":"Orb Walker","floor":36,"turns":3},{"damage":16,"enemies":"Sphere and 2 Shapes","floor":37,"turns":5},{"damage":45,"enemies":"Maw","floor":39,"turns":6},{"damage":35,"enemies":"4 Shapes","floor":44,"turns":4},{"damage":41,"enemies":"Giant Head","floor":45,"turns":6},{"damage":38,"enemies":"2 Orb Walkers","floor":47,"turns":3},{"damage":131,"enemies":"Donu and Deca","floor":50,"turns":5}],"event_choices":[{"event_name":"Wheel of Change","player_choice":"Full Heal","floor":2,"damage_taken":0},{"event_name":"The Cleric","player_choice":"Card Removal","floor":7,"damage_taken":0},{"event_name":"Golden Idol","player_choice":"Take Damage","floor":8,"damage_taken":0},{"event_name":"The Woman in Blue","player_choice":"Bought 0 Potions","floor":14,"damage_taken":0},{"event_name":"Forgotten Altar","player_choice":"Gave Idol","floor":19,"damage_taken":0},{"event_name":"Upgrade Shrine","player_choice":"Upgraded","floor":20,"damage_taken":0},{"event_name":"Winding Halls","player_choice":"Writhe","floor":48,"damage_taken":0}],"boss_relics":[{"not_picked":["Orrery","Black Blood"],"picked":"Mark of Pain"},{"not_picked":["Runic Dome","Black Star"],"picked":"Lizard Tail"}],"potions_floor_spawned":[5,10,12,13,22,28,31,33,36,39,44],"seed_played":"-2279099037302949597","killed_by":"Donu and Deca","ascension_level":0,"is_trial":false}