{"gold_per_floor":[112,132,132,132,155,196,196,236,309,324,324,338,338,358,358,487,487,506,506,525,525,525,525,525,52,106,124,124,155,155,170,170,270,270,281,74,74,89,102,137,137,148,175,202,202,216,216,226,226,226],"floor_reached":51,"playtime":2030,"items_purged":["Writhe"],"score":1203,"play_id":"2e6e1170-7a0d-4640-9873-f7dd5c55b3ce","local_time":"20190203212639","is_ascension_mode":true,"campfire_choices":[{"data":"Noxious Fumes","floor":7,"key":"SMITH"},{"floor":13,"key":"REST"},{"data":"Neutralize","floor":15,"key":"SMITH"},{"data":"Footwork","floor":23,"key":"SMITH"},{"floor":28,"key":"REST"},{"data":"Footwork","floor":30,"key":"SMITH"},{"data":"Footwork","floor":32,"key":"SMITH"},{"data":"Adrenaline","floor":41,"key":"SMITH"},{"data":"Burst","floor":45,"key":"SMITH"},{"floor":47,"key":"DIG"},{"data":"Caltrops","floor":49,"key":"SMITH"}],"neow_cost":"NONE","seed_source_timestamp":883176404712400,"circlet_count":0,"master_deck":["AscendersBane","Defend_G","Defend_G","Defend_G","Defend_G","Defend_G","Strike_G","Strike_G+1","Strike_G+1","Strike_G","Survivor","Neutralize+1","Noxious Fumes+1","Dagger Spray","Burst+1","Adrenaline+1","Deadly Poison","Caltrops+1","Corpse Explosion","PiercingWail","Footwork+1","Deadly Poison","Noxious Fumes","Footwork+1","Footwork+1","Adrenaline","Crippling Poison"],"relics":["Ring of the Serpent","NeowsBlessing","Bloody Idol","Snake Skull","Shovel","Strawberry","Bottled Lightning","Thread and Needle","MutagenicStrength","Mango","Happy Flower","Art of War","Busted Crown","TwistedFunnel","StoneCalendar","Potion Belt","Boot","Bird Faced Urn"],"potions_floor_usage":[16,18,29,33,42,50,50,50],"damage_taken":[{"damage":0,"enemies":"Small Slimes","floor":1,"turns":1},{"damage":0,"enemies":"Jaw Worm","floor":2,"turns":1},{"damage":0,"enemies":"Gremlin Nob","floor":6,"turns":1},{"damage":17,"enemies":"3 Sentries","floor":8,"turns":6},{"damage":0,"enemies":"2 Louse","floor":10,"turns":2},{"damage":5,"enemies":"Red Slaver","floor":12,"turns":3},{"damage":0,"enemies":"Large Slime","floor":14,"turns":4},{"damage":2,"enemies":"Hexaghost","floor":16,"turns":7},{"damage":2,"enemies":"Chosen","floor":18,"turns":4},{"damage":17,"enemies":"2 Thieves","floor":20,"turns":3},{"damage":6,"enemies":"3 Cultists","floor":27,"turns":3},{"damage":27,"enemies":"Book of Stabbing","floor":29,"turns":7},{"damage":0,"enemies":"Snecko","floor":31,"turns":5},{"damage":3,"enemies":"Automaton","floor":33,"turns":12},{"damage":0,"enemies":"3 Darklings","floor":35,"turns":3},{"damage":11,"enemies":"3 Shapes","floor":38,"turns":3},{"damage":3,"enemies":"3 Darklings","floor":39,"turns":3},{"damage":9,"enemies":"Nemesis","floor":40,"turns":7},{"damage":0,"enemies":"Sphere and 2 Shapes","floor":42,"turns":5},{"damage":17,"enemies":"Transient","floor":46,"turns":5},{"damage":1,"enemies":"3 Darklings","floor":48,"turns":3},{"damage":80,"enemies":"Awakened One","floor":50,"turns":14}],"seed_played":"5450708394558534288","potions_obtained":[{"floor":6,"key":"Weak Potion"},{"floor":10,"key":"GhostInAJar"},{"floor":16,"key":"Ancient Potion"},{"floor":20,"key":"Ancient Potion"},{"floor":29,"key":"PowerPotion"},{"floor":33,"key":"LiquidBronze"},{"floor":38,"key":"PowerPotion"},{"floor":46,"key":"AttackPotion"},{"floor":48,"key":"Weak Potion"}],"is_trial":false,"path_per_floor":["M","M","?","?","T","E","R","E","T","M","?","M","R","M","R","B",null,"M","?","M","?","?","R","?","$","T","M","R","E","R","M","R","B",null,"M","$","?","M","M","E","R","M","T","T","R","M","R","M","R","B",null],"character_chosen":"THE_SILENT","items_purchased":["Deadly Poison","Noxious Fumes","Mango","TwistedFunnel"],"campfire_rested":2,"item_purchase_floors":[25,25,25,36],"current_hp_per_floor":[63,63,63,50,50,50,50,40,40,40,40,35,56,56,56,54,68,66,66,49,49,49,49,49,63,68,67,86,64,64,69,69,71,82,86,86,86,80,82,78,78,83,86,86,86,74,74,86,86,16],"gold":226,"neow_bonus":"THREE_ENEMY_KILL","is_prod":false,"is_daily":false,"chose_seed":false,"campfire_upgraded":8,"win_rate":0,"timestamp":1549225599,"path_taken":["M","M","?","?","?","E","R","E","T","M","?","M","R","?","R","BOSS","M","?","M","?","?","R","?","$","T","?","R","E","R","M","R","BOSS","M","$","?","M","M","E","R","M","T","?","R","?","R","M","R","BOSS"],"build_version":"2019-01-23","purchased_purges":1,"victory":true,"max_hp_per_floor":[70,70,65,65,65,65,65,72,72,72,72,72,72,72,72,72,72,72,72,72,72,72,72,72,86,86,86,86,86,86,86,86,86,86,86,86,86,86,86,86,86,86,86,86,86,86,86,86,86,86],"card_choices":[{"not_picked":["Dagger Spray","Distraction"],"picked":"Noxious Fumes","floor":1},{"not_picked":["Backflip","Caltrops"],"picked":"Dagger Spray","floor":2},{"not_picked":["Backflip","Blade Dance"],"picked":"Burst","floor":6},{"not_picked":["Concentrate","Escape Plan"],"picked":"Adrenaline","floor":8},{"not_picked":["Blade Dance","Underhanded Strike"],"picked":"Deadly Poison","floor":10},{"not_picked":["Underhanded Strike","Cloak And Dagger","Outmaneuver"],"picked":"SKIP","floor":12},{"not_picked":["Slice","Flying Knee"],"picked":"Caltrops","floor":14},{"not_picked":["Die Die Die","Glass Knife"],"picked":"Corpse Explosion","floor":16},{"not_picked":["Riddle With Holes","Deflect"],"picked":"PiercingWail","floor":18},{"not_picked":["Noxious Fumes","Outmaneuver+1"],"picked":"Footwork","floor":20},{"not_picked":["Deadly Poison","Riddle With Holes","Poisoned Stab"],"picked":"SKIP","floor":27},{"not_picked":["Leg Sweep","Backstab"],"picked":"Footwork","floor":29},{"not_picked":["Dagger Throw","PiercingWail+1"],"picked":"Footwork","floor":31},{"not_picked":["After Image","Glass Knife"],"picked":"Adrenaline","floor":33},{"not_picked":["Calculated Gamble"],"picked":"SKIP","floor":35},{"not_picked":[],"picked":"Crippling Poison","floor":38},{"not_picked":["Bane"],"picked":"SKIP","floor":39},{"not_picked":["Envenom"],"picked":"SKIP","floor":40},{"not_picked":["Blade Dance"],"picked":"SKIP","floor":42},{"not_picked":["Choke"],"picked":"SKIP","floor":46},{"not_picked":["Cloak And Dagger+1"],"picked":"SKIP","floor":48}],"player_experience":461096,"relics_obtained":[{"floor":5,"key":"Snake Skull"},{"floor":6,"key":"Shovel"},{"floor":8,"key":"Strawberry"},{"floor":9,"key":"Bottled Lightning"},{"floor":26,"key":"Happy Flower"},{"floor":29,"key":"Art of War"},{"floor":40,"key":"StoneCalendar"},{"floor":43,"key":"Potion Belt"},{"floor":44,"key":"Boot"},{"floor":47,"key":"Bird Faced Urn"}],"event_choices":[{"damage_healed":0,"gold_gain":0,"player_choice":"Lose Max HP","damage_taken":0,"relics_obtained":["Golden Idol"],"max_hp_gain":0,"max_hp_loss":5,"event_name":"Golden Idol","floor":3,"gold_loss":0},{"damage_healed":0,"gold_gain":0,"player_choice":"Entered Light","damage_taken":13,"max_hp_gain":0,"max_hp_loss":0,"event_name":"Shining Light","floor":4,"gold_loss":0,"cards_upgraded":["Strike_G","Strike_G"]},{"cards_removed":["Strike_G"],"damage_healed":0,"gold_gain":0,"player_choice":"Purged","damage_taken":0,"max_hp_gain":0,"max_hp_loss":0,"event_name":"Purifier","floor":11,"gold_loss":0},{"damage_healed":0,"gold_gain":0,"player_choice":"Opened","damage_taken":0,"relics_obtained":["Thread and Needle"],"max_hp_gain":0,"max_hp_loss":0,"event_name":"The Mausoleum","floor":19,"gold_loss":0,"cards_obtained":["Writhe"]},{"damage_healed":0,"gold_gain":0,"player_choice":"Gave Idol","damage_taken":0,"relics_obtained":["Bloody Idol"],"max_hp_gain":0,"max_hp_loss":0,"event_name":"Forgotten Altar","floor":21,"relics_lost":["Golden Idol"],"gold_loss":0},{"damage_healed":0,"gold_gain":0,"player_choice":"Inject Mutagens","damage_taken":0,"relics_obtained":["MutagenicStrength"],"max_hp_gain":0,"max_hp_loss":0,"event_name":"Drug Dealer","floor":22,"gold_loss":0},{"damage_healed":0,"gold_gain":0,"player_choice":"Ignored","damage_taken":0,"max_hp_gain":0,"max_hp_loss":0,"event_name":"Vampires","floor":24,"gold_loss":0},{"damage_healed":0,"gold_gain":0,"player_choice":"Memory 1","damage_taken":0,"max_hp_gain":0,"max_hp_loss":0,"event_name":"SensoryStone","floor":37,"gold_loss":0}],"is_beta":false,"boss_relics":[{"not_picked":["Runic Pyramid","Snecko Eye"],"picked":"Ring of the Serpent"},{"not_picked":["Pandora\u0027s Box","Tiny House"],"picked":"Busted Crown"}],"items_purged_floors":[25],"is_endless":false,"potions_floor_spawned":[6,10,16,20,29,31,33,38,40,46,48],"ascension_level":12}