{"gold_per_floor":[111,130,141,153,170,170,188,215,265,277,287,302,302,302,302,403,403,419,108,120,50,75,75,93,147,227,227,227,69,83,94,94,192,192,208,108,108,108,127,127,155,155,155,184,184,195,0,14,14,14],"floor_reached":51,"playtime":2895,"items_purged":["Strike_G","Strike_G"],"score":903,"play_id":"165bdab4-586e-418d-a18e-adbecc6f0a98","local_time":"20190414232240","is_ascension_mode":true,"campfire_choices":[{"data":"Neutralize","floor":6,"key":"SMITH"},{"data":"Noxious Fumes","floor":13,"key":"SMITH"},{"data":"Catalyst","floor":15,"key":"SMITH"},{"data":"Catalyst","floor":23,"key":"SMITH"},{"floor":28,"key":"REST"},{"floor":32,"key":"REST"},{"data":"Calculated Gamble","floor":40,"key":"SMITH"},{"data":"Madness","floor":42,"key":"SMITH"},{"data":"Night Terror","floor":45,"key":"SMITH"},{"data":"Bouncing Flask","floor":49,"key":"SMITH"}],"neow_cost":"NONE","seed_source_timestamp":136966136554715,"circlet_count":0,"master_deck":["Defend_G+1","Defend_G","Defend_G","Defend_G","Defend_G","Strike_G","Survivor","Neutralize+1","Masterful Stab","Catalyst+1","Bouncing Flask+1","Backflip","All Out Attack","Dagger Throw","Doppelganger","Poisoned Stab","Noxious Fumes+1","Corpse Explosion+1","Night Terror+1","PiercingWail","Catalyst+1","Dash+1","Well Laid Plans","Enlightenment","Calculated Gamble+1","Acrobatics","Tools of the Trade","Prepared+1","Madness+1","Madness","Finesse","Concentrate+1","Acrobatics+1"],"relics":["Ring of the Snake","Tingsha","Anchor","Runic Pyramid","Tiny Chest","Art of War","War Paint","Strawberry","Shuriken","Busted Crown","Bird Faced Urn","Bottled Flame","Letter Opener","Red Mask"],"potions_floor_usage":[1,16,18,33,50,50,50],"damage_taken":[{"damage":0,"enemies":"2 Louse","floor":1,"turns":2},{"damage":7,"enemies":"Cultist","floor":2,"turns":4},{"damage":0,"enemies":"Jaw Worm","floor":3,"turns":3},{"damage":1,"enemies":"Looter","floor":4,"turns":3},{"damage":3,"enemies":"Blue Slaver","floor":5,"turns":3},{"damage":0,"enemies":"3 Louse","floor":7,"turns":2},{"damage":15,"enemies":"Lagavulin","floor":8,"turns":5},{"damage":0,"enemies":"Exordium Wildlife","floor":10,"turns":2},{"damage":0,"enemies":"Blue Slaver","floor":11,"turns":3},{"damage":3,"enemies":"Looter","floor":12,"turns":3},{"damage":1,"enemies":"Slime Boss","floor":16,"turns":8},{"damage":15,"enemies":"2 Thieves","floor":18,"turns":3},{"damage":8,"enemies":"Spheric Guardian","floor":20,"turns":3},{"damage":10,"enemies":"Snecko","floor":24,"turns":5},{"damage":14,"enemies":"Snake Plant","floor":30,"turns":4},{"damage":16,"enemies":"Sentry and Sphere","floor":31,"turns":4},{"damage":44,"enemies":"Automaton","floor":33,"turns":8},{"damage":0,"enemies":"3 Shapes","floor":35,"turns":4},{"damage":0,"enemies":"Orb Walker","floor":39,"turns":2},{"damage":7,"enemies":"Nemesis","floor":41,"turns":5},{"damage":0,"enemies":"Reptomancer","floor":44,"turns":3},{"damage":0,"enemies":"Transient","floor":46,"turns":5},{"damage":0,"enemies":"4 Shapes","floor":48,"turns":4},{"damage":20,"enemies":"Awakened One","floor":50,"turns":8}],"seed_played":"4461013451612583310","potions_obtained":[{"floor":1,"key":"Fruit Juice"},{"floor":2,"key":"SteroidPotion"},{"floor":3,"key":"Ancient Potion"},{"floor":8,"key":"EssenceOfSteel"},{"floor":30,"key":"LiquidBronze"},{"floor":33,"key":"Energy Potion"},{"floor":41,"key":"EssenceOfSteel"},{"floor":44,"key":"Poison Potion"}],"is_trial":false,"path_per_floor":["M","M","M","M","M","R","M","E","T","M","M","M","R","?","R","B",null,"M","$","M","$","T","R","M","T","T","?","R","$","M","M","R","B",null,"M","$","?","?","M","R","E","R","T","E","R","M","?","M","R","B",null],"character_chosen":"THE_SILENT","items_purchased":["Catalyst","Tiny Chest","Art of War","Well Laid Plans","Enlightenment"],"campfire_rested":2,"item_purchase_floors":[19,19,19,21,29],"current_hp_per_floor":[75,68,68,67,64,64,64,49,49,49,49,46,46,46,46,45,75,60,60,52,52,52,52,42,49,49,33,59,59,45,29,55,11,87,87,87,76,76,76,76,69,69,69,69,69,73,73,77,77,59],"gold":14,"neow_bonus":"TRANSFORM_CARD","is_prod":false,"is_daily":false,"chose_seed":false,"campfire_upgraded":8,"win_rate":0,"timestamp":1555255360,"path_taken":["M","M","M","M","M","R","M","E","T","M","M","M","R","?","R","BOSS","M","$","M","$","?","R","M","?","T","?","R","?","M","M","R","BOSS","M","$","?","?","M","R","E","R","T","E","R","M","?","M","R","BOSS"],"build_version":"2019-01-23","purchased_purges":2,"victory":true,"max_hp_per_floor":[75,75,75,75,75,75,75,75,75,75,75,75,75,75,75,75,75,75,75,75,75,75,75,75,82,82,87,87,87,87,87,87,87,87,87,87,87,87,87,87,87,87,87,87,87,87,87,87,87,87],"card_choices":[{"not_picked":["Endless Agony","Distraction"],"picked":"Catalyst","floor":1},{"not_picked":["Escape Plan","Quick Slash"],"picked":"Bouncing Flask","floor":2},{"not_picked":["Cloak And Dagger","Finisher"],"picked":"Backflip","floor":3},{"not_picked":["Blade Dance","Dagger Throw"],"picked":"All Out Attack","floor":4},{"not_picked":["Dagger Spray","Slice"],"picked":"Dagger Throw","floor":5},{"not_picked":["Reflex","Masterful Stab"],"picked":"Doppelganger","floor":7},{"not_picked":["Slice","Quick Slash","Phantasmal Killer"],"picked":"SKIP","floor":8},{"not_picked":["Quick Slash","Deflect","Infinite Blades"],"picked":"SKIP","floor":10},{"not_picked":["Acrobatics","Flying Knee"],"picked":"Poisoned Stab","floor":11},{"not_picked":["Reflex","Finisher"],"picked":"Noxious Fumes","floor":12},{"not_picked":["Grand Finale","Glass Knife"],"picked":"Night Terror","floor":16},{"not_picked":["Outmaneuver","All Out Attack"],"picked":"PiercingWail","floor":18},{"not_picked":["PiercingWail+1","Riddle With Holes"],"picked":"Dash+1","floor":20},{"not_picked":["Dodge and Roll","Quick Slash","Dagger Spray"],"picked":"SKIP","floor":24},{"not_picked":["Bane","Infinite Blades"],"picked":"Calculated Gamble","floor":30},{"not_picked":["Backflip","Sucker Punch"],"picked":"Acrobatics","floor":31},{"not_picked":["Wraith Form v2","After Image"],"picked":"Tools of the Trade","floor":33},{"not_picked":[],"picked":"Prepared+1","floor":35},{"not_picked":[],"picked":"Finesse","floor":38},{"not_picked":["Quick Slash"],"picked":"SKIP","floor":39},{"not_picked":["Dagger Spray"],"picked":"SKIP","floor":41},{"not_picked":[],"picked":"Concentrate+1","floor":44},{"not_picked":["Dagger Throw"],"picked":"SKIP","floor":46},{"not_picked":[],"picked":"Acrobatics+1","floor":48}],"player_experience":967356,"relics_obtained":[{"floor":8,"key":"Tingsha"},{"floor":9,"key":"Anchor"},{"floor":22,"key":"War Paint"},{"floor":25,"key":"Strawberry"},{"floor":26,"key":"Shuriken"},{"floor":41,"key":"Bird Faced Urn"},{"floor":43,"key":"Bottled Flame"},{"floor":44,"key":"Letter Opener"}],"event_choices":[{"damage_healed":0,"gold_gain":0,"cards_transformed":["Strike_G"],"player_choice":"Transformed","damage_taken":0,"max_hp_gain":0,"max_hp_loss":0,"event_name":"Transmorgrifier","floor":14,"gold_loss":0,"cards_obtained":["Corpse Explosion"]},{"damage_healed":0,"gold_gain":0,"player_choice":"Shed Blood","damage_taken":21,"max_hp_gain":5,"max_hp_loss":0,"event_name":"Forgotten Altar","floor":27,"gold_loss":0},{"damage_healed":0,"gold_gain":0,"player_choice":"Embrace Madness","damage_taken":11,"max_hp_gain":0,"max_hp_loss":0,"event_name":"Winding Halls","floor":37,"gold_loss":0,"cards_obtained":["Madness","Madness"]},{"damage_healed":0,"gold_gain":0,"player_choice":"Memory 1","damage_taken":0,"max_hp_gain":0,"max_hp_loss":0,"event_name":"SensoryStone","floor":38,"gold_loss":0},{"damage_healed":0,"gold_gain":0,"player_choice":"Paid","damage_taken":0,"relics_obtained":["Red Mask"],"max_hp_gain":0,"max_hp_loss":0,"event_name":"Tomb of Lord Red Mask","floor":47,"gold_loss":195}],"is_beta":false,"boss_relics":[{"not_picked":["Philosopher\u0027s Stone","Lizard Tail"],"picked":"Runic Pyramid"},{"not_picked":["Snecko Eye","White Beast Statue"],"picked":"Busted Crown"}],"items_purged_floors":[29,36],"is_endless":false,"potions_floor_spawned":[1,2,3,8,10,30,33,41,44,46],"ascension_level":4}