{"gold_per_floor":[116,135,154,170,270,299,299,332,332,346,29,41,106,131,131,131],"floor_reached":16,"playtime":775,"items_purged":["Defend_R"],"score":122,"play_id":"263b033e-a9e8-4a06-bd65-b29d92e30d38","local_time":"20181117115331","is_ascension_mode":false,"campfire_choices":[{"floor":7,"key":"REST"},{"data":"True Grit","floor":15,"key":"SMITH"}],"neow_cost":"NONE","seed_source_timestamp":190767687635100,"circlet_count":0,"master_deck":["Strike_R","Strike_R","Strike_R","Strike_R","Defend_R","Defend_R","Defend_R","Bash","Reaper","Iron Wave","Body Slam","True Grit+1","Armaments","Feed","Corruption","Shrug It Off","Feel No Pain","Iron Wave"],"relics":["Burning Blood","The Courier","Orichalcum","Ancient Tea Set","Matryoshka","Question Card"],"potions_floor_usage":[8],"damage_taken":[{"damage":0,"enemies":"Small Slimes","floor":1,"turns":3},{"damage":8,"enemies":"Cultist","floor":2,"turns":5},{"damage":5,"enemies":"Jaw Worm","floor":3,"turns":4},{"damage":10,"enemies":"2 Fungi Beasts","floor":4,"turns":5},{"damage":43,"enemies":"Gremlin Nob","floor":6,"turns":6},{"damage":34,"enemies":"Lagavulin","floor":8,"turns":10},{"damage":2,"enemies":"Blue Slaver","floor":10,"turns":5},{"damage":9,"enemies":"Lots of Slimes","floor":12,"turns":6},{"damage":27,"enemies":"3 Sentries","floor":14,"turns":13},{"damage":60,"enemies":"Slime Boss","floor":16,"turns":10}],"seed_played":"1177460549008357207","potions_obtained":[{"floor":1,"key":"BloodPotion"},{"floor":3,"key":"Weak Potion"},{"floor":8,"key":"Fire Potion"}],"is_trial":false,"path_per_floor":["M","M","M","M","?","E","R","E","T","M","$","M","?","E","R","B"],"character_chosen":"IRONCLAD","items_purchased":["Matryoshka","Feel No Pain"],"campfire_rested":1,"item_purchase_floors":[11,11],"current_hp_per_floor":[80,78,79,75,75,43,67,47,47,54,54,63,63,60,60,0],"gold":131,"neow_bonus":"TRANSFORM_CARD","is_prod":false,"is_daily":false,"chose_seed":false,"campfire_upgraded":1,"win_rate":0,"timestamp":1542452011,"path_taken":["M","M","M","M","?","E","R","E","T","M","$","?","?","E","R","BOSS"],"build_version":"2018-11-15","purchased_purges":1,"victory":false,"max_hp_per_floor":[80,80,80,80,80,80,80,80,80,83,83,86,86,89,89,89],"card_choices":[{"not_picked":["Metallicize","Sword Boomerang"],"picked":"Iron Wave","floor":1},{"not_picked":["Heavy Blade","Perfected Strike"],"picked":"Body Slam","floor":2},{"not_picked":["Dark Embrace","Headbutt"],"picked":"True Grit","floor":3},{"not_picked":["Ghostly Armor","Thunderclap"],"picked":"Armaments","floor":4},{"not_picked":["Sword Boomerang","Rage"],"picked":"Feed","floor":6},{"not_picked":["Body Slam","Armaments"],"picked":"Corruption","floor":8},{"not_picked":["Cleave","True Grit"],"picked":"Shrug It Off","floor":10},{"not_picked":["Pommel Strike","Sword Boomerang"],"picked":"Iron Wave","floor":12},{"not_picked":["Seeing Red","Dual Wield","Pummel"],"picked":"SKIP","floor":14}],"player_experience":211459,"relics_obtained":[{"floor":6,"key":"The Courier"},{"floor":8,"key":"Orichalcum"},{"floor":9,"key":"Ancient Tea Set"},{"floor":14,"key":"Question Card"}],"event_choices":[{"damage_healed":0,"gold_gain":100,"player_choice":"Pray","damage_taken":0,"max_hp_gain":0,"max_hp_loss":0,"event_name":"Golden Shrine","floor":5,"gold_loss":0},{"damage_healed":0,"gold_gain":65,"player_choice":"Gained Gold","damage_taken":0,"max_hp_gain":0,"max_hp_loss":0,"event_name":"Golden Wing","floor":13,"gold_loss":0}],"is_beta":false,"boss_relics":[],"items_purged_floors":[11],"is_endless":false,"potions_floor_spawned":[1,3,8],"killed_by":"Slime Boss","ascension_level":0}