{"gold_per_floor":[210,226,35,48,59,59,76,76,76,109,109,284,284,127,127,257,257,276,296,221,49,49,93,93,93,93,93,93,113,113,129,129,225,225,242,260,230,240,42,42,42],"floor_reached":41,"playtime":1765,"items_purged":["Doubt","Strike_R"],"score":449,"play_id":"b68b607e-cbb8-434c-9549-c1b8f24b4533","local_time":"20190309225747","is_ascension_mode":false,"campfire_choices":[{"data":"Seeing Red","floor":6,"key":"SMITH"},{"data":"True Grit","floor":11,"key":"SMITH"},{"data":"Bash","floor":13,"key":"SMITH"},{"data":"Flex","floor":15,"key":"SMITH"},{"data":"Whirlwind","floor":25,"key":"SMITH"},{"data":"Armaments","floor":28,"key":"SMITH"},{"data":"Inflame","floor":32,"key":"SMITH"},{"data":"Demon Form","floor":40,"key":"SMITH"}],"neow_cost":"NONE","seed_source_timestamp":1238245908260200,"circlet_count":0,"master_deck":["Defend_R","Defend_R","Defend_R","Defend_R","Bash+1","Shrug It Off","Shrug It Off","Headbutt","Seeing Red+1","Flex+1","True Grit+1","Whirlwind+1","Offering","Armaments+1","Evolve","Inflame+1","Bite","Bite","Bite","Bite","Bite","Rupture+1","Rage","Demon Form+1","Heavy Blade+1","Thunderclap+1"],"relics":["Burning Blood","TheAbacus","Bloody Idol","Incense Burner","Odd Mushroom","Velvet Choker","Bottled Flame","Magic Flower","Cursed Key","ClockworkSouvenir"],"potions_floor_usage":[16,16,23,23,33],"damage_taken":[{"damage":8,"enemies":"Jaw Worm","floor":1,"turns":4},{"damage":4,"enemies":"Small Slimes","floor":2,"turns":5},{"damage":1,"enemies":"2 Louse","floor":4,"turns":4},{"damage":4,"enemies":"Large Slime","floor":5,"turns":8},{"damage":4,"enemies":"Looter","floor":7,"turns":4},{"damage":17,"enemies":"The Mushroom Lair","floor":10,"turns":5},{"damage":47,"enemies":"Slime Boss","floor":16,"turns":13},{"damage":24,"enemies":"2 Thieves","floor":18,"turns":3},{"damage":0,"enemies":"3 Byrds","floor":19,"turns":3},{"damage":13,"enemies":"Book of Stabbing","floor":23,"turns":5},{"damage":6,"enemies":"3 Cultists","floor":29,"turns":3},{"damage":42,"enemies":"Centurion and Healer","floor":31,"turns":8},{"damage":57,"enemies":"Collector","floor":33,"turns":13},{"damage":1,"enemies":"3 Shapes","floor":35,"turns":2},{"damage":0,"enemies":"3 Darklings","floor":36,"turns":3},{"damage":9,"enemies":"4 Shapes","floor":38,"turns":4},{"damage":75,"enemies":"Giant Head","floor":41,"turns":7}],"seed_played":"-7611975277664654635","potions_obtained":[{"floor":4,"key":"Weak Potion"},{"floor":5,"key":"Swift Potion"},{"floor":10,"key":"GamblersBrew"},{"floor":16,"key":"Explosive Potion"},{"floor":18,"key":"BloodPotion"},{"floor":29,"key":"SneckoOil"},{"floor":33,"key":"SteroidPotion"},{"floor":37,"key":"SmokeBomb"},{"floor":37,"key":"EntropicBrew"},{"floor":38,"key":"Ancient Potion"}],"is_trial":false,"path_per_floor":["M","M","$","M","M","R","M","?","T","?","R","?","R","$","R","B",null,"M","M","?","$","?","E","?","R","T","?","R","M","$","M","R","B",null,"M","M","?","M","$","R","E"],"character_chosen":"IRONCLAD","items_purchased":["TheAbacus","Whirlwind","Inflame","ClockworkSouvenir"],"campfire_rested":0,"item_purchase_floors":[3,14,21,39],"current_hp_per_floor":[78,80,80,80,80,80,80,60,60,49,49,49,49,49,49,8,80,62,68,68,68,56,56,56,56,56,56,56,56,56,55,55,56,56,56,56,56,56,56,56,0],"gold":42,"neow_bonus":"HUNDRED_GOLD","is_prod":false,"is_daily":false,"chose_seed":false,"campfire_upgraded":8,"win_rate":0,"timestamp":1552143467,"path_taken":["M","M","$","M","M","R","M","?","T","?","R","?","R","$","R","BOSS","M","M","?","$","?","E","?","R","T","?","R","M","?","M","R","BOSS","M","M","?","M","?","R","E"],"build_version":"2019-01-23","purchased_purges":2,"victory":false,"max_hp_per_floor":[80,80,80,80,80,80,80,80,80,80,80,80,80,80,80,80,80,80,80,80,80,56,56,56,56,56,56,56,56,56,56,56,56,56,56,56,56,56,56,56,56],"card_choices":[{"not_picked":["Havoc","Feel No Pain"],"picked":"Shrug It Off","floor":1},{"not_picked":["Headbutt","Reaper"],"picked":"Shrug It Off","floor":2},{"not_picked":["Evolve","Pummel"],"picked":"Headbutt","floor":4},{"not_picked":["Intimidate","Second Wind"],"picked":"Seeing Red","floor":5},{"not_picked":["Iron Wave","True Grit"],"picked":"Flex","floor":7},{"not_picked":["Feel No Pain","Wild Strike"],"picked":"True Grit","floor":10},{"not_picked":["Exhume","Immolate"],"picked":"Offering","floor":16},{"not_picked":["Clash","Heavy Blade"],"picked":"Armaments","floor":18},{"not_picked":["Headbutt+1","Cleave"],"picked":"Evolve","floor":19},{"not_picked":["Carnage","True Grit","Whirlwind"],"picked":"SKIP","floor":23},{"not_picked":["Body Slam+1","Armaments"],"picked":"Rupture+1","floor":29},{"not_picked":["Blood for Blood","Flex+1"],"picked":"Rage","floor":31},{"not_picked":["Feed","Impervious"],"picked":"Demon Form","floor":33},{"not_picked":["Headbutt+1","Rupture+1"],"picked":"Heavy Blade+1","floor":35},{"not_picked":["Wild Strike+1","Twin Strike+1"],"picked":"Thunderclap+1","floor":36},{"not_picked":["Rage","Reckless Charge","Clothesline+1"],"picked":"SKIP","floor":38}],"player_experience":784460,"relics_obtained":[{"floor":9,"key":"Incense Burner"},{"floor":10,"key":"Odd Mushroom"},{"floor":23,"key":"Bottled Flame"}],"event_choices":[{"damage_healed":0,"gold_gain":0,"player_choice":"Take Damage","damage_taken":20,"relics_obtained":["Golden Idol"],"max_hp_gain":0,"max_hp_loss":0,"event_name":"Golden Idol","floor":8,"gold_loss":0},{"damage_healed":0,"gold_gain":0,"player_choice":"Fought Mushrooms","damage_taken":0,"max_hp_gain":0,"max_hp_loss":0,"event_name":"Mushrooms","floor":10,"gold_loss":0},{"damage_healed":0,"gold_gain":175,"player_choice":"AGREE","damage_taken":0,"max_hp_gain":0,"max_hp_loss":0,"event_name":"Liars Game","floor":12,"gold_loss":0,"cards_obtained":["Doubt"]},{"cards_removed":["Strike_R"],"damage_healed":0,"gold_gain":0,"player_choice":"Gave Gold","damage_taken":0,"max_hp_gain":0,"max_hp_loss":0,"event_name":"Beggar","floor":20,"gold_loss":75},{"damage_healed":0,"gold_gain":0,"player_choice":"Became a vampire","damage_taken":0,"max_hp_gain":0,"max_hp_loss":24,"event_name":"Vampires","floor":22,"gold_loss":0,"cards_obtained":["Bite","Bite","Bite","Bite","Bite"]},{"damage_healed":0,"gold_gain":0,"player_choice":"Gave Idol","damage_taken":0,"relics_obtained":["Bloody Idol"],"max_hp_gain":0,"max_hp_loss":0,"event_name":"Forgotten Altar","floor":24,"relics_lost":["Golden Idol"],"gold_loss":0},{"damage_healed":0,"gold_gain":0,"player_choice":"Opened","damage_taken":0,"relics_obtained":["Magic Flower"],"max_hp_gain":0,"max_hp_loss":0,"event_name":"The Mausoleum","floor":27,"gold_loss":0},{"damage_healed":0,"gold_gain":0,"player_choice":"Bought 2 Potions","damage_taken":0,"max_hp_gain":0,"max_hp_loss":0,"event_name":"The Woman in Blue","floor":37,"gold_loss":0}],"is_beta":false,"boss_relics":[{"not_picked":["Philosopher\u0027s Stone","Lizard Tail"],"picked":"Velvet Choker"},{"not_picked":["Astrolabe","Black Blood"],"picked":"Cursed Key"}],"items_purged_floors":[14,21],"is_endless":false,"potions_floor_spawned":[4,5,10,16,18,19,29,33,38],"killed_by":"Giant Head","ascension_level":0}