{"gold_per_floor":[19,19,19,36,51,80,80,100,100,131,131,149,149,190,190,309,309,325,425,446,460,473,517,537,537,537,580,599,617,636,636,636,764,764,787,1120,1120,1131,328,328,342,342,411,431,450,461,461],"floor_reached":47,"playtime":8397,"items_purged":["Strike_R"],"score":517,"play_id":"4dddb5e7-4533-40f8-bc8b-71a4dd8f686a","local_time":"20190204002918","is_ascension_mode":false,"campfire_choices":[{"data":"Offering","floor":7,"key":"SMITH"},{"floor":13,"key":"REST"},{"data":"Searing Blow","floor":15,"key":"SMITH"},{"floor":25,"key":"REST"},{"data":"Demon Form","floor":32,"key":"SMITH"},{"data":"Searing Blow+1","floor":40,"key":"SMITH"},{"data":"Searing Blow+2","floor":42,"key":"SMITH"}],"neow_cost":"NO_GOLD","seed_source_timestamp":340328489798,"circlet_count":0,"master_deck":["Strike_R","Strike_R","Strike_R","Strike_R","Defend_R","Defend_R","Defend_R","Defend_R","Bash","Inflame","Shockwave","Cleave","Offering+1","Inflame","Searing Blow+3","Headbutt","Demon Form+1","Shrug It Off+1","Ghostly Armor","Flex+1","Blood for Blood+1","Bloodletting","Sword Boomerang","Flame Barrier","Demon Form","Inflame","Flex","Rampage+1","Flex+1"],"relics":["Burning Blood","Thread and Needle","Potion Belt","Mummified Hand","Regal Pillow","PreservedInsect","Red Skull","Velvet Choker","Pen Nib","Sundial","StoneCalendar","Runic Cube","Spirit Poop","Bag of Preparation","Gambling Chip","ClockworkSouvenir","Dodecahedron"],"potions_floor_usage":[16,29,33,33,46,46,46,46],"damage_taken":[{"damage":0,"enemies":"Cultist","floor":1,"turns":3},{"damage":0,"enemies":"Small Slimes","floor":4,"turns":3},{"damage":7,"enemies":"Jaw Worm","floor":5,"turns":3},{"damage":28,"enemies":"3 Sentries","floor":6,"turns":7},{"damage":6,"enemies":"Red Slaver","floor":8,"turns":2},{"damage":21,"enemies":"Gremlin Nob","floor":10,"turns":4},{"damage":6,"enemies":"Large Slime","floor":12,"turns":5},{"damage":11,"enemies":"3 Sentries","floor":14,"turns":3},{"damage":65,"enemies":"Hexaghost","floor":16,"turns":8},{"damage":30,"enemies":"3 Byrds","floor":18,"turns":5},{"damage":16,"enemies":"Spheric Guardian","floor":20,"turns":5},{"damage":6,"enemies":"Snecko","floor":21,"turns":2},{"damage":14,"enemies":"Snake Plant","floor":22,"turns":3},{"damage":6,"enemies":"Book of Stabbing","floor":23,"turns":4},{"damage":8,"enemies":"3 Cultists","floor":24,"turns":5},{"damage":4,"enemies":"Gremlin Leader","floor":27,"turns":4},{"damage":6,"enemies":"Snecko","floor":28,"turns":4},{"damage":27,"enemies":"Centurion and Healer","floor":29,"turns":5},{"damage":13,"enemies":"Shelled Parasite and Fungi","floor":30,"turns":5},{"damage":28,"enemies":"Automaton","floor":33,"turns":6},{"damage":34,"enemies":"3 Darklings","floor":35,"turns":4},{"damage":7,"enemies":"Orb Walker","floor":38,"turns":4},{"damage":11,"enemies":"Transient","floor":41,"turns":5},{"damage":8,"enemies":"Jaw Worm Horde","floor":44,"turns":3},{"damage":20,"enemies":"Sphere and 2 Shapes","floor":45,"turns":4},{"damage":24,"enemies":"Spire Growth","floor":46,"turns":3},{"damage":15,"enemies":"Jaw Worm Horde","floor":47,"turns":2}],"seed_played":"-7064164955964421364","potions_obtained":[{"floor":1,"key":"PowerPotion"},{"floor":5,"key":"Dexterity Potion"},{"floor":8,"key":"Weak Potion"},{"floor":10,"key":"Regen Potion"},{"floor":14,"key":"FearPotion"},{"floor":20,"key":"Explosive Potion"},{"floor":21,"key":"AttackPotion"},{"floor":30,"key":"Dexterity Potion"},{"floor":38,"key":"Ancient Potion"},{"floor":44,"key":"SteroidPotion"}],"is_trial":false,"path_per_floor":["M","?","?","M","M","E","R","M","T","E","?","M","R","E","R","B",null,"M","?","M","M","M","E","M","R","T","E","M","M","M","?","R","B",null,"M","?","?","M","$","R","M","R","T","M","M","M","M"],"character_chosen":"IRONCLAD","items_purchased":["Bag of Preparation","Flex","Gambling Chip","ClockworkSouvenir","Swift Potion"],"campfire_rested":2,"item_purchase_floors":[39,39,39,39,39],"current_hp_per_floor":[80,80,80,80,79,57,57,57,57,42,42,42,80,75,75,27,80,56,56,46,46,38,38,36,75,75,77,77,56,49,49,49,27,80,52,52,52,51,51,51,46,46,46,44,30,12,0],"gold":461,"neow_bonus":"ONE_RARE_RELIC","is_prod":false,"is_daily":false,"chose_seed":false,"campfire_upgraded":5,"win_rate":0.0,"timestamp":1549261758,"path_taken":["M","?","?","?","M","E","R","M","T","E","?","M","R","E","R","BOSS","M","?","M","M","?","E","M","R","T","E","M","M","M","?","R","BOSS","M","?","?","M","$","R","M","R","T","M","?","?","M"],"build_version":"2019-01-23","purchased_purges":1,"victory":false,"max_hp_per_floor":[80,80,80,80,80,80,80,80,80,80,80,80,80,80,80,80,80,80,80,80,80,80,80,80,80,80,80,80,80,80,80,80,80,80,80,80,80,80,80,80,80,80,80,80,80,80,80],"card_choices":[{"not_picked":["Dropkick","Clash"],"picked":"Inflame","floor":1},{"not_picked":["Infernal Blade","Clothesline"],"picked":"Shockwave","floor":4},{"not_picked":["Pommel Strike","Bloodletting"],"picked":"Cleave","floor":5},{"not_picked":["Burning Pact","Infernal Blade"],"picked":"Offering","floor":6},{"not_picked":["Iron Wave","Carnage"],"picked":"Inflame","floor":8},{"not_picked":["Power Through","Body Slam"],"picked":"Searing Blow","floor":10},{"not_picked":["Carnage","Entrench"],"picked":"Headbutt","floor":12},{"not_picked":["Armaments","Infernal Blade","Uppercut"],"picked":"SKIP","floor":14},{"not_picked":["Barricade","Feed"],"picked":"Demon Form","floor":16},{"not_picked":["Warcry","Blood for Blood"],"picked":"Shrug It Off+1","floor":18},{"not_picked":["Body Slam+1","Twin Strike"],"picked":"Ghostly Armor","floor":20},{"not_picked":["Ghostly Armor","Clothesline"],"picked":"Flex+1","floor":21},{"not_picked":["Clash","Bludgeon","Perfected Strike"],"picked":"SKIP","floor":22},{"not_picked":["Shrug It Off","Intimidate","Clash"],"picked":"SKIP","floor":23},{"not_picked":["Iron Wave","Dropkick"],"picked":"Blood for Blood+1","floor":24},{"not_picked":["Bloodletting","Dropkick","Fiend Fire"],"picked":"SKIP","floor":27},{"not_picked":["Reckless Charge","Intimidate+1","Sword Boomerang"],"picked":"SKIP","floor":28},{"not_picked":["Armaments","Reckless Charge"],"picked":"Bloodletting","floor":29},{"not_picked":["Flame Barrier","Burning Pact"],"picked":"Sword Boomerang","floor":30},{"not_picked":["Offering","Bludgeon"],"picked":"Demon Form","floor":33},{"not_picked":["Clothesline","Warcry"],"picked":"Inflame","floor":35},{"not_picked":["Bloodletting","Burning Pact","Clash"],"picked":"SKIP","floor":38},{"not_picked":["Shrug It Off+1","True Grit","Perfected Strike+1"],"picked":"SKIP","floor":41},{"not_picked":["Sever Soul+1","Twin Strike"],"picked":"Rampage+1","floor":44},{"not_picked":["Infernal Blade","Disarm"],"picked":"Flex+1","floor":45},{"not_picked":["Bloodletting+1","Twin Strike+1","Pommel Strike"],"picked":"SKIP","floor":46}],"player_experience":5900,"relics_obtained":[{"floor":6,"key":"Mummified Hand"},{"floor":9,"key":"Regal Pillow"},{"floor":10,"key":"PreservedInsect"},{"floor":14,"key":"Red Skull"},{"floor":23,"key":"Pen Nib"},{"floor":26,"key":"Sundial"},{"floor":27,"key":"StoneCalendar"},{"floor":43,"key":"Dodecahedron"}],"event_choices":[{"damage_healed":0,"gold_gain":0,"player_choice":"Box","damage_taken":0,"relics_obtained":["Potion Belt"],"max_hp_gain":0,"max_hp_loss":0,"event_name":"Big Fish","floor":2,"gold_loss":0,"cards_obtained":["Regret"]},{"cards_removed":["Regret"],"damage_healed":0,"gold_gain":0,"player_choice":"Removed Curses","damage_taken":0,"max_hp_gain":0,"max_hp_loss":0,"event_name":"Fountain of Cleansing","floor":3,"gold_loss":0},{"damage_healed":0,"gold_gain":0,"player_choice":"Take Wound","damage_taken":0,"relics_obtained":["Golden Idol"],"max_hp_gain":0,"max_hp_loss":0,"event_name":"Golden Idol","floor":11,"gold_loss":0,"cards_obtained":["Injury"]},{"damage_healed":0,"gold_gain":100,"player_choice":"Pray","damage_taken":0,"max_hp_gain":0,"max_hp_loss":0,"event_name":"Golden Shrine","floor":19,"gold_loss":0},{"damage_healed":0,"gold_gain":0,"player_choice":"1 cards matched","damage_taken":0,"max_hp_gain":0,"max_hp_loss":0,"event_name":"Match and Keep!","floor":31,"gold_loss":0,"cards_obtained":["Flame Barrier"]},{"damage_healed":0,"gold_gain":333,"player_choice":"Gave Idol","damage_taken":0,"max_hp_gain":0,"max_hp_loss":0,"event_name":"The Moai Head","floor":36,"relics_lost":["Golden Idol"],"gold_loss":0},{"cards_removed":["Injury"],"damage_healed":0,"gold_gain":0,"player_choice":"Offered Curse","damage_taken":0,"relics_obtained":["Spirit Poop"],"max_hp_gain":0,"max_hp_loss":0,"event_name":"Bonfire Elementals","floor":37,"gold_loss":0}],"is_beta":false,"boss_relics":[{"not_picked":["Lizard Tail","Fusion Hammer"],"picked":"Velvet Choker"},{"not_picked":["Empty Cage","Calling Bell"],"picked":"Runic Cube"}],"items_purged_floors":[39],"is_endless":false,"potions_floor_spawned":[1,5,8,10,14,20,21,22,27,29,30,38,44],"killed_by":"Jaw Worm Horde","ascension_level":0}