{"gold_per_floor":[111,34,49,49,67,67,94,94,140,159,159,175,186,219,219,323,323,335,435,435,0],"floor_reached":21,"playtime":1109,"items_purged":[],"score":189,"play_id":"8549c80b-c052-4131-9a08-be372a78c219","local_time":"20190316232309","is_ascension_mode":false,"campfire_choices":[{"data":"Neutralize","floor":6,"key":"SMITH"},{"data":"Glass Knife","floor":8,"key":"SMITH"},{"data":"Footwork","floor":11,"key":"SMITH"},{"data":"Blur","floor":15,"key":"SMITH"}],"neow_cost":"NONE","seed_source_timestamp":1845183119440431,"circlet_count":0,"master_deck":["Defend_G","Defend_G","Defend_G","Defend_G","Defend_G","Strike_G","Strike_G","Strike_G","Strike_G","Strike_G","Survivor","Neutralize+1","Dagger Throw","Footwork+1","Glass Knife+1","Deflect","Blur+1","Bane","Terror","Catalyst","Adrenaline","Flying Knee","Dash","RitualDagger"],"relics":["Ring of the Snake","Happy Flower","Bag of Preparation","Velvet Choker","Ice Cream","Sundial"],"potions_floor_usage":[0,7,12,14,16,19,19,19],"damage_taken":[{"damage":0,"enemies":"2 Louse","floor":1,"turns":2},{"damage":1,"enemies":"Jaw Worm","floor":3,"turns":5},{"damage":0,"enemies":"Cultist","floor":5,"turns":4},{"damage":20,"enemies":"Gremlin Nob","floor":7,"turns":4},{"damage":2,"enemies":"Gremlin Gang","floor":10,"turns":4},{"damage":3,"enemies":"Blue Slaver","floor":12,"turns":3},{"damage":0,"enemies":"Large Slime","floor":13,"turns":5},{"damage":3,"enemies":"3 Sentries","floor":14,"turns":10},{"damage":5,"enemies":"Slime Boss","floor":16,"turns":10},{"damage":0,"enemies":"Chosen","floor":18,"turns":3},{"damage":18,"enemies":"Colosseum Slavers","floor":19,"turns":3},{"damage":39,"enemies":"Colosseum Nobs","floor":19,"turns":6},{"damage":6,"enemies":"Colosseum Nobs","floor":21,"turns":1}],"seed_played":"-4609106508852543813","potions_obtained":[{"floor":0,"key":"Poison Potion"},{"floor":0,"key":"Fruit Juice"},{"floor":0,"key":"Regen Potion"},{"floor":3,"key":"SpeedPotion"},{"floor":7,"key":"Swift Potion"},{"floor":10,"key":"Regen Potion"},{"floor":13,"key":"Fire Potion"},{"floor":16,"key":"GamblersBrew"},{"floor":18,"key":"Fire Potion"}],"is_trial":false,"path_per_floor":["M","$","M","$","M","R","E","R","T","M","R","M","M","E","R","B",null,"M","?","?","?"],"character_chosen":"THE_SILENT","items_purchased":["Footwork"],"campfire_rested":0,"item_purchase_floors":[2],"current_hp_per_floor":[75,75,74,74,74,74,54,54,54,52,52,58,58,70,70,65,75,75,18,12,12],"gold":0,"neow_bonus":"THREE_SMALL_POTIONS","is_prod":false,"is_daily":false,"chose_seed":false,"campfire_upgraded":4,"win_rate":0,"timestamp":1552749789,"path_taken":["M","$","M","$","M","R","E","R","T","M","R","M","M","E","R","BOSS","M","?","?","?"],"build_version":"2019-01-23","purchased_purges":0,"victory":false,"max_hp_per_floor":[75,75,75,75,75,75,75,75,75,75,75,75,75,75,75,75,75,75,75,75,75],"card_choices":[{"not_picked":["Flechettes","Underhanded Strike"],"picked":"Dagger Throw","floor":1},{"not_picked":["Bane","Dagger Throw"],"picked":"Glass Knife","floor":3},{"not_picked":["Underhanded Strike","Outmaneuver"],"picked":"Deflect","floor":5},{"not_picked":["Cloak And Dagger","Expertise","Leg Sweep"],"picked":"SKIP","floor":7},{"not_picked":["Blade Dance","Tactician"],"picked":"Blur","floor":10},{"not_picked":["Quick Slash","Underhanded Strike"],"picked":"Bane","floor":12},{"not_picked":["Distraction","Endless Agony"],"picked":"Terror","floor":13},{"not_picked":["Dagger Spray","Poisoned Stab"],"picked":"Catalyst","floor":14},{"not_picked":["Phantasmal Killer","Night Terror"],"picked":"Adrenaline","floor":16},{"not_picked":["Slice","Prepared+1"],"picked":"Flying Knee","floor":18},{"not_picked":["Deflect","Acrobatics"],"picked":"Dash","floor":19}],"player_experience":837173,"relics_obtained":[{"floor":7,"key":"Happy Flower"},{"floor":14,"key":"Bag of Preparation"},{"floor":19,"key":"Ice Cream"},{"floor":19,"key":"Sundial"}],"event_choices":[{"damage_healed":0,"gold_gain":0,"player_choice":"Fight","damage_taken":0,"max_hp_gain":0,"max_hp_loss":0,"event_name":"Colosseum","floor":19,"gold_loss":0},{"damage_healed":0,"gold_gain":0,"player_choice":"Fought Nobs","damage_taken":0,"max_hp_gain":0,"max_hp_loss":0,"event_name":"Colosseum","floor":19,"gold_loss":0},{"damage_healed":0,"gold_gain":0,"player_choice":"Joined the Cult","damage_taken":6,"max_hp_gain":0,"max_hp_loss":0,"event_name":"Nest","floor":20,"gold_loss":0,"cards_obtained":["RitualDagger"]},{"damage_healed":0,"gold_gain":0,"player_choice":"Paid Fearfully","damage_taken":0,"max_hp_gain":0,"max_hp_loss":0,"event_name":"Masked Bandits","floor":21,"gold_loss":435}],"is_beta":false,"boss_relics":[{"not_picked":["Ring of the Serpent","Empty Cage"],"picked":"Velvet Choker"}],"items_purged_floors":[],"is_endless":false,"potions_floor_spawned":[3,7,10,13,16,18],"killed_by":"Colosseum Nobs","ascension_level":0}