{"path_per_floor":["M","$","M","?","M","R","M","M","T","R","M","?","R","M","R","B",null,"M","?","$","M","M","R","M","R","T","R","?","R","?","M","R","B",null,"M","?","$","M","M","?","?","R","T","M","R","M","$","T","R"],"character_chosen":"IRONCLAD","items_purchased":["Frozen Eye","Metallicize","Orichalcum","Headbutt","Vajra","Havoc"],"gold_per_floor":[367,20,31,31,44,44,55,67,67,67,79,79,79,91,91,192,192,211,211,11,22,35,35,46,46,128,128,53,53,53,64,64,161,161,176,176,24,36,48,48,48,48,121,136,136,149,52,52,52],"floor_reached":50,"campfire_rested":4,"playtime":3046,"current_hp_per_floor":[45,45,45,45,51,51,43,36,36,36,36,62,62,62,62,43,80,79,63,63,63,60,60,40,40,40,64,64,64,64,64,64,40,80,63,63,63,46,9,29,29,53,53,44,68,28,28,28,52],"items_purged":["Strike_R"],"gold":52,"score":410,"play_id":"06dd5474-f5eb-4f66-9337-030bd9a3ec4a","is_prod":false,"is_daily":false,"is_ascension_mode":false,"campfire_upgraded":8,"path_taken":["M","$","M","?","M","R","M","M","T","R","M","?","R","M","R","BOSS","M","?","$","M","M","R","M","R","T","R","?","R","?","?","R","BOSS","M","?","$","M","M","?","?","R","T","M","R","M","$","?","R","BOSS"],"build_version":"2018-02-22-PROD1","purchased_purges":1,"victory":false,"master_deck":["Strike_R+1","Defend_R","Defend_R","Bash+1","Anger+1","Metallicize+1","Twin Strike+1","Inflame+1","Pommel Strike+1","Heavy Blade+1","Iron Wave+1","Hemokinesis+1","Brutality+1","Body Slam+1","Feel No Pain+1","Clothesline+1","Headbutt+1","Necronomicurse","Headbutt+1","Headbutt+1","Uppercut+1","Pummel+1","Exhume+1","Fiend Fire+1","Cleave+1","Rupture+1","Pummel+1","Writhe","Jack Of All Trades","Bash+1","Shrug It Off+1","Headbutt+1","Havoc"],"max_hp_per_floor":[80,80,80,80,80,80,80,80,80,80,80,80,80,80,80,80,80,80,80,80,80,80,80,80,80,80,80,80,80,80,80,80,80,80,80,80,80,80,80,80,80,80,80,80,80,80,80,80,80],"relics":["Burning Blood","Frozen Eye","Molten Egg 2","Astrolabe","Necronomicon","Orichalcum","Letter Opener","Runic Pyramid","Vajra","Bottled Lightning","Whetstone"],"card_choices":[{"not_picked":["Havoc","Sword Boomerang"],"picked":"Anger"},{"not_picked":["Blood for Blood","Anger"],"picked":"Twin Strike"},{"not_picked":["Perfected Strike","Clash"],"picked":"Inflame"},{"not_picked":["Fire Breathing","Headbutt"],"picked":"Pommel Strike"},{"not_picked":["Clothesline","Evolve"],"picked":"Heavy Blade"},{"not_picked":["Fire Breathing","Immolate"],"picked":"Iron Wave"},{"not_picked":["Havoc","Heavy Blade"],"picked":"Hemokinesis"},{"not_picked":["Immolate","Dark Embrace"],"picked":"Brutality"},{"not_picked":["Wild Strike","Twin Strike"],"picked":"Headbutt"},{"not_picked":["Iron Wave","Hemokinesis"],"picked":"Headbutt"},{"not_picked":["Spot Weakness","Clothesline"],"picked":"Uppercut"},{"not_picked":["Clash","Sword Boomerang"],"picked":"Pummel"},{"not_picked":["Anger","Thunderclap"],"picked":"Exhume"},{"not_picked":["Brutality","Bludgeon"],"picked":"Fiend Fire"},{"not_picked":["Thunderclap","Disarm"],"picked":"Cleave"},{"not_picked":["Sword Boomerang","Flame Barrier"],"picked":"Rupture"},{"not_picked":["Bloodletting","Iron Wave"],"picked":"Pummel"},{"not_picked":["Sword Boomerang","Dual Wield"],"picked":"Shrug It Off"},{"not_picked":["Burning Pact","Cleave"],"picked":"Headbutt"}],"player_experience":72944,"potions_floor_usage":[16,16,18,46,50,50],"damage_taken":[{"damage":1,"enemies":"Jaw Worm","floor":1,"turns":5},{"damage":6,"enemies":"Small Slimes","floor":3,"turns":4},{"damage":0,"enemies":"2 Louse","floor":5,"turns":2},{"damage":14,"enemies":"Looter","floor":7,"turns":4},{"damage":13,"enemies":"3 Louse","floor":8,"turns":4},{"damage":6,"enemies":"Blue Slaver","floor":11,"turns":4},{"damage":6,"enemies":"Exordium Wildlife","floor":14,"turns":3},{"damage":40,"enemies":"Slime Boss","floor":16,"turns":7},{"damage":7,"enemies":"3 Byrds","floor":18,"turns":5},{"damage":6,"enemies":"Shell Parasite","floor":21,"turns":3},{"damage":9,"enemies":"Centurion and Healer","floor":22,"turns":3},{"damage":26,"enemies":"Snake Plant","floor":24,"turns":3},{"damage":6,"enemies":"Cultist and Chosen","floor":31,"turns":4},{"damage":30,"enemies":"Champ","floor":33,"turns":8},{"damage":23,"enemies":"3 Darklings","floor":35,"turns":5},{"damage":23,"enemies":"Orb Walker","floor":38,"turns":3},{"damage":43,"enemies":"3 Darklings","floor":39,"turns":4},{"damage":15,"enemies":"Maw","floor":44,"turns":5},{"damage":52,"enemies":"4 Shapes","floor":46,"turns":4},{"damage":56,"enemies":"Donu and Deca","floor":50,"turns":3}],"event_choices":[{"event_name":"The Cleric","player_choice":"Leave","floor":4,"damage_taken":0},{"event_name":"Big Fish","player_choice":"Banana","floor":12,"damage_taken":0},{"event_name":"Cursed Tome","player_choice":"Obtained Book","floor":19,"damage_taken":0},{"event_name":"Beggar","player_choice":"Gave Gold","floor":28,"damage_taken":0},{"event_name":"Back to Basics","player_choice":"Elegance","floor":30,"damage_taken":0},{"event_name":"Tomb of Lord Red Mask","player_choice":"Ignored","floor":36,"damage_taken":0},{"event_name":"Winding Halls","player_choice":"Writhe","floor":40,"damage_taken":0},{"event_name":"Match and Keep!","player_choice":"2 cards matched","floor":41,"damage_taken":0}],"boss_relics":[{"not_picked":["Eternal Feather","Cursed Key"],"picked":"Astrolabe"},{"not_picked":["Runic Dome","Black Star"],"picked":"Runic Pyramid"}],"potions_floor_spawned":[5,8,11,16,18,31,38,44],"seed_played":"-6319172307522759214","killed_by":"Donu and Deca","ascension_level":0,"is_trial":false}