{"gold_per_floor":[115,135,145,159,176,176,276,276,276,291,311,330,350,350,350,350],"floor_reached":16,"playtime":681,"items_purged":[],"score":137,"play_id":"cc7a32df-b306-45a4-98ac-b4f93c6e4873","local_time":"20190412192239","is_ascension_mode":true,"campfire_choices":[{"floor":6,"key":"REST"},{"data":"Fire Breathing","floor":8,"key":"SMITH"},{"data":"Fire Breathing","floor":15,"key":"SMITH"}],"neow_cost":"NONE","seed_source_timestamp":175014620531300,"circlet_count":0,"master_deck":["Strike_R","Strike_R","Strike_R","Strike_R","Defend_R","Defend_R","Defend_R","Defend_R","Bash","Fire Breathing","Fire Breathing+1","Cleave","Pummel","Feed","Whirlwind","Fire Breathing+1","Thunderclap","Carnage","Reckless Charge"],"relics":["Burning Blood","Pen Nib"],"potions_floor_usage":[10,13],"damage_taken":[{"damage":13,"enemies":"Jaw Worm","floor":1,"turns":5},{"damage":1,"enemies":"Cultist","floor":2,"turns":4},{"damage":2,"enemies":"Small Slimes","floor":3,"turns":5},{"damage":45,"enemies":"Exordium Wildlife","floor":4,"turns":7},{"damage":17,"enemies":"Looter","floor":5,"turns":3},{"damage":0,"enemies":"2 Fungi Beasts","floor":10,"turns":2},{"damage":17,"enemies":"Blue Slaver","floor":11,"turns":5},{"damage":0,"enemies":"Large Slime","floor":12,"turns":5},{"damage":7,"enemies":"Exordium Thugs","floor":13,"turns":4},{"damage":61,"enemies":"The Guardian","floor":16,"turns":9}],"seed_played":"4877520602956107360","potions_obtained":[{"floor":3,"key":"Fire Potion"},{"floor":4,"key":"FearPotion"},{"floor":5,"key":"Energy Potion"},{"floor":11,"key":"LiquidBronze"}],"is_trial":false,"path_per_floor":["M","M","M","M","M","R","?","R","T","M","M","M","M","?","R","B"],"character_chosen":"IRONCLAD","items_purchased":[],"campfire_rested":1,"item_purchase_floors":[],"current_hp_per_floor":[65,70,74,35,24,48,48,48,48,57,49,58,60,60,60,0],"gold":350,"neow_bonus":"THREE_CARDS","is_prod":false,"is_daily":false,"chose_seed":false,"campfire_upgraded":2,"win_rate":0,"timestamp":1555089759,"path_taken":["M","M","M","M","M","R","?","R","T","?","M","M","M","?","R","BOSS"],"build_version":"2019-01-23","purchased_purges":0,"victory":false,"max_hp_per_floor":[80,80,80,80,80,80,80,80,80,83,86,89,92,92,92,92],"card_choices":[{"not_picked":["Thunderclap","Pommel Strike"],"picked":"Fire Breathing","floor":0},{"not_picked":["Wild Strike","Clash","Warcry"],"picked":"SKIP","floor":1},{"not_picked":["Thunderclap","Entrench"],"picked":"Fire Breathing","floor":2},{"not_picked":["Carnage","Iron Wave"],"picked":"Cleave","floor":3},{"not_picked":["Feel No Pain","Combust"],"picked":"Pummel","floor":4},{"not_picked":["Shrug It Off","Iron Wave"],"picked":"Feed","floor":5},{"not_picked":["Iron Wave","Wild Strike"],"picked":"Whirlwind","floor":10},{"not_picked":["Bloodletting","Shockwave"],"picked":"Fire Breathing","floor":11},{"not_picked":["Sentinel","Twin Strike"],"picked":"Thunderclap","floor":12},{"not_picked":["Cleave","Blood for Blood"],"picked":"Carnage","floor":13}],"player_experience":591857,"relics_obtained":[{"floor":9,"key":"Pen Nib"}],"event_choices":[{"damage_healed":0,"gold_gain":100,"player_choice":"Pray","damage_taken":0,"max_hp_gain":0,"max_hp_loss":0,"event_name":"Golden Shrine","floor":7,"gold_loss":0},{"damage_healed":0,"gold_gain":0,"cards_transformed":["Strike_R"],"player_choice":"Change","damage_taken":0,"max_hp_gain":0,"max_hp_loss":0,"event_name":"Living Wall","floor":14,"gold_loss":0,"cards_obtained":["Reckless Charge"]}],"is_beta":false,"boss_relics":[],"items_purged_floors":[],"is_endless":false,"potions_floor_spawned":[3,4,5,11],"killed_by":"The Guardian","ascension_level":8}