{"gold_per_floor":[110,130,130,205,216,216,249,249,249,263,263,278,9,39,39,141,141,159,173,173,173,189,216,216,230,230,42,42,72,83,98,98,198,198,215,215,215,65,76,103,103,136,136,150,150,47,47,79,79,79],"floor_reached":50,"playtime":4057,"items_purged":["Regret"],"score":743,"play_id":"7557d131-8444-4bea-9cfd-806dc9c473e2","local_time":"20190309150227","is_ascension_mode":true,"campfire_choices":[{"data":"Armaments","floor":6,"key":"SMITH"},{"floor":8,"key":"REST"},{"floor":15,"key":"REST"},{"floor":24,"key":"REST"},{"floor":32,"key":"REST"},{"floor":47,"key":"REST"},{"floor":49,"key":"REST"}],"neow_cost":"NONE","seed_source_timestamp":66689914809442,"circlet_count":0,"master_deck":["Strike_R","Strike_R","Strike_R","Strike_R","Strike_R","Defend_R","Defend_R","Defend_R","Defend_R+1","Bash","Dramatic Entrance","Armaments+1","Entrench+1","Metallicize","Clothesline","Pommel Strike","Shockwave","Demon Form","Shrug It Off","Whirlwind+1","Pommel Strike+1","Bludgeon","Body Slam","Disarm+1","Pummel","Heavy Blade","Demon Form+1","Dual Wield+1","Madness","Madness","Juggernaut+1","Flame Barrier+1","Shrug It Off","Fire Breathing+1","Battle Trance","Heavy Blade","Demon Form+1","Flex+1"],"relics":["Burning Blood","Bottled Flame","Omamori","PreservedInsect","FossilizedHelix","Fusion Hammer","Blood Vial","Nloth\u0027s Gift","Frozen Egg 2","Mummified Hand","Tiny Chest","Darkstone Periapt","Dream Catcher","Black Star","Lantern","Strawberry","Anchor","Self Forming Clay","Question Card","Boot","Ice Cream","War Paint"],"potions_floor_usage":[14,16,16,22,40,42,42,48,50,50,50,50,50],"damage_taken":[{"damage":5,"enemies":"Cultist","floor":1,"turns":4},{"damage":10,"enemies":"Small Slimes","floor":2,"turns":3},{"damage":6,"enemies":"2 Louse","floor":5,"turns":2},{"damage":39,"enemies":"Gremlin Nob","floor":7,"turns":6},{"damage":8,"enemies":"Exordium Wildlife","floor":10,"turns":5},{"damage":5,"enemies":"Looter","floor":12,"turns":3},{"damage":12,"enemies":"3 Sentries","floor":14,"turns":6},{"damage":55,"enemies":"Slime Boss","floor":16,"turns":20},{"damage":20,"enemies":"2 Thieves","floor":18,"turns":4},{"damage":19,"enemies":"Chosen","floor":19,"turns":5},{"damage":10,"enemies":"Centurion and Healer","floor":22,"turns":6},{"damage":32,"enemies":"Book of Stabbing","floor":23,"turns":4},{"damage":6,"enemies":"Snake Plant","floor":25,"turns":4},{"damage":9,"enemies":"Gremlin Leader","floor":29,"turns":5},{"damage":12,"enemies":"Cultist and Chosen","floor":30,"turns":6},{"damage":0,"enemies":"Snecko","floor":31,"turns":5},{"damage":38,"enemies":"Collector","floor":33,"turns":6},{"damage":12,"enemies":"3 Shapes","floor":35,"turns":6},{"damage":26,"enemies":"3 Darklings","floor":39,"turns":4},{"damage":35,"enemies":"Nemesis","floor":40,"turns":7},{"damage":0,"enemies":"Reptomancer","floor":42,"turns":3},{"damage":15,"enemies":"Jaw Worm Horde","floor":44,"turns":4},{"damage":35,"enemies":"Nemesis","floor":48,"turns":5},{"damage":69,"enemies":"Donu and Deca","floor":50,"turns":9}],"seed_played":"-7448209555276325478","potions_obtained":[{"floor":7,"key":"BloodPotion"},{"floor":12,"key":"AttackPotion"},{"floor":14,"key":"Energy Potion"},{"floor":18,"key":"SpeedPotion"},{"floor":19,"key":"Dexterity Potion"},{"floor":25,"key":"Fire Potion"},{"floor":30,"key":"Energy Potion"},{"floor":31,"key":"Regen Potion"},{"floor":39,"key":"PowerPotion"},{"floor":40,"key":"AttackPotion"},{"floor":44,"key":"Weak Potion"},{"floor":45,"key":"EntropicBrew"},{"floor":45,"key":"SkillPotion"}],"is_trial":false,"path_per_floor":["M","M","?","?","M","R","E","R","T","M","?","M","$","E","R","B",null,"M","M","?","?","M","E","R","M","T","$","?","E","M","M","R","B",null,"M","?","?","$","M","E","?","E","T","M","?","$","R","E","R","B"],"character_chosen":"IRONCLAD","items_purchased":["PreservedInsect","Energy Potion","Tiny Chest","Disarm","Lantern","Fire Breathing+1","Battle Trance"],"campfire_rested":6,"item_purchase_floors":[13,13,27,27,38,46,46],"current_hp_per_floor":[80,76,76,65,65,65,32,56,56,54,54,55,55,49,73,24,80,66,53,53,53,59,35,59,61,61,61,61,60,56,64,80,48,80,74,64,64,64,46,41,41,49,49,42,42,42,68,41,67,0],"gold":79,"neow_bonus":"RANDOM_COLORLESS","is_prod":false,"is_daily":false,"chose_seed":false,"campfire_upgraded":1,"win_rate":0,"timestamp":1552165347,"path_taken":["M","M","?","?","M","R","E","R","T","M","?","?","$","E","R","BOSS","M","M","?","?","M","E","R","?","T","?","?","E","M","?","R","BOSS","M","?","?","$","M","E","?","E","T","?","?","?","R","E","R","BOSS"],"build_version":"2019-01-23","purchased_purges":1,"victory":false,"max_hp_per_floor":[80,80,80,80,80,80,80,80,80,80,80,80,80,80,80,80,80,80,80,80,80,80,80,80,80,80,80,80,80,80,80,80,80,80,80,80,80,80,80,87,87,87,87,87,87,87,87,87,87,87],"card_choices":[{"not_picked":["Wild Strike","Warcry"],"picked":"Armaments","floor":1},{"not_picked":["Clash","Twin Strike"],"picked":"Entrench","floor":2},{"not_picked":["Second Wind","Sever Soul"],"picked":"Metallicize","floor":5},{"not_picked":["Havoc","Twin Strike","Brutality"],"picked":"SKIP","floor":7},{"not_picked":["Anger","Warcry"],"picked":"Clothesline","floor":10},{"not_picked":["Fire Breathing","Combust"],"picked":"Pommel Strike","floor":12},{"not_picked":["Feed","Cleave"],"picked":"Shockwave","floor":14},{"not_picked":["Immolate","Exhume"],"picked":"Demon Form","floor":16},{"not_picked":["Armaments","Infernal Blade"],"picked":"Shrug It Off","floor":18},{"not_picked":["True Grit","Intimidate"],"picked":"Whirlwind+1","floor":19},{"not_picked":["Wild Strike","Havoc"],"picked":"Pommel Strike+1","floor":22},{"not_picked":["Twin Strike","Hemokinesis+1"],"picked":"Bludgeon","floor":23},{"not_picked":["Feel No Pain+1","Armaments"],"picked":"Body Slam","floor":25},{"not_picked":["Anger","Clash+1"],"picked":"Pummel","floor":29},{"not_picked":["Armaments","Warcry","Twin Strike"],"picked":"SKIP","floor":30},{"not_picked":["Thunderclap+1","Shrug It Off"],"picked":"Heavy Blade","floor":31},{"not_picked":["Impervious","Double Tap"],"picked":"Demon Form+1","floor":33},{"not_picked":["Thunderclap","Pommel Strike+1"],"picked":"Dual Wield+1","floor":35},{"not_picked":["Armaments+1","Thunderclap+1","Clash"],"picked":"SKIP","floor":39},{"not_picked":["Flex+1","Headbutt"],"picked":"Juggernaut+1","floor":40},{"not_picked":["Clothesline","Brutality+1"],"picked":"Flame Barrier+1","floor":42},{"not_picked":["Clothesline+1","Burning Pact","Pommel Strike"],"picked":"Shrug It Off","floor":44},{"not_picked":["Clash+1","Whirlwind+1","Pommel Strike"],"picked":"Heavy Blade","floor":47},{"not_picked":["Exhume","Armaments","Feed"],"picked":"Demon Form+1","floor":48},{"not_picked":["Pommel Strike","Body Slam","Bloodletting"],"picked":"Flex+1","floor":49}],"player_experience":256224,"relics_obtained":[{"floor":7,"key":"Bottled Flame"},{"floor":9,"key":"Sundial"},{"floor":14,"key":"FossilizedHelix"},{"floor":23,"key":"Frozen Egg 2"},{"floor":26,"key":"Mummified Hand"},{"floor":29,"key":"Dream Catcher"},{"floor":40,"key":"Strawberry"},{"floor":40,"key":"Anchor"},{"floor":42,"key":"Self Forming Clay"},{"floor":42,"key":"Question Card"},{"floor":43,"key":"Boot"},{"floor":48,"key":"Ice Cream"},{"floor":48,"key":"War Paint"}],"event_choices":[{"damage_healed":0,"gold_gain":0,"player_choice":"Grow","damage_taken":0,"max_hp_gain":0,"max_hp_loss":0,"event_name":"Living Wall","floor":3,"gold_loss":0,"cards_upgraded":["Entrench"]},{"damage_healed":0,"gold_gain":75,"player_choice":"Gather Gold","damage_taken":11,"max_hp_gain":0,"max_hp_loss":0,"event_name":"World of Goop","floor":4,"gold_loss":0},{"damage_healed":0,"gold_gain":0,"player_choice":"Box","damage_taken":0,"relics_obtained":["Omamori"],"max_hp_gain":0,"max_hp_loss":0,"event_name":"Big Fish","floor":11,"gold_loss":0,"cards_obtained":["Regret"]},{"damage_healed":0,"gold_gain":0,"player_choice":"Stole Relic","damage_taken":0,"relics_obtained":["Blood Vial"],"max_hp_gain":0,"max_hp_loss":0,"event_name":"Addict","floor":20,"gold_loss":0,"cards_obtained":["Shame"]},{"damage_healed":0,"gold_gain":0,"player_choice":"Traded Relic","damage_taken":0,"relics_obtained":["Nloth\u0027s Gift"],"max_hp_gain":0,"max_hp_loss":0,"event_name":"N\u0027loth","floor":21,"relics_lost":["Sundial"],"gold_loss":0},{"damage_healed":0,"gold_gain":0,"player_choice":"Gave Potion","damage_taken":0,"relics_obtained":["Darkstone Periapt"],"max_hp_gain":0,"max_hp_loss":0,"event_name":"WeMeetAgain","floor":28,"gold_loss":0},{"damage_healed":0,"gold_gain":0,"player_choice":"Embrace Madness","damage_taken":10,"max_hp_gain":0,"max_hp_loss":0,"event_name":"Winding Halls","floor":36,"gold_loss":0,"cards_obtained":["Madness","Madness"]},{"damage_healed":0,"gold_gain":0,"player_choice":"Ignored","damage_taken":0,"max_hp_gain":0,"max_hp_loss":0,"event_name":"Tomb of Lord Red Mask","floor":37,"gold_loss":0},{"damage_healed":0,"gold_gain":0,"player_choice":"Cursed","damage_taken":0,"max_hp_gain":0,"max_hp_loss":0,"event_name":"Wheel of Change","floor":41,"gold_loss":0,"cards_obtained":["Decay"]},{"damage_healed":0,"gold_gain":0,"player_choice":"Got Potions","damage_taken":0,"max_hp_gain":0,"max_hp_loss":0,"event_name":"Lab","floor":45,"gold_loss":0}],"is_beta":false,"boss_relics":[{"not_picked":["Runic Dome","Runic Cube"],"picked":"Fusion Hammer"},{"not_picked":["Coffee Dripper","Runic Pyramid"],"picked":"Black Star"}],"items_purged_floors":[13],"is_endless":false,"potions_floor_spawned":[7,12,14,18,19,25,30,31,39,40,44],"killed_by":"Donu and Deca","ascension_level":3}