{"gold_per_floor":[111,111,135,135,155,155,180,255,281,281,312,312,326,341,341,437,437,455,478,478,393,209,209,233,253,303,318,318,268,268,28,28,124,124,144,168,501,601,45,45,77,77,77,77,0,11,11,25,25,25],"floor_reached":51,"playtime":4533,"items_purged":["Combust","Evolve","Fiend Fire"],"score":1188,"play_id":"5f8dd4e6-a501-4538-9969-2430d1015d46","local_time":"20190422000650","is_ascension_mode":true,"campfire_choices":[{"data":"Bash","floor":6,"key":"SMITH"},{"floor":10,"key":"REST"},{"data":"Armaments","floor":15,"key":"SMITH"},{"data":"Shockwave","floor":23,"key":"SMITH"},{"data":"Battle Trance","floor":28,"key":"SMITH"},{"data":"Disarm","floor":30,"key":"SMITH"},{"data":"Double Tap","floor":32,"key":"SMITH"},{"data":"Limit Break","floor":40,"key":"SMITH"},{"data":"Rampage","floor":42,"key":"SMITH"},{"floor":44,"key":"REST"},{"data":"Metallicize","floor":47,"key":"SMITH"},{"data":"Metallicize","floor":49,"key":"SMITH"}],"neow_cost":"NONE","seed_source_timestamp":785450723724200,"circlet_count":0,"master_deck":["AscendersBane","Bash+1","Pommel Strike","Shrug It Off","Battle Trance+1","Armaments+1","Inflame","Double Tap+1","Ghostly Armor","Disarm+1","Shrug It Off","Rampage+1","Metallicize+1","Feed","Shockwave+1","Metallicize+1","Spot Weakness","Limit Break+1","Master of Strategy","Metallicize","Battle Trance","True Grit+1"],"relics":["Burning Blood","Oddly Smooth Stone","Orichalcum","Omamori","Pandora\u0027s Box","Happy Flower","Smiling Mask","Frozen Eye","Busted Crown","Peace Pipe","Dead Branch","Vajra","Mercury Hourglass","Red Mask"],"potions_floor_usage":[11,16,27,50],"damage_taken":[{"damage":1,"enemies":"Cultist","floor":1,"turns":3},{"damage":3,"enemies":"Jaw Worm","floor":3,"turns":5},{"damage":0,"enemies":"Small Slimes","floor":5,"turns":3},{"damage":2,"enemies":"3 Louse","floor":7,"turns":6},{"damage":26,"enemies":"Lagavulin","floor":11,"turns":6},{"damage":2,"enemies":"Red Slaver","floor":13,"turns":5},{"damage":0,"enemies":"2 Fungi Beasts","floor":14,"turns":4},{"damage":12,"enemies":"The Guardian","floor":16,"turns":14},{"damage":14,"enemies":"Spheric Guardian","floor":18,"turns":5},{"damage":0,"enemies":"Shell Parasite","floor":19,"turns":6},{"damage":6,"enemies":"Shelled Parasite and Fungi","floor":24,"turns":6},{"damage":4,"enemies":"Snecko","floor":25,"turns":6},{"damage":6,"enemies":"Snake Plant","floor":27,"turns":6},{"damage":18,"enemies":"Champ","floor":33,"turns":8},{"damage":6,"enemies":"3 Darklings","floor":35,"turns":6},{"damage":4,"enemies":"3 Shapes","floor":36,"turns":6},{"damage":0,"enemies":"Mind Bloom Boss Battle","floor":38,"turns":7},{"damage":46,"enemies":"Giant Head","floor":41,"turns":8},{"damage":6,"enemies":"3 Darklings","floor":46,"turns":3},{"damage":9,"enemies":"Writhing Mass","floor":48,"turns":5},{"damage":36,"enemies":"Donu and Deca","floor":50,"turns":5}],"seed_played":"-8779576462527773909","potions_obtained":[{"floor":3,"key":"SpeedPotion"},{"floor":5,"key":"Block Potion"},{"floor":13,"key":"Energy Potion"},{"floor":25,"key":"PowerPotion"},{"floor":27,"key":"Swift Potion"},{"floor":33,"key":"Dexterity Potion"}],"is_trial":false,"path_per_floor":["M","?","M","?","M","R","M","?","T","R","E","?","M","M","R","B",null,"M","M","?","?","$","R","M","M","T","M","R","$","R","$","R","B",null,"M","M","?","?","$","R","E","R","T","R","?","M","R","M","R","B",null],"character_chosen":"IRONCLAD","items_purchased":["Shockwave","Metallicize","Frozen Eye","Master of Strategy","Metallicize","Battle Trance","Dead Branch"],"campfire_rested":2,"item_purchase_floors":[22,22,31,39,39,39,39],"current_hp_per_floor":[80,52,55,29,35,35,39,28,28,52,32,32,36,42,42,36,71,63,69,69,69,69,69,73,75,75,75,75,75,75,75,75,67,84,88,94,94,102,102,102,62,62,62,92,92,95,95,92,92,66],"gold":25,"neow_bonus":"TEN_PERCENT_HP_BONUS","is_prod":false,"is_daily":false,"chose_seed":false,"campfire_upgraded":10,"win_rate":0,"timestamp":1555884410,"path_taken":["M","?","M","?","M","R","M","?","T","R","E","?","?","M","R","BOSS","M","M","?","?","$","R","M","M","T","M","R","$","R","$","R","BOSS","M","M","?","?","$","R","E","R","T","R","?","M","R","M","R","BOSS"],"build_version":"2019-01-23","purchased_purges":3,"victory":true,"max_hp_per_floor":[82,82,82,82,82,82,82,82,82,82,82,82,82,82,82,82,82,82,82,82,82,82,82,86,86,86,86,86,86,86,86,86,90,90,94,98,98,102,102,102,102,102,102,102,102,105,105,105,105,109],"card_choices":[{"not_picked":["Heavy Blade","Reckless Charge"],"picked":"Pommel Strike","floor":1},{"not_picked":["Flex","Clash","Second Wind"],"picked":"SKIP","floor":3},{"not_picked":["Heavy Blade","Havoc","Body Slam"],"picked":"SKIP","floor":5},{"not_picked":["Clothesline","Sword Boomerang"],"picked":"Shrug It Off","floor":7},{"not_picked":["Twin Strike","Clash"],"picked":"Battle Trance","floor":11},{"not_picked":["Cleave","Wild Strike"],"picked":"Armaments","floor":13},{"not_picked":["Fire Breathing","Ghostly Armor"],"picked":"Inflame","floor":14},{"not_picked":["Feed","Berserk"],"picked":"Double Tap","floor":16},{"not_picked":["Armaments","Combust","Havoc"],"picked":"SKIP","floor":18},{"not_picked":["Cleave","Thunderclap+1","Perfected Strike+1"],"picked":"SKIP","floor":19},{"not_picked":["Armaments","Burning Pact"],"picked":"Spot Weakness","floor":24},{"not_picked":["Twin Strike","Cleave","Headbutt"],"picked":"SKIP","floor":25},{"not_picked":["Reckless Charge","Disarm","Pommel Strike"],"picked":"SKIP","floor":27},{"not_picked":["Feed","Brutality"],"picked":"Limit Break","floor":33},{"not_picked":["Intimidate"],"picked":"SKIP","floor":35},{"not_picked":["True Grit"],"picked":"SKIP","floor":36},{"not_picked":["Headbutt"],"picked":"SKIP","floor":41},{"not_picked":[],"picked":"True Grit+1","floor":46},{"not_picked":["Sentinel"],"picked":"SKIP","floor":48}],"player_experience":268135,"relics_obtained":[{"floor":9,"key":"Orichalcum"},{"floor":11,"key":"Omamori"},{"floor":26,"key":"Smiling Mask"},{"floor":38,"key":"Peace Pipe"},{"floor":41,"key":"Vajra"},{"floor":43,"key":"Mercury Hourglass"}],"event_choices":[{"damage_healed":0,"gold_gain":0,"player_choice":"Take Damage","damage_taken":28,"relics_obtained":["Golden Idol"],"max_hp_gain":0,"max_hp_loss":0,"event_name":"Golden Idol","floor":2,"gold_loss":0},{"damage_healed":0,"gold_gain":0,"player_choice":"Success","damage_taken":26,"relics_obtained":["Oddly Smooth Stone"],"max_hp_gain":0,"max_hp_loss":0,"event_name":"Scrap Ooze","floor":4,"gold_loss":0},{"damage_healed":0,"gold_gain":75,"player_choice":"Gather Gold","damage_taken":11,"max_hp_gain":0,"max_hp_loss":0,"event_name":"World of Goop","floor":8,"gold_loss":0},{"cards_removed":["Strike_R"],"damage_healed":0,"gold_gain":0,"player_choice":"Card Removal","damage_taken":0,"max_hp_gain":0,"max_hp_loss":0,"event_name":"Wheel of Change","floor":12,"gold_loss":0},{"damage_healed":0,"gold_gain":0,"player_choice":"Read","damage_taken":0,"max_hp_gain":0,"max_hp_loss":0,"event_name":"The Library","floor":20,"gold_loss":0,"cards_obtained":["Feed"]},{"damage_healed":0,"gold_gain":0,"player_choice":"Obtained Relic","damage_taken":0,"relics_obtained":["Happy Flower"],"max_hp_gain":0,"max_hp_loss":0,"event_name":"Addict","floor":21,"gold_loss":85},{"damage_healed":0,"gold_gain":333,"player_choice":"Gave Idol","damage_taken":0,"max_hp_gain":0,"max_hp_loss":0,"event_name":"The Moai Head","floor":37,"relics_lost":["Golden Idol"],"gold_loss":0},{"damage_healed":0,"gold_gain":0,"player_choice":"Fight","damage_taken":0,"max_hp_gain":0,"max_hp_loss":0,"event_name":"MindBloom","floor":38,"gold_loss":0},{"damage_healed":0,"gold_gain":0,"player_choice":"Paid","damage_taken":0,"relics_obtained":["Red Mask"],"max_hp_gain":0,"max_hp_loss":0,"event_name":"Tomb of Lord Red Mask","floor":45,"gold_loss":77}],"is_beta":false,"boss_relics":[{"not_picked":["Black Blood","Tiny House"],"picked":"Pandora\u0027s Box"},{"not_picked":["Coffee Dripper","Snecko Eye"],"picked":"Busted Crown"}],"items_purged_floors":[22,29,31],"is_endless":false,"potions_floor_spawned":[3,5,13,14,25,27,33,35,36,46],"ascension_level":15}