{"gold_per_floor":[111,111,286,65,89,130,142,194,232,284,311,336,348,380,392,535,547,578,614,626,638,147,147,147,0,27,62,86,10,10,48,48,168,168,181,306,324,4,22,22,22,40,40,40,40,40,40,58,58,58],"floor_reached":50,"playtime":2757,"items_purged":["Doubt"],"score":622,"play_id":"bbe4c803-96fd-400b-a3e5-975d1fff8964","local_time":"20190416150949","is_ascension_mode":true,"campfire_choices":[{"floor":15.0,"key":"REST"},{"floor":23.0,"key":"REST"},{"floor":24.0,"key":"REST"},{"floor":32.0,"key":"REST"},{"floor":40.0,"key":"REST"},{"floor":47.0,"key":"RECALL"},{"floor":49.0,"key":"REST"}],"neow_cost":"NONE","seed_source_timestamp":0,"circlet_count":0,"master_deck":["Defend_G","Defend_G","Defend_G","Defend_G","Defend_G","Strike_G","Strike_G","Strike_G","Strike_G","Strike_G","Survivor","Neutralize","Blade Dance","Injury","Metamorphosis","Noxious Fumes","Dodge and Roll","Blade Dance","Dodge and Roll","RitualDagger","Accuracy","Bullet Time","Terror+1","Caltrops","Infinite Blades","Crippling Poison+1","Noxious Fumes+1","Well Laid Plans","Shame","Cloak And Dagger","Storm of Steel","Blur+1","Cloak And Dagger","Envenom","Caltrops","Parasite","Cloak And Dagger","Writhe"],"special_seed":0,"relics":["Ring of the Snake","NeowsBlessing","Golden Idol","MawBank","Lantern","Happy Flower","Letter Opener","Sozu","WingedGreaves","Nilry\u0027s Codex","Bag of Marbles","ClockworkSouvenir","Bag of Preparation","Bronze Scales","Pear","Ginger","Pen Nib","Orrery","StoneCalendar","Meat on the Bone","Singing Bowl"],"potions_floor_usage":[],"damage_taken":[{"damage":0.0,"enemies":"Jaw Worm","floor":1.0,"turns":1.0},{"damage":0.0,"enemies":"Small Slimes","floor":5.0,"turns":1.0},{"damage":0.0,"enemies":"3 Sentries","floor":6.0,"turns":1.0},{"damage":9.0,"enemies":"Lagavulin","floor":8.0,"turns":7.0},{"damage":21.0,"enemies":"3 Sentries","floor":10.0,"turns":7.0},{"damage":1.0,"enemies":"Cultist","floor":11.0,"turns":3.0},{"damage":0.0,"enemies":"Red Slaver","floor":12.0,"turns":2.0},{"damage":4.0,"enemies":"Large Slime","floor":14.0,"turns":6.0},{"damage":28.0,"enemies":"Slime Boss","floor":16.0,"turns":6.0},{"damage":9.0,"enemies":"3 Byrds","floor":18.0,"turns":7.0},{"damage":16.0,"enemies":"2 Thieves","floor":19.0,"turns":3.0},{"damage":36.0,"enemies":"Gremlin Leader","floor":27.0,"turns":6.0},{"damage":23.0,"enemies":"Chosen and Byrds","floor":28.0,"turns":6.0},{"damage":11.0,"enemies":"Slavers","floor":31.0,"turns":4.0},{"damage":25.0,"enemies":"Automaton","floor":33.0,"turns":8.0},{"damage":1.0,"enemies":"Orb Walker","floor":35.0,"turns":2.0},{"damage":24.0,"enemies":"Mind Bloom Boss Battle","floor":36.0,"turns":8.0},{"damage":7.0,"enemies":"3 Shapes","floor":37.0,"turns":5.0},{"damage":23.0,"enemies":"Writhing Mass","floor":39.0,"turns":6.0},{"damage":0.0,"enemies":"4 Shapes","floor":42.0,"turns":6.0},{"damage":26.0,"enemies":"Sphere and 2 Shapes","floor":48.0,"turns":6.0},{"damage":83,"enemies":"Awakened One","floor":50,"turns":7}],"seed_played":"-7274443718641867741","potions_obtained":[{"floor":10.0,"key":"Fire Potion"},{"floor":12.0,"key":"Fire Potion"},{"floor":16.0,"key":"SkillPotion"}],"is_trial":false,"path_per_floor":["M","?","?","$","M","E","$","E","T","E","M","M","?","M","R","B",null,"M","M","T","?","$","R","R","$","T","E","M","$","?","E","R","B",null,"M","?","M","$","M","R","?","M","T","?","T","$","R","M","R","B"],"character_chosen":"THE_SILENT","items_purchased":["Metamorphosis","Noxious Fumes","Bag of Marbles","ClockworkSouvenir","Infinite Blades","Bag of Preparation","Well Laid Plans","Caltrops","Meat on the Bone"],"campfire_rested":6,"item_purchase_floors":[4,4,22,22,22,25,29,38,38],"current_hp_per_floor":[70,70,70,70,70,70,70,61,61,40,39,39,39,35,56,28,70,61,45,45,29,29,50,70,70,70,44,21,21,21,10,34,9,80,79,55,48,48,37,61,61,61,61,80,80,80,80,56,80,0],"gold":58,"neow_bonus":"THREE_ENEMY_KILL","is_prod":false,"is_daily":false,"chose_seed":false,"campfire_upgraded":0,"win_rate":0,"timestamp":1555445389,"path_taken":["M","?","?","$","M","E","?","E","T","E","M","M","?","M","R","BOSS","M","?","?","?","$","R","R","?","T","E","?","$","?","E","R","BOSS","M","?","M","$","M","R","?","M","T","?","?","?","R","M","R","BOSS"],"build_version":"2019-01-23","purchased_purges":1,"victory":false,"max_hp_per_floor":[70,70,70,70,70,70,70,70,70,70,70,70,70,70,70,70,70,70,70,70,70,70,70,70,70,70,80,80,80,80,80,80,80,80,80,80,80,80,80,80,80,80,80,80,80,80,80,82,82,82],"card_choices":[{"not_picked":["Quick Slash","Acrobatics"],"picked":"Blade Dance","floor":1.0},{"not_picked":["Flechettes","Slice","Sucker Punch"],"picked":"SKIP","floor":5.0},{"not_picked":["Dash","Acrobatics"],"picked":"Malaise","floor":6.0},{"not_picked":["Poisoned Stab","Skewer"],"picked":"Dodge and Roll","floor":8.0},{"not_picked":["Expertise","Tactician"],"picked":"Blade Dance","floor":10.0},{"not_picked":["Underhanded Strike","Eviscerate","Deflect"],"picked":"SKIP","floor":11.0},{"not_picked":["Outmaneuver","Deflect"],"picked":"Dodge and Roll","floor":12.0},{"not_picked":["Doppelganger","Bane"],"picked":"Accuracy","floor":14.0},{"not_picked":["Night Terror","Adrenaline"],"picked":"Bullet Time","floor":16.0},{"not_picked":["Quick Slash","Finisher"],"picked":"Terror+1","floor":18.0},{"not_picked":["Escape Plan","Quick Slash+1"],"picked":"Caltrops","floor":19.0},{"not_picked":["Concentrate","Dagger Throw"],"picked":"Crippling Poison+1","floor":27.0},{"not_picked":["Flying Knee","Backstab"],"picked":"Noxious Fumes+1","floor":28.0},{"not_picked":["Riddle With Holes","Grand Finale"],"picked":"Cloak And Dagger","floor":31.0},{"not_picked":["Corpse Explosion","Adrenaline"],"picked":"Storm of Steel","floor":33.0},{"not_picked":["Cloak And Dagger","Heel Hook+1"],"picked":"Blur+1","floor":34.0},{"not_picked":["Deadly Poison","Well Laid Plans+1"],"picked":"Cloak And Dagger","floor":34.0},{"not_picked":["Acrobatics+1","Tactician+1","Deflect+1"],"picked":"SKIP","floor":35.0},{"not_picked":["Blade Dance","Outmaneuver"],"picked":"Envenom","floor":36.0},{"not_picked":["Slice","Eviscerate+1","Dagger Spray"],"picked":"SKIP","floor":37.0},{"not_picked":["PiercingWail","Well Laid Plans","Underhanded Strike+1"],"picked":"SKIP","floor":39.0},{"not_picked":["Sucker Punch","Bane+1"],"picked":"Cloak And Dagger","floor":42.0},{"not_picked":["Riddle With Holes","Endless Agony","Flechettes"],"picked":"Singing Bowl","floor":48.0}],"player_experience":458966,"relics_obtained":[{"floor":6.0,"key":"MawBank"},{"floor":8.0,"key":"Lantern"},{"floor":9.0,"key":"Happy Flower"},{"floor":10.0,"key":"Letter Opener"},{"floor":20.0,"key":"WingedGreaves"},{"floor":21.0,"key":"Nilry\u0027s Codex"},{"floor":26.0,"key":"Bronze Scales"},{"floor":27.0,"key":"Pear"},{"floor":31.0,"key":"Pen Nib"},{"floor":36.0,"key":"StoneCalendar"},{"floor":45.0,"key":"Singing Bowl"}],"event_choices":[{"damage_healed":0.0,"max_hp_gain":0.0,"max_hp_loss":0.0,"gold_gain":0.0,"event_name":"Golden Idol","player_choice":"Take Wound","floor":2.0,"gold_loss":0.0,"damage_taken":0.0,"relics_obtained":["Golden Idol"],"cards_obtained":["Injury"]},{"damage_healed":0.0,"max_hp_gain":0.0,"max_hp_loss":0.0,"gold_gain":175.0,"event_name":"Liars Game","player_choice":"AGREE","floor":3.0,"gold_loss":0.0,"damage_taken":0.0,"cards_obtained":["Doubt"]},{"cards_removed":["Malaise"],"damage_healed":0.0,"max_hp_gain":0.0,"max_hp_loss":0.0,"gold_gain":0.0,"event_name":"NoteForYourself","player_choice":"Took Card","floor":13.0,"gold_loss":0.0,"damage_taken":0.0,"cards_obtained":["RitualDagger"]},{"damage_healed":0.0,"max_hp_gain":0.0,"max_hp_loss":0.0,"gold_gain":0.0,"event_name":"Cursed Tome","player_choice":"Obtained Book","floor":21.0,"gold_loss":0.0,"damage_taken":16.0},{"damage_healed":0.0,"max_hp_gain":0.0,"max_hp_loss":0.0,"gold_gain":0.0,"event_name":"Addict","player_choice":"Stole Relic","floor":30.0,"gold_loss":0.0,"damage_taken":0.0,"relics_obtained":["Ginger"],"cards_obtained":["Shame"]},{"damage_healed":0.0,"max_hp_gain":0.0,"max_hp_loss":0.0,"gold_gain":0.0,"event_name":"MindBloom","player_choice":"Fight","floor":36.0,"gold_loss":0.0,"damage_taken":0.0},{"damage_healed":0.0,"max_hp_gain":0.0,"max_hp_loss":0.0,"gold_gain":0.0,"event_name":"Mysterious Sphere","player_choice":"Ignored","floor":41.0,"gold_loss":0.0,"damage_taken":0.0},{"damage_healed":20.0,"max_hp_gain":0.0,"max_hp_loss":0.0,"gold_gain":0.0,"event_name":"Winding Halls","player_choice":"Writhe","floor":44.0,"gold_loss":0.0,"damage_taken":0.0,"cards_obtained":["Writhe"]}],"is_beta":false,"boss_relics":[{"not_picked":["Philosopher\u0027s Stone","Ring of the Serpent"],"picked":"Sozu"},{"not_picked":["Pandora\u0027s Box","Busted Crown"],"picked":"Orrery"}],"items_purged_floors":[22],"is_endless":false,"potions_floor_spawned":[10,12,16,27,28,31,39,42,48],"killed_by":"Awakened One","ascension_level":1}