{"gold_per_floor":[14,29,29,29,40,40,50,50,120,120,133,153,164,215,215,316,316,316],"floor_reached":18,"playtime":1182,"items_purged":[],"score":239,"play_id":"9cb267e5-7fc2-463b-818a-54db8eca3761","local_time":"20190403214430","is_ascension_mode":true,"campfire_choices":[{"data":"White Noise","floor":6.0,"key":"SMITH"},{"floor":8.0,"key":"REST"},{"data":"Chill","floor":10.0,"key":"SMITH"},{"data":"Capacitor","floor":15.0,"key":"SMITH"}],"neow_cost":"NO_GOLD","seed_source_timestamp":0,"circlet_count":0,"master_deck":["AscendersBane","Strike_B","Strike_B","Strike_B","Defend_B","Defend_B","Defend_B","Defend_B","Zap","Dualcast","Seek","Chill+1","White Noise+1","Leap","Coolheaded","Reboot","Redo","Capacitor+1","Buffer"],"special_seed":0,"relics":["Cracked Core","Matryoshka","PreservedInsect","Potion Belt","Inserter"],"potions_floor_usage":[18],"damage_taken":[{"damage":7.0,"enemies":"2 Louse","floor":1.0,"turns":3.0},{"damage":7.0,"enemies":"Small Slimes","floor":2.0,"turns":3.0},{"damage":7.0,"enemies":"Jaw Worm","floor":5.0,"turns":3.0},{"damage":12.0,"enemies":"Exordium Thugs","floor":7.0,"turns":6.0},{"damage":0.0,"enemies":"Blue Slaver","floor":11.0,"turns":5.0},{"damage":2.0,"enemies":"Red Slaver","floor":12.0,"turns":3.0},{"damage":1.0,"enemies":"3 Louse","floor":13.0,"turns":5.0},{"damage":45.0,"enemies":"The Guardian","floor":16.0,"turns":21.0},{"damage":13,"enemies":"Chosen","floor":18,"turns":6}],"seed_played":"2823245766894242140","potions_obtained":[{"floor":1.0,"key":"Weak Potion"},{"floor":7.0,"key":"Poison Potion"},{"floor":12.0,"key":"EssenceOfSteel"},{"floor":16.0,"key":"Poison Potion"}],"is_trial":false,"path_per_floor":["M","M","?","?","M","R","M","R","T","R","M","M","M","T","R","B",null,"M"],"character_chosen":"DEFECT","items_purchased":[],"campfire_rested":1,"item_purchase_floors":[],"current_hp_per_floor":[61,54,54,47,40,40,28,50,50,50,50,48,47,47,47,2,57,44],"gold":316,"neow_bonus":"THREE_RARE_CARDS","is_prod":false,"is_daily":false,"chose_seed":false,"campfire_upgraded":3,"win_rate":0,"timestamp":1554353070,"path_taken":["M","M","?","?","M","R","M","R","T","R","M","M","M","?","R","BOSS","M"],"build_version":"2019-01-23","purchased_purges":0,"victory":false,"max_hp_per_floor":[75,75,75,75,75,75,75,75,75,75,75,75,75,75,75,75,75,75],"card_choices":[{"not_picked":["Amplify","Rainbow"],"picked":"Seek","floor":0.0},{"not_picked":["Heatsinks","Hologram"],"picked":"Chill","floor":1.0},{"not_picked":["Loop","Streamline"],"picked":"White Noise","floor":2.0},{"not_picked":["Sweeping Beam","Reprogram"],"picked":"Leap","floor":5.0},{"not_picked":["Beam Cell","Sweeping Beam"],"picked":"Coolheaded","floor":7.0},{"not_picked":["Gash","Tempest"],"picked":"Reboot","floor":11.0},{"not_picked":["Lockon","Turbo"],"picked":"Redo","floor":12.0},{"not_picked":["Sunder","Heatsinks"],"picked":"Capacitor","floor":13.0},{"not_picked":["Hyperbeam","Reboot"],"picked":"Buffer","floor":16.0}],"player_experience":373935,"relics_obtained":[{"floor":9.0,"key":"Matryoshka"},{"floor":14.0,"key":"PreservedInsect"},{"floor":14.0,"key":"Potion Belt"}],"event_choices":[{"damage_healed":0.0,"max_hp_gain":0.0,"max_hp_loss":0.0,"gold_gain":0.0,"event_name":"The Cleric","player_choice":"Leave","floor":3.0,"gold_loss":0.0,"damage_taken":0.0},{"cards_removed":["Strike_B"],"damage_healed":0.0,"max_hp_gain":0.0,"max_hp_loss":0.0,"gold_gain":0.0,"event_name":"Golden Wing","player_choice":"Card Removal","floor":4.0,"gold_loss":0.0,"damage_taken":7.0}],"is_beta":false,"boss_relics":[{"not_picked":["Runic Dome","Empty Cage"],"picked":"Inserter"}],"items_purged_floors":[],"is_endless":false,"potions_floor_spawned":[1,7,12,16],"killed_by":"Chosen","ascension_level":11}