{"gold_per_floor":[134,165,196,11,65,156,156,121,121,161,161,201,201,245,245,374,374,385,423,488,488,43,43,43],"floor_reached":24,"playtime":2015,"items_purged":["Strike_R"],"score":200,"play_id":"9b544429-a10d-45b9-979a-9cd2c385a4f1","local_time":"20190321130849","is_ascension_mode":false,"campfire_choices":[{"floor":7.0,"key":"REST"},{"data":"HandOfGreed","floor":11.0,"key":"SMITH"},{"data":"Forethought","floor":15.0,"key":"SMITH"},{"data":"Barricade","floor":23,"key":"SMITH"}],"neow_cost":"PERCENT_DAMAGE","seed_source_timestamp":0,"circlet_count":0,"master_deck":["Strike_R","Strike_R","Defend_R","Defend_R","Defend_R","Bash","Forethought+1","HandOfGreed+1","Pommel Strike","Shrug It Off","Panacea","Metallicize","Bash","Enlightenment","Corruption","Metallicize","Barricade+1","True Grit+1","Entrench+1","Rage+1","Battle Trance","Evolve"],"special_seed":0,"relics":["Burning Blood","Happy Flower","Blue Candle","Astrolabe","Nunchaku","Prayer Wheel","Orichalcum"],"potions_floor_usage":[20,24,24],"damage_taken":[{"damage":0.0,"enemies":"Small Slimes","floor":1.0,"turns":3.0},{"damage":1.0,"enemies":"Cultist","floor":2.0,"turns":3.0},{"damage":6.0,"enemies":"Jaw Worm","floor":3.0,"turns":3.0},{"damage":3.0,"enemies":"2 Fungi Beasts","floor":5.0,"turns":4.0},{"damage":48.0,"enemies":"3 Sentries","floor":6.0,"turns":11.0},{"damage":7.0,"enemies":"3 Louse","floor":10.0,"turns":5.0},{"damage":10.0,"enemies":"Looter","floor":12.0,"turns":3.0},{"damage":0.0,"enemies":"Large Slime","floor":14.0,"turns":5.0},{"damage":33.0,"enemies":"The Guardian","floor":16.0,"turns":13.0},{"damage":9.0,"enemies":"2 Thieves","floor":18.0,"turns":4.0},{"damage":33,"enemies":"Spheric Guardian","floor":19,"turns":9},{"damage":5,"enemies":"Centurion and Healer","floor":20,"turns":14},{"damage":60,"enemies":"Book of Stabbing","floor":24,"turns":8}],"seed_played":"-367134826747953548","potions_obtained":[{"floor":2.0,"key":"Energy Potion"},{"floor":5.0,"key":"GamblersBrew"},{"floor":10.0,"key":"Weak Potion"},{"floor":12.0,"key":"SpeedPotion"},{"floor":16.0,"key":"Regen Potion"},{"floor":19,"key":"Block Potion"}],"is_trial":false,"path_per_floor":["M","M","M","$","M","E","R","?","T","M","R","M","?","M","R","B",null,"M","M","M","T","$","R","E"],"character_chosen":"IRONCLAD","items_purchased":["Shrug It Off","Panacea","Prayer Wheel","Orichalcum"],"campfire_rested":1,"item_purchase_floors":[4,4,22,22],"current_hp_per_floor":[62,67,67,67,70,28,52,72,72,71,71,67,67,73,73,46,80,77,50,51,51,51,51,0],"gold":43,"neow_bonus":"RANDOM_COLORLESS_2","is_prod":false,"is_daily":false,"chose_seed":false,"campfire_upgraded":3,"win_rate":0,"timestamp":1553191729,"path_taken":["M","M","M","$","M","E","R","?","T","M","R","M","?","?","R","BOSS","M","?","M","?","$","R","E"],"build_version":"2019-01-23","purchased_purges":1,"victory":false,"max_hp_per_floor":[80,80,80,80,80,80,80,80,80,80,80,80,80,80,80,80,80,80,80,80,80,80,80,80],"card_choices":[{"not_picked":["Thunderclap","Clash","Body Slam"],"picked":"SKIP","floor":1.0},{"not_picked":["Havoc","Sword Boomerang","Rage"],"picked":"SKIP","floor":2.0},{"not_picked":["Rage","Warcry"],"picked":"Pommel Strike","floor":3.0},{"not_picked":["Flex","Twin Strike","Warcry"],"picked":"SKIP","floor":5.0},{"not_picked":["Rampage","Intimidate"],"picked":"Metallicize","floor":6.0},{"not_picked":["Iron Wave","Perfected Strike","Heavy Blade"],"picked":"SKIP","floor":10.0},{"not_picked":["Combust","Headbutt","Fiend Fire"],"picked":"SKIP","floor":12.0},{"not_picked":["Hemokinesis","Feel No Pain"],"picked":"Metallicize","floor":14.0},{"not_picked":["Limit Break","Feed"],"picked":"Barricade","floor":16.0},{"not_picked":["Blood for Blood+1","Iron Wave"],"picked":"Battle Trance","floor":18.0},{"not_picked":["Clash","Thunderclap","Flex+1"],"picked":"SKIP","floor":19},{"not_picked":["Intimidate","Rampage"],"picked":"Evolve","floor":20}],"player_experience":323935,"relics_obtained":[{"floor":6.0,"key":"Happy Flower"},{"floor":9.0,"key":"Blue Candle"},{"floor":21,"key":"Nunchaku"}],"event_choices":[{"damage_healed":20.0,"max_hp_gain":0.0,"max_hp_loss":0.0,"gold_gain":0.0,"event_name":"The Cleric","player_choice":"Healed","floor":8.0,"gold_loss":35.0,"damage_taken":0.0},{"damage_healed":0.0,"max_hp_gain":0.0,"max_hp_loss":0.0,"gold_gain":0.0,"event_name":"Match and Keep!","player_choice":"3 cards matched","floor":13.0,"gold_loss":0.0,"damage_taken":0.0,"cards_obtained":["Bash","Enlightenment","Corruption"]}],"is_beta":false,"boss_relics":[{"not_picked":["Runic Pyramid","Lizard Tail"],"picked":"Astrolabe"}],"items_purged_floors":[4],"is_endless":false,"potions_floor_spawned":[2,5,10,12,16,19],"killed_by":"Book of Stabbing","ascension_level":0}