{"gold_per_floor":[18,193,1,14,26,26,39,69,69,89,9,40,40,40,40,141,141,160,175,194,194,208,208,227,227,252,271,288,288,299,299],"floor_reached":31,"playtime":2592,"items_purged":["Doubt"],"score":402,"play_id":"e4a12db7-663a-4465-82c2-d86ac6452310","local_time":"20190404211708","is_ascension_mode":true,"campfire_choices":[{"data":"True Grit","floor":6,"key":"SMITH"},{"data":"Uppercut","floor":13,"key":"SMITH"},{"data":"Flame Barrier","floor":15,"key":"SMITH"},{"data":"Entrench","floor":23,"key":"SMITH"},{"data":"Shrug It Off","floor":25,"key":"SMITH"}],"neow_cost":"NO_GOLD","seed_source_timestamp":1132726057793273,"circlet_count":0,"master_deck":["AscendersBane","Strike_R","Strike_R","Strike_R","Strike_R","Strike_R","Defend_R","Defend_R","Defend_R","Defend_R","Bash","Impervious","Carnage","Juggernaut","True Grit+1","Battle Trance","Entrench+1","Battle Trance","Juggernaut","Flame Barrier+1","Uppercut+1","Double Tap","Heavy Blade","Juggernaut","Disarm","Shrug It Off+1","Pommel Strike+1","Disarm","Shrug It Off","Flash of Steel+1","Metallicize"],"relics":["Burning Blood","Anchor","Pantograph","Shuriken","Velvet Choker","Molten Egg 2","Dream Catcher"],"potions_floor_usage":[8,12,20,27,30,30],"damage_taken":[{"damage":4,"enemies":"Small Slimes","floor":1,"turns":4},{"damage":0,"enemies":"Jaw Worm","floor":4,"turns":3},{"damage":1,"enemies":"Cultist","floor":5,"turns":3},{"damage":36,"enemies":"Gremlin Gang","floor":7,"turns":7},{"damage":8,"enemies":"Gremlin Nob","floor":8,"turns":4},{"damage":5,"enemies":"Exordium Wildlife","floor":10,"turns":6},{"damage":19,"enemies":"3 Sentries","floor":12,"turns":7},{"damage":28,"enemies":"The Guardian","floor":16,"turns":14},{"damage":0,"enemies":"3 Byrds","floor":18,"turns":1},{"damage":4,"enemies":"Shell Parasite","floor":19,"turns":5},{"damage":27,"enemies":"3 Cultists","floor":20,"turns":7},{"damage":21,"enemies":"Snake Plant","floor":22,"turns":5},{"damage":9,"enemies":"Centurion and Healer","floor":24,"turns":8},{"damage":17,"enemies":"Chosen and Byrds","floor":27,"turns":6},{"damage":6,"enemies":"Snake Plant","floor":28,"turns":5},{"damage":27,"enemies":"3 Cultists","floor":30,"turns":7},{"damage":8,"enemies":"Chosen and Byrds","floor":31,"turns":4}],"seed_played":"3139015558795143061","potions_obtained":[{"floor":7,"key":"Block Potion"},{"floor":10,"key":"Block Potion"},{"floor":16,"key":"SteroidPotion"},{"floor":18,"key":"Strength Potion"},{"floor":19,"key":"Dexterity Potion"},{"floor":22,"key":"AttackPotion"},{"floor":27,"key":"Swift Potion"}],"is_trial":false,"path_per_floor":["M","?","$","M","M","R","M","E","T","M","$","E","R","$","R","B",null,"M","M","M","T","M","R","M","R","T","M","M","?","M","M"],"character_chosen":"IRONCLAD","items_purchased":["Juggernaut","True Grit","Flame Barrier"],"campfire_rested":0,"item_purchase_floors":[3,3,11],"current_hp_per_floor":[74,74,74,80,80,80,50,48,48,49,49,36,36,36,36,39,70,76,78,57,57,42,42,39,39,39,28,28,28,7,0],"gold":299,"neow_bonus":"THREE_RARE_CARDS","is_prod":false,"is_daily":false,"chose_seed":false,"campfire_upgraded":5,"win_rate":0,"timestamp":1554437828,"path_taken":["M","?","$","M","M","R","M","E","T","M","$","E","R","?","R","BOSS","M","M","M","?","M","R","?","R","T","M","M","?","M","?"],"build_version":"2019-01-23","purchased_purges":1,"victory":false,"max_hp_per_floor":[80,80,80,80,80,80,80,80,80,80,80,80,80,80,80,80,80,80,80,80,80,80,80,80,80,80,80,80,80,80,80],"card_choices":[{"not_picked":["Immolate","Limit Break"],"picked":"Impervious","floor":0},{"not_picked":["Clothesline","Feel No Pain"],"picked":"Carnage","floor":1},{"not_picked":["Dropkick","Clash"],"picked":"Battle Trance","floor":4},{"not_picked":["Warcry","Heavy Blade"],"picked":"Entrench","floor":5},{"not_picked":["Cleave","Combust","Clash"],"picked":"SKIP","floor":7},{"not_picked":["Sentinel","Armaments"],"picked":"Battle Trance","floor":8},{"not_picked":["Headbutt","Twin Strike"],"picked":"Juggernaut","floor":10},{"not_picked":["True Grit","Clash"],"picked":"Uppercut","floor":12},{"not_picked":["Berserk","Exhume"],"picked":"Double Tap","floor":16},{"not_picked":["Wild Strike","Twin Strike+1"],"picked":"Heavy Blade","floor":18},{"not_picked":["Evolve","Thunderclap","Wild Strike"],"picked":"SKIP","floor":19},{"not_picked":["Sever Soul","Rage"],"picked":"Juggernaut","floor":20},{"not_picked":["Flex","Second Wind+1"],"picked":"Disarm","floor":22},{"not_picked":["Armaments","Searing Blow+1"],"picked":"Shrug It Off","floor":24},{"not_picked":["Dual Wield","Warcry+1"],"picked":"Pommel Strike+1","floor":27},{"not_picked":["Thunderclap+1","Power Through"],"picked":"Disarm","floor":28},{"not_picked":["Heavy Blade+1","Carnage+1"],"picked":"Metallicize","floor":30}],"player_experience":382787,"relics_obtained":[{"floor":8,"key":"Anchor"},{"floor":9,"key":"Pantograph"},{"floor":12,"key":"Shuriken"},{"floor":21,"key":"Molten Egg 2"},{"floor":26,"key":"Dream Catcher"}],"event_choices":[{"damage_healed":0,"gold_gain":175,"player_choice":"AGREE","damage_taken":0,"max_hp_gain":0,"max_hp_loss":0,"event_name":"Liars Game","floor":2,"gold_loss":0,"cards_obtained":["Doubt"]},{"damage_healed":0,"gold_gain":0,"player_choice":"2 cards matched","damage_taken":0,"max_hp_gain":0,"max_hp_loss":0,"event_name":"Match and Keep!","floor":29,"gold_loss":0,"cards_obtained":["Shrug It Off","Flash of Steel"]}],"is_beta":false,"boss_relics":[{"not_picked":["Black Blood","Busted Crown"],"picked":"Velvet Choker"}],"items_purged_floors":[3],"is_endless":false,"potions_floor_spawned":[7,10,16,18,19,22,27],"killed_by":"Chosen and Byrds","ascension_level":12}