{"gold_per_floor":[115,115,133,144,69,94,94,106,153,153,165,180,213,32,32,136,136,151,26,26,43,43,61,75,75],"floor_reached":25,"playtime":1221,"items_purged":["Strike_R","Strike_R","Strike_R"],"score":215,"play_id":"0066c717-5f93-4eec-870e-17c6780b5e7b","local_time":"20190417174127","is_ascension_mode":false,"campfire_choices":[{"data":"Immolate","floor":7.0,"key":"SMITH"},{"data":"Shrug It Off","floor":10.0,"key":"SMITH"},{"floor":15,"key":"REST"}],"neow_cost":"NONE","seed_source_timestamp":574992716246679,"circlet_count":0,"master_deck":["Strike_R","Strike_R","Defend_R","Defend_R","Defend_R","Bash+1","Shrug It Off+1","Immolate+1","Dropkick","Reaper","True Grit","Ghostly Armor","Sentinel+1"],"special_seed":0,"relics":["Burning Blood"],"potions_floor_usage":[13,16,24],"damage_taken":[{"damage":6.0,"enemies":"Jaw Worm","floor":1.0,"turns":3.0},{"damage":1.0,"enemies":"Cultist","floor":3.0,"turns":3.0},{"damage":11.0,"enemies":"Small Slimes","floor":4.0,"turns":4.0},{"damage":14.0,"enemies":"Gremlin Nob","floor":6.0,"turns":4.0},{"damage":0.0,"enemies":"2 Fungi Beasts","floor":8.0,"turns":2.0},{"damage":5.0,"enemies":"Large Slime","floor":11.0,"turns":3.0},{"damage":11.0,"enemies":"Red Slaver","floor":12.0,"turns":4.0},{"damage":22,"enemies":"Lagavulin","floor":13,"turns":5},{"damage":66,"enemies":"The Guardian","floor":16,"turns":14},{"damage":23,"enemies":"Shell Parasite","floor":18,"turns":7},{"damage":29,"enemies":"Spheric Guardian","floor":21,"turns":5},{"damage":20,"enemies":"Cultist and Chosen","floor":23,"turns":6},{"damage":40,"enemies":"Sentry and Sphere","floor":24,"turns":6},{"damage":11,"enemies":"Snake Plant","floor":25,"turns":1}],"seed_played":"6183966166200711499","potions_obtained":[{"floor":4.0,"key":"Explosive Potion"},{"floor":6.0,"key":"Explosive Potion"},{"floor":11.0,"key":"SkillPotion"},{"floor":12.0,"key":"FearPotion"},{"floor":13,"key":"GamblersBrew"},{"floor":24,"key":"Explosive Potion"}],"is_trial":false,"path_per_floor":["M","?","M","M","$","E","R","M","T","R","M","M","E","$","R","B",null,"M","$","?","M","?","M","M","M"],"character_chosen":"IRONCLAD","items_purchased":["Dropkick"],"campfire_rested":1,"item_purchase_floors":[14],"current_hp_per_floor":[80,80,80,75,75,67,67,73,73,73,74,69,53,53,77,17,80,63,63,63,44,44,38,8,0],"gold":75,"neow_bonus":"REMOVE_CARD","is_prod":false,"is_daily":false,"chose_seed":false,"campfire_upgraded":2,"win_rate":0,"timestamp":1555540887,"path_taken":["M","?","M","M","$","E","R","?","T","R","M","M","E","$","R","BOSS","M","$","?","M","?","M","M","M"],"build_version":"2019-01-23","purchased_purges":3,"victory":false,"max_hp_per_floor":[80,80,80,80,80,80,80,80,80,80,80,80,80,80,80,80,80,80,80,80,80,80,80,80,80],"card_choices":[{"not_picked":["Perfected Strike","Power Through","Armaments"],"picked":"SKIP","floor":1.0},{"not_picked":["Hemokinesis","Iron Wave"],"picked":"Shrug It Off","floor":3.0},{"not_picked":["Power Through","Entrench","Hemokinesis"],"picked":"SKIP","floor":4.0},{"not_picked":["Wild Strike","Clash"],"picked":"Immolate","floor":6.0},{"not_picked":["Perfected Strike","Anger","Thunderclap"],"picked":"SKIP","floor":8.0},{"not_picked":["Flex","Warcry","Clothesline"],"picked":"SKIP","floor":11.0},{"not_picked":["Thunderclap","Twin Strike","Havoc"],"picked":"SKIP","floor":12.0},{"not_picked":["Clash","Power Through","Thunderclap"],"picked":"SKIP","floor":13},{"not_picked":["Bludgeon","Immolate"],"picked":"Reaper","floor":16},{"not_picked":["Perfected Strike","Sword Boomerang"],"picked":"True Grit","floor":18},{"not_picked":["Reckless Charge","Metallicize"],"picked":"Ghostly Armor","floor":21},{"not_picked":["Sword Boomerang+1","Bloodletting","Thunderclap+1"],"picked":"SKIP","floor":23},{"not_picked":["Second Wind","Body Slam"],"picked":"Sentinel+1","floor":24}],"player_experience":470976,"relics_obtained":[],"event_choices":[{"damage_healed":0.0,"max_hp_gain":0.0,"max_hp_loss":0.0,"gold_gain":0.0,"event_name":"Accursed Blacksmith","player_choice":"Forge","floor":2.0,"gold_loss":0.0,"damage_taken":0.0,"cards_upgraded":["Bash"]},{"damage_healed":0,"gold_gain":0,"player_choice":"Ignored","damage_taken":0,"max_hp_gain":0,"max_hp_loss":0,"event_name":"Beggar","floor":22,"gold_loss":0}],"is_beta":false,"boss_relics":[{"not_picked":["Velvet Choker","Coffee Dripper","Runic Pyramid"]}],"items_purged_floors":[5,14,19],"is_endless":false,"potions_floor_spawned":[4,6,11,12,13,24],"killed_by":"Snake Plant","ascension_level":0}