{"gold_per_floor":[16,35,35,54,54,54,66,94,94,109,109,126,157,157,157,235,235,254,264,280,280,61,61,96,96,175,194,194,194,214,214,214,290,290,310,327,40,40],"floor_reached":38,"playtime":1301,"items_purged":["Writhe","Doubt"],"score":695,"play_id":"ce030663-107c-4e21-a53a-6deaa055d8a1","local_time":"20190324200424","is_ascension_mode":true,"campfire_choices":[{"data":"Whirlwind","floor":6,"key":"SMITH"},{"data":"Anger","floor":11,"key":"SMITH"},{"data":"Bash","floor":15,"key":"SMITH"},{"data":"Limit Break","floor":23,"key":"SMITH"},{"floor":25,"key":"REST"},{"floor":29,"key":"REST"},{"data":"Spot Weakness","floor":32,"key":"SMITH"}],"neow_cost":"NO_GOLD","seed_source_timestamp":0,"circlet_count":0,"master_deck":["AscendersBane","Strike_R","Strike_R","Strike_R","Strike_R","Defend_R","Defend_R","Defend_R","Defend_R","Bash+1","Limit Break+1","Anger+1","Whirlwind+1","Clothesline","Flame Barrier","Sword Boomerang","Metallicize","Feed","Spot Weakness+1","Body Slam+1","True Grit","Feed","Rage","Flame Barrier","Reaper","Flame Barrier","Double Tap"],"special_seed":0,"relics":["Black Blood","Paper Frog","Mango","Ginger","Cursed Key","Prayer Wheel","Lantern","Smiling Mask","Darkstone Periapt"],"potions_floor_usage":[7,8,13,30,33,38],"damage_taken":[{"damage":9.0,"enemies":"Jaw Worm","floor":1.0,"turns":5.0},{"damage":5,"enemies":"Cultist","floor":2,"turns":4},{"damage":9,"enemies":"2 Louse","floor":4,"turns":2},{"damage":10,"enemies":"Exordium Thugs","floor":7,"turns":4},{"damage":30,"enemies":"3 Sentries","floor":8,"turns":6},{"damage":0,"enemies":"3 Louse","floor":10,"turns":1},{"damage":0,"enemies":"2 Fungi Beasts","floor":12,"turns":2},{"damage":20,"enemies":"Lagavulin","floor":13,"turns":6},{"damage":52,"enemies":"The Guardian","floor":16,"turns":14},{"damage":0,"enemies":"3 Byrds","floor":18,"turns":3},{"damage":0,"enemies":"Chosen","floor":19,"turns":4},{"damage":38,"enemies":"Sentry and Sphere","floor":20,"turns":6},{"damage":37,"enemies":"Book of Stabbing","floor":24,"turns":5},{"damage":22,"enemies":"Centurion and Healer","floor":27,"turns":8},{"damage":23,"enemies":"Colosseum Slavers","floor":28,"turns":4},{"damage":10,"enemies":"Snecko","floor":30,"turns":4},{"damage":53,"enemies":"Collector","floor":33,"turns":9},{"damage":16,"enemies":"Orb Walker","floor":35,"turns":3},{"damage":34,"enemies":"3 Darklings","floor":36,"turns":9},{"damage":87,"enemies":"Maw","floor":38,"turns":9}],"seed_played":"-6660298333805685358","potions_obtained":[{"floor":3,"key":"Explosive Potion"},{"floor":3,"key":"SkillPotion"},{"floor":7,"key":"BloodPotion"},{"floor":8,"key":"Regen Potion"},{"floor":13,"key":"SpeedPotion"},{"floor":33,"key":"SneckoOil"}],"is_trial":false,"path_per_floor":["M","M","?","M","$","R","M","E","T","M","R","M","E","?","R","B",null,"M","M","M","?","$","R","E","R","T","M","?","R","M","?","R","B",null,"M","M","$","M"],"character_chosen":"IRONCLAD","items_purchased":["Lantern","Double Tap","Regen Potion"],"campfire_rested":2,"item_purchase_floors":[22,37,37],"current_hp_per_floor":[69,70,70,67,67,67,63,47,61,67,67,73,73,73,73,27,77,86,92,60,60,60,60,29,58,58,45,28,58,57,57,57,10,80,74,62,62,0],"gold":40,"neow_bonus":"THREE_RARE_CARDS","is_prod":false,"is_daily":false,"chose_seed":false,"campfire_upgraded":5,"win_rate":0,"timestamp":1553454264,"path_taken":["M","M","?","M","?","R","?","E","T","?","R","M","E","?","R","BOSS","M","M","M","?","$","R","E","R","T","M","?","R","M","?","R","BOSS","M","M","$","M"],"build_version":"2019-01-23","purchased_purges":2,"victory":false,"max_hp_per_floor":[80,80,80,80,80,80,80,80,94,94,94,94,94,94,94,94,94,97,97,97,97,97,97,97,97,97,100,100,100,103,103,103,103,103,103,103,103,103],"card_choices":[{"not_picked":["Double Tap","Dark Embrace"],"picked":"Limit Break","floor":0.0},{"not_picked":["Armaments","Power Through"],"picked":"Anger","floor":1},{"not_picked":["Armaments","Battle Trance"],"picked":"Whirlwind","floor":2},{"not_picked":["Perfected Strike","Wild Strike"],"picked":"Clothesline","floor":4},{"not_picked":["Thunderclap","Perfected Strike","Heavy Blade"],"picked":"SKIP","floor":7},{"not_picked":["Clothesline","Shockwave"],"picked":"Flame Barrier","floor":8},{"not_picked":["Corruption","Pommel Strike"],"picked":"Sword Boomerang","floor":10},{"not_picked":["Fire Breathing","True Grit","Perfected Strike"],"picked":"SKIP","floor":12},{"not_picked":["Twin Strike","Evolve"],"picked":"Metallicize","floor":13},{"not_picked":["Impervious","Bludgeon"],"picked":"Feed","floor":16},{"not_picked":["Body Slam+1","Rampage"],"picked":"Spot Weakness","floor":18},{"not_picked":["Perfected Strike","Spot Weakness"],"picked":"Body Slam+1","floor":19},{"not_picked":["Sentinel","Infernal Blade"],"picked":"True Grit","floor":20},{"not_picked":["Twin Strike","Inflame"],"picked":"Feed","floor":24},{"not_picked":["Anger","Metallicize"],"picked":"Rage","floor":27},{"not_picked":["Body Slam","Whirlwind+1","True Grit"],"picked":"SKIP","floor":27},{"not_picked":["Twin Strike","Clothesline+1"],"picked":"Flame Barrier","floor":30},{"not_picked":["Body Slam","Clash","Evolve"],"picked":"SKIP","floor":30},{"not_picked":["Double Tap","Limit Break"],"picked":"Reaper","floor":33},{"not_picked":["True Grit","Cleave"],"picked":"Flame Barrier","floor":35},{"not_picked":["Sever Soul+1","Iron Wave","Body Slam"],"picked":"SKIP","floor":35},{"not_picked":["Wild Strike","Searing Blow","Metallicize"],"picked":"SKIP","floor":36},{"not_picked":["True Grit","Carnage+1","Seeing Red"],"picked":"SKIP","floor":36}],"player_experience":563530,"relics_obtained":[{"floor":8,"key":"Paper Frog"},{"floor":9,"key":"Mango"},{"floor":13,"key":"Ginger"},{"floor":24,"key":"Smiling Mask"},{"floor":26,"key":"Darkstone Periapt"}],"event_choices":[{"damage_healed":0,"gold_gain":0,"player_choice":"Got Potions","damage_taken":0,"max_hp_gain":0,"max_hp_loss":0,"event_name":"Lab","floor":3,"gold_loss":0},{"cards_removed":["Strike_R"],"damage_healed":0,"gold_gain":0,"player_choice":"Card Removal","damage_taken":0,"max_hp_gain":0,"max_hp_loss":0,"event_name":"Wheel of Change","floor":14,"gold_loss":0},{"damage_healed":0,"gold_gain":0,"player_choice":"Opened","damage_taken":0,"relics_obtained":["Prayer Wheel"],"max_hp_gain":0,"max_hp_loss":0,"event_name":"The Mausoleum","floor":21,"gold_loss":0,"cards_obtained":["Writhe"]},{"damage_healed":0,"gold_gain":0,"player_choice":"Fight","damage_taken":0,"max_hp_gain":0,"max_hp_loss":0,"event_name":"Colosseum","floor":28,"gold_loss":0},{"damage_healed":0,"gold_gain":0,"player_choice":"Fled From Nobs","damage_taken":0,"max_hp_gain":0,"max_hp_loss":0,"event_name":"Colosseum","floor":28,"gold_loss":0},{"damage_healed":0,"gold_gain":0,"player_choice":"Ignored","damage_taken":0,"max_hp_gain":0,"max_hp_loss":0,"event_name":"Ghosts","floor":31,"gold_loss":0}],"is_beta":false,"boss_relics":[{"not_picked":["Fusion Hammer","Coffee Dripper"],"picked":"Cursed Key"},{"not_picked":["Runic Dome","Black Star"],"picked":"Black Blood"}],"items_purged_floors":[22,37],"is_endless":false,"potions_floor_spawned":[7,8,12,13,18,19,33],"killed_by":"Maw","ascension_level":13}