{"gold_per_floor":[112,128,128,142,152,152,1,1,26,26,101,117,117,117,117,212,212,223,238,250,250,270,270,303,283,283,283,283,52,52,67,67,67],"floor_reached":33,"playtime":1702,"items_purged":["Strike_R"],"score":255,"play_id":"258f62b2-40c4-4263-84e2-5a0765722b3f","local_time":"20190210205303","is_ascension_mode":false,"campfire_choices":[{"data":"Pommel Strike","floor":6,"key":"SMITH"},{"data":"Bash","floor":8,"key":"SMITH"},{"data":"Sword Boomerang","floor":10,"key":"SMITH"},{"data":"Infernal Blade","floor":13,"key":"SMITH"},{"data":"Reckless Charge","floor":15,"key":"SMITH"},{"floor":23,"key":"REST"},{"floor":28,"key":"REST"},{"floor":30,"key":"REST"},{"data":"Fire Breathing","floor":32,"key":"SMITH"}],"neow_cost":"NONE","seed_source_timestamp":1056953809938499,"circlet_count":0,"master_deck":["Strike_R","Strike_R","Strike_R","Strike_R","Defend_R","Defend_R","Defend_R","Defend_R","Bash+1","Pommel Strike+1","Reckless Charge","Sword Boomerang+1","Reckless Charge+1","Infernal Blade+1","Barricade","Second Wind","Pommel Strike","Fire Breathing+1","Wild Strike","Sword Boomerang","Shrug It Off","Perfected Strike","Pommel Strike+1","Flex","Bloodletting+1","Disarm","Warcry"],"relics":["Busted Crown","Anchor","Bronze Scales","Orrery","Juzu Bracelet","Question Card","Bag of Preparation"],"potions_floor_usage":[16,20,20,22,31,31],"damage_taken":[{"damage":2,"enemies":"2 Louse","floor":1,"turns":3},{"damage":0,"enemies":"Small Slimes","floor":2,"turns":2},{"damage":1,"enemies":"Cultist","floor":4,"turns":3},{"damage":7,"enemies":"Blue Slaver","floor":5,"turns":3},{"damage":0,"enemies":"Lots of Slimes","floor":12,"turns":3},{"damage":18,"enemies":"Slime Boss","floor":16,"turns":6},{"damage":0,"enemies":"Chosen","floor":18,"turns":3},{"damage":18,"enemies":"3 Byrds","floor":19,"turns":3},{"damage":22,"enemies":"Cultist and Chosen","floor":20,"turns":6},{"damage":5,"enemies":"Centurion and Healer","floor":22,"turns":5},{"damage":46,"enemies":"Gremlin Leader","floor":24,"turns":7},{"damage":16,"enemies":"Snake Plant","floor":31,"turns":3},{"damage":55,"enemies":"Champ","floor":33,"turns":10}],"seed_played":"5906885053728792718","potions_obtained":[{"floor":4,"key":"Swift Potion"},{"floor":12,"key":"FearPotion"},{"floor":16,"key":"Energy Potion"},{"floor":19,"key":"Block Potion"},{"floor":22,"key":"AttackPotion"},{"floor":25,"key":"Regen Potion"}],"is_trial":false,"path_per_floor":["M","M","?","M","M","R","$","R","T","R","?","M","R","?","R","B",null,"M","M","M","?","M","R","E","?","T","?","R","$","R","M","R","B"],"character_chosen":"IRONCLAD","items_purchased":["Anchor","Bag of Preparation"],"campfire_rested":3,"item_purchase_floors":[7,29],"current_hp_per_floor":[78,78,78,77,70,70,70,70,70,70,59,59,59,59,59,41,80,80,62,40,40,35,59,13,13,13,13,37,37,61,54,54,0],"gold":67,"neow_bonus":"BOSS_RELIC","is_prod":false,"is_daily":false,"chose_seed":false,"campfire_upgraded":6,"win_rate":0.0,"timestamp":1549828383,"path_taken":["M","M","?","M","M","R","$","R","T","R","?","M","R","?","R","BOSS","M","M","M","?","M","R","E","?","T","?","R","$","R","M","R","BOSS"],"build_version":"2019-01-23","purchased_purges":1,"victory":false,"max_hp_per_floor":[80,80,80,80,80,80,80,80,80,80,80,80,80,80,80,80,80,80,80,80,80,80,80,80,80,80,80,80,80,80,80,80,80],"card_choices":[{"not_picked":[],"picked":"Pommel Strike","floor":1},{"not_picked":[],"picked":"Reckless Charge","floor":2},{"not_picked":[],"picked":"Sword Boomerang","floor":4},{"not_picked":[],"picked":"Reckless Charge","floor":5},{"not_picked":[],"picked":"Infernal Blade","floor":12},{"not_picked":[],"picked":"Barricade","floor":16},{"not_picked":[],"picked":"Second Wind","floor":17},{"not_picked":[],"picked":"Pommel Strike","floor":17},{"not_picked":[],"picked":"Fire Breathing","floor":17},{"not_picked":[],"picked":"Wild Strike","floor":17},{"not_picked":[],"picked":"Sword Boomerang","floor":17},{"not_picked":[],"picked":"Shrug It Off","floor":18},{"not_picked":[],"picked":"Perfected Strike","floor":19},{"not_picked":[],"picked":"Pommel Strike+1","floor":20},{"not_picked":[],"picked":"Flex","floor":22},{"not_picked":[],"picked":"Bloodletting+1","floor":24},{"not_picked":["Clash"],"picked":"Warcry","floor":31}],"player_experience":27150,"relics_obtained":[{"floor":9,"key":"Bronze Scales"},{"floor":24,"key":"Juzu Bracelet"},{"floor":26,"key":"Question Card"}],"event_choices":[{"damage_healed":0,"gold_gain":0,"player_choice":"Ignored","damage_taken":0,"max_hp_gain":0,"max_hp_loss":0,"event_name":"Liars Game","floor":3,"gold_loss":0},{"damage_healed":0,"gold_gain":75,"player_choice":"Gather Gold","damage_taken":11,"max_hp_gain":0,"max_hp_loss":0,"event_name":"World of Goop","floor":11,"gold_loss":0},{"damage_healed":0,"gold_gain":0,"player_choice":"Ignored","damage_taken":0,"max_hp_gain":0,"max_hp_loss":0,"event_name":"NoteForYourself","floor":14,"gold_loss":0},{"damage_healed":0,"gold_gain":0,"player_choice":"Ignored","damage_taken":0,"max_hp_gain":0,"max_hp_loss":0,"event_name":"Ghosts","floor":21,"gold_loss":0},{"damage_healed":0,"gold_gain":0,"player_choice":"Bought 1 Potion","damage_taken":0,"max_hp_gain":0,"max_hp_loss":0,"event_name":"The Woman in Blue","floor":25,"gold_loss":0},{"damage_healed":0,"gold_gain":0,"player_choice":"Read","damage_taken":0,"max_hp_gain":0,"max_hp_loss":0,"event_name":"The Library","floor":27,"gold_loss":0,"cards_obtained":["Disarm"]}],"is_beta":false,"boss_relics":[{"not_picked":["Coffee Dripper","Runic Dome"],"picked":"Orrery"}],"items_purged_floors":[29],"is_endless":false,"potions_floor_spawned":[4,12,16,19,22],"killed_by":"Champ","ascension_level":0}