{"gold_per_floor":[219,237,237,237,254,254,274,48,48,48,48,48,48,62,62,163,163,180,180,197,197,207,220,246,246,246,246,260,260,274,303,303,408,408,424,444,123,123,123,153,153,17,43,120,135,135,135,151,151,151],"floor_reached":51,"playtime":1878,"items_purged":["Strike_B","Strike_B"],"score":705,"play_id":"4c087e82-030d-4084-8da8-dc0686dff38b","local_time":"20190410134216","is_ascension_mode":false,"campfire_choices":[{"data":"Go for the Eyes","floor":6,"key":"SMITH"},{"data":"Defragment","floor":10,"key":"SMITH"},{"data":"Hologram","floor":12,"key":"SMITH"},{"data":"Dualcast","floor":15,"key":"SMITH"},{"data":"Tempest","floor":25,"key":"SMITH"},{"floor":27,"key":"REST"},{"floor":32,"key":"REST"},{"floor":41,"key":"REST"},{"data":"1","floor":46,"key":"LIFT"},{"data":"2","floor":49,"key":"LIFT"}],"neow_cost":"NONE","seed_source_timestamp":6962127438635,"circlet_count":0,"master_deck":["Strike_B+1","Defend_B+1","Defend_B","Defend_B","Zap+1","Dualcast+1","Go for the Eyes+1","Leap","Hologram+1","Defragment+1","All For One","Gash","Electrodynamics","Redo+1","Decay","Tempest+1","Skim","Rebound","Ball Lightning+1","Leap+1","Hello World","Beam Cell","Fission+1","Creative AI","Gash+1","Gash","Dark Shackles+1","Metamorphosis+1","Panache","Leap+1","Defragment","Go for the Eyes+1","Writhe","Beam Cell+1"],"relics":["Cracked Core","Pocketwatch","Gremlin Horn","Du-Vu Doll","Philosopher\u0027s Stone","Toxic Egg 2","Regal Pillow","Nilry\u0027s Codex","Girya","Sozu","Membership Card","Blood Vial","Strawberry","Strange Spoon","Vajra","Frozen Egg 2"],"potions_floor_usage":[20,22,24,24,28,31,33],"damage_taken":[{"damage":5,"enemies":"Small Slimes","floor":1,"turns":4},{"damage":0,"enemies":"2 Louse","floor":2,"turns":3},{"damage":0,"enemies":"Jaw Worm","floor":5,"turns":3},{"damage":0,"enemies":"2 Fungi Beasts","floor":7,"turns":3},{"damage":1,"enemies":"Exordium Wildlife","floor":14,"turns":4},{"damage":16,"enemies":"Hexaghost","floor":16,"turns":10},{"damage":6,"enemies":"Shell Parasite","floor":18,"turns":6},{"damage":22,"enemies":"2 Thieves","floor":20,"turns":3},{"damage":0,"enemies":"Cultist and Chosen","floor":22,"turns":3},{"damage":21,"enemies":"Chosen and Byrds","floor":23,"turns":5},{"damage":46,"enemies":"Slavers","floor":24,"turns":4},{"damage":4,"enemies":"Snake Plant","floor":28,"turns":3},{"damage":16,"enemies":"Centurion and Healer","floor":30,"turns":4},{"damage":21,"enemies":"Book of Stabbing","floor":31,"turns":5},{"damage":16,"enemies":"Champ","floor":33,"turns":12},{"damage":0,"enemies":"3 Shapes","floor":35,"turns":2},{"damage":29,"enemies":"3 Darklings","floor":36,"turns":4},{"damage":23,"enemies":"Nemesis","floor":40,"turns":5},{"damage":8,"enemies":"Sphere and 2 Shapes","floor":45,"turns":3},{"damage":22,"enemies":"Maw","floor":48,"turns":7},{"damage":65,"enemies":"Time Eater","floor":50,"turns":11}],"seed_played":"-7295294218571336308","potions_obtained":[{"floor":2,"key":"Strength Potion"},{"floor":14,"key":"FearPotion"},{"floor":16,"key":"Energy Potion"},{"floor":20,"key":"Regen Potion"},{"floor":22,"key":"GamblersBrew"},{"floor":28,"key":"FocusPotion"},{"floor":30,"key":"Fruit Juice"}],"is_trial":false,"path_per_floor":["M","M","?","?","M","R","M","$","T","R","T","R","?","M","R","B",null,"M","?","M","?","M","M","E","R","T","R","M","?","M","E","R","B",null,"M","M","$","?","?","E","R","$","T","T","M","R","?","M","R","B",null],"character_chosen":"DEFECT","items_purchased":["Defragment","All For One","Membership Card","Blood Vial","Strange Spoon","Defragment"],"campfire_rested":3,"item_purchase_floors":[8,8,37,37,42,42],"current_hp_per_floor":[70,70,67,67,67,67,74,74,74,74,74,74,59,65,65,56,75,75,75,60,60,67,53,16,16,16,53,56,40,31,15,54,45,80,80,58,58,48,48,34,75,75,75,75,69,69,87,65,65,2],"gold":151,"neow_bonus":"HUNDRED_GOLD","is_prod":false,"is_daily":false,"chose_seed":false,"campfire_upgraded":5,"win_rate":0,"timestamp":1554925336,"path_taken":["M","M","?","?","M","R","M","$","T","R","?","R","?","M","R","BOSS","M","?","M","?","M","M","E","R","T","R","M","?","M","E","R","BOSS","M","M","$","?","?","E","R","$","T","?","?","R","?","M","R","BOSS"],"build_version":"2019-01-23","purchased_purges":2,"victory":true,"max_hp_per_floor":[75,75,75,75,75,75,75,75,75,75,75,75,75,75,75,75,75,75,75,75,75,75,75,75,75,75,75,75,75,75,80,80,80,80,80,80,80,80,80,87,87,87,87,87,87,87,87,87,87,87],"card_choices":[{"not_picked":["Compile Driver","Gash"],"picked":"Go for the Eyes","floor":1},{"not_picked":["Blizzard","Static Discharge"],"picked":"Leap","floor":2},{"not_picked":["Auto Shields","Aggregate"],"picked":"Self Repair","floor":5},{"not_picked":["BootSequence","Leap"],"picked":"Hologram","floor":7},{"not_picked":["Chill","Redo"],"picked":"Gash","floor":14},{"not_picked":["Reboot","Hyperbeam"],"picked":"Electrodynamics","floor":16},{"not_picked":["Coolheaded","Static Discharge"],"picked":"Redo+1","floor":18},{"not_picked":["Recycle","Doom and Gloom"],"picked":"Tempest","floor":20},{"not_picked":["Recycle","Auto Shields"],"picked":"Ball Lightning+1","floor":22},{"not_picked":["Leap","Coolheaded","Rip and Tear"],"picked":"SKIP","floor":23},{"not_picked":["Streamline","Hologram"],"picked":"Leap+1","floor":24},{"not_picked":["Double Energy+1","Gash+1"],"picked":"Hello World","floor":28},{"not_picked":["Skim+1","Lockon"],"picked":"Beam Cell","floor":30},{"not_picked":["Tempest+1","Double Energy+1"],"picked":"Fission+1","floor":31},{"not_picked":["Electrodynamics","Biased Cognition"],"picked":"Creative AI","floor":33},{"not_picked":["Rebound+1","Beam Cell+1"],"picked":"Gash+1","floor":35},{"not_picked":["Compile Driver","Conserve Battery+1"],"picked":"Gash","floor":36},{"not_picked":["HandOfGreed","Sadistic Nature"],"picked":"Dark Shackles+1","floor":38},{"not_picked":["Forethought+1","Secret Weapon+1"],"picked":"Metamorphosis+1","floor":38},{"not_picked":["Dark Shackles+1","Deep Breath+1"],"picked":"Panache","floor":38},{"not_picked":["Machine Learning","Barrage+1"],"picked":"Leap+1","floor":40},{"not_picked":["Ball Lightning+1","Gash+1"],"picked":"Go for the Eyes+1","floor":45},{"not_picked":["Redo+1","Rebound+1"],"picked":"Beam Cell+1","floor":48}],"player_experience":1169472,"relics_obtained":[{"floor":9,"key":"Gremlin Horn"},{"floor":11,"key":"Du-Vu Doll"},{"floor":24,"key":"Toxic Egg 2"},{"floor":26,"key":"Regal Pillow"},{"floor":29,"key":"Nilry\u0027s Codex"},{"floor":31,"key":"Girya"},{"floor":40,"key":"Strawberry"},{"floor":43,"key":"Vajra"},{"floor":44,"key":"Frozen Egg 2"}],"event_choices":[{"damage_healed":0,"gold_gain":0,"player_choice":"Success","damage_taken":3,"relics_obtained":["Pocketwatch"],"max_hp_gain":0,"max_hp_loss":0,"event_name":"Scrap Ooze","floor":3,"gold_loss":0},{"damage_healed":0,"gold_gain":0,"player_choice":"Grow","damage_taken":0,"max_hp_gain":0,"max_hp_loss":0,"event_name":"Living Wall","floor":4,"gold_loss":0,"cards_upgraded":["Zap"]},{"damage_healed":0,"gold_gain":0,"player_choice":"Entered Light","damage_taken":15,"max_hp_gain":0,"max_hp_loss":0,"event_name":"Shining Light","floor":13,"gold_loss":0,"cards_upgraded":["Strike_B","Defend_B"]},{"damage_healed":0,"gold_gain":0,"player_choice":"Smashed Altar","damage_taken":0,"max_hp_gain":0,"max_hp_loss":0,"event_name":"Forgotten Altar","floor":19,"gold_loss":0,"cards_obtained":["Decay"]},{"damage_healed":0,"gold_gain":0,"cards_transformed":["Strike_B","Defend_B"],"player_choice":"Became Test Subject","damage_taken":0,"max_hp_gain":0,"max_hp_loss":0,"event_name":"Drug Dealer","floor":21,"gold_loss":0,"cards_obtained":["Skim","Rebound"]},{"damage_healed":0,"gold_gain":0,"player_choice":"Obtained Book","damage_taken":16,"max_hp_gain":0,"max_hp_loss":0,"event_name":"Cursed Tome","floor":29,"gold_loss":0},{"damage_healed":0,"gold_gain":0,"player_choice":"Memory 3","damage_taken":10,"max_hp_gain":0,"max_hp_loss":0,"event_name":"SensoryStone","floor":38,"gold_loss":0},{"cards_removed":["Self Repair"],"damage_healed":0,"gold_gain":0,"player_choice":"Removed Power","damage_taken":0,"max_hp_gain":0,"max_hp_loss":0,"event_name":"Falling","floor":39,"gold_loss":0},{"damage_healed":22,"gold_gain":0,"player_choice":"Writhe","damage_taken":0,"max_hp_gain":0,"max_hp_loss":0,"event_name":"Winding Halls","floor":47,"gold_loss":0,"cards_obtained":["Writhe"]}],"is_beta":false,"boss_relics":[{"not_picked":["FrozenCore","Snecko Eye"],"picked":"Philosopher\u0027s Stone"},{"not_picked":["Busted Crown","Eternal Feather"],"picked":"Sozu"}],"items_purged_floors":[8,37],"is_endless":false,"potions_floor_spawned":[2,14,16,20,22,28,30,35,40,48],"ascension_level":0}