{"gold_per_floor":[109,119,134,144,160,160,188,188,214,289,289,321,321,338,338,434,434,450,468,468,485,500,500,518,518,518,534,17,27,27,47,47,142,142,160,160,17,28,28,28,4,23,47,47,147,147,147,112,112,112],"floor_reached":50,"playtime":1911,"items_purged":["Strike_R"],"score":454,"play_id":"7995f85f-b98a-4936-af0a-3e5578bea6ac","local_time":"20190406235037","is_ascension_mode":false,"campfire_choices":[{"data":"Flex","floor":6,"key":"SMITH"},{"floor":8,"key":"REST"},{"data":"Pommel Strike","floor":13,"key":"SMITH"},{"data":"Shrug It Off","floor":15,"key":"SMITH"},{"data":"Bash","floor":23,"key":"SMITH"},{"data":"Flex","floor":25,"key":"SMITH"},{"data":"Secret Weapon","floor":30,"key":"SMITH"},{"data":"Blood for Blood","floor":32,"key":"SMITH"},{"data":"Exhume","floor":40,"key":"SMITH"},{"data":"Armaments","floor":44,"key":"SMITH"},{"data":"Flex","floor":46,"key":"SMITH"},{"floor":49,"key":"RECALL"}],"neow_cost":"NONE","seed_source_timestamp":27780671303572,"circlet_count":0,"master_deck":["Strike_R","Strike_R","Strike_R","Defend_R","Defend_R","Defend_R","Bash+1","Blood for Blood+1","Flex+1","Cleave","Whirlwind","Flex+1","Sword Boomerang","Flex+1","Pommel Strike+1","Shrug It Off+1","Offering","Iron Wave","True Grit+1","Sword Boomerang","Battle Trance","Secret Weapon+1","Shrug It Off+1","Exhume+1","Hemokinesis","True Grit+1","Armaments+1","Twin Strike","Flame Barrier"],"relics":["Burning Blood","Dream Catcher","Regal Pillow","Potion Belt","Busted Crown","ClockworkSouvenir","Orrery","Lantern","Art of War","Champion Belt"],"potions_floor_usage":[16,21,27,33,33,50,50],"damage_taken":[{"damage":10,"enemies":"Jaw Worm","floor":1,"turns":5},{"damage":12,"enemies":"Small Slimes","floor":2,"turns":5},{"damage":1,"enemies":"Cultist","floor":3,"turns":3},{"damage":13,"enemies":"2 Fungi Beasts","floor":4,"turns":3},{"damage":15,"enemies":"Looter","floor":5,"turns":3},{"damage":36,"enemies":"Gremlin Nob","floor":7,"turns":5},{"damage":27,"enemies":"3 Sentries","floor":12,"turns":6},{"damage":11,"enemies":"Red Slaver","floor":14,"turns":3},{"damage":51,"enemies":"The Guardian","floor":16,"turns":11},{"damage":6,"enemies":"Chosen","floor":18,"turns":3},{"damage":16,"enemies":"Spheric Guardian","floor":19,"turns":3},{"damage":4,"enemies":"Centurion and Healer","floor":21,"turns":6},{"damage":6,"enemies":"Sentry and Sphere","floor":22,"turns":3},{"damage":11,"enemies":"Snake Plant","floor":24,"turns":2},{"damage":13,"enemies":"Centurion and Healer","floor":27,"turns":4},{"damage":6,"enemies":"Shelled Parasite and Fungi","floor":29,"turns":3},{"damage":16,"enemies":"Snecko","floor":31,"turns":3},{"damage":24,"enemies":"Collector","floor":33,"turns":4},{"damage":17,"enemies":"3 Darklings","floor":35,"turns":3},{"damage":6,"enemies":"Orb Walker","floor":38,"turns":2},{"damage":15,"enemies":"Transient","floor":42,"turns":5},{"damage":0,"enemies":"Mind Bloom Boss Battle","floor":45,"turns":3},{"damage":71,"enemies":"Awakened One","floor":50,"turns":18}],"seed_played":"5856098371295588879","potions_obtained":[{"floor":2,"key":"LiquidBronze"},{"floor":3,"key":"Swift Potion"},{"floor":14,"key":"Regen Potion"},{"floor":16,"key":"SpeedPotion"},{"floor":18,"key":"Block Potion"},{"floor":19,"key":"Regen Potion"},{"floor":24,"key":"Poison Potion"},{"floor":29,"key":"Energy Potion"},{"floor":38,"key":"Fire Potion"},{"floor":45,"key":"Weak Potion"}],"is_trial":false,"path_per_floor":["M","M","M","M","M","R","E","R","T","?","?","E","R","M","R","B",null,"M","M","?","M","M","R","M","R","T","M","$","M","R","M","R","B",null,"M","?","$","M","$","R","$","M","T","R","?","R","?","$","R","B"],"character_chosen":"IRONCLAD","items_purchased":["ClockworkSouvenir","Battle Trance","Secret Weapon","Lantern","Armaments","Flame Barrier"],"campfire_rested":1,"item_purchase_floors":[28,28,28,37,41,48],"current_hp_per_floor":[76,70,75,68,59,59,29,53,53,42,80,59,59,54,54,9,80,80,70,70,80,80,80,75,75,75,68,68,68,68,58,58,52,80,69,69,69,69,69,69,69,60,60,60,66,66,66,66,66,0],"gold":112,"neow_bonus":"REMOVE_CARD","is_prod":false,"is_daily":false,"chose_seed":false,"campfire_upgraded":10,"win_rate":0,"timestamp":1554565837,"path_taken":["M","M","M","M","M","R","E","R","T","?","?","E","R","M","R","BOSS","M","?","?","M","M","R","M","R","T","M","$","M","R","M","R","BOSS","M","?","$","?","$","R","?","M","T","R","?","R","?","?","R","BOSS"],"build_version":"2019-01-23","purchased_purges":1,"victory":false,"max_hp_per_floor":[80,80,80,80,80,80,80,80,80,80,80,80,80,80,80,80,80,80,80,80,80,80,80,80,80,80,80,80,80,80,80,80,80,80,80,80,80,80,80,80,80,80,80,80,80,80,80,80,80,80],"card_choices":[{"not_picked":["Warcry","Havoc"],"picked":"Blood for Blood","floor":1},{"not_picked":["Iron Wave","Havoc"],"picked":"Flex","floor":2},{"not_picked":["Clothesline","Second Wind"],"picked":"Cleave","floor":3},{"not_picked":["Fire Breathing","Clothesline"],"picked":"Whirlwind","floor":4},{"not_picked":["Second Wind","True Grit"],"picked":"Flex","floor":5},{"not_picked":["Clothesline","Rage"],"picked":"Sword Boomerang","floor":7},{"not_picked":["Clothesline","Clash"],"picked":"Flex","floor":8},{"not_picked":["Carnage","Uppercut"],"picked":"Pommel Strike","floor":12},{"not_picked":["Hemokinesis","Anger"],"picked":"Shrug It Off","floor":14},{"not_picked":["Berserk","Immolate"],"picked":"Offering","floor":16},{"not_picked":[],"picked":"Iron Wave","floor":18},{"not_picked":[],"picked":"True Grit+1","floor":19},{"not_picked":["Armaments"],"picked":"SKIP","floor":21},{"not_picked":["Body Slam"],"picked":"SKIP","floor":22},{"not_picked":["Fire Breathing"],"picked":"SKIP","floor":24},{"not_picked":[],"picked":"Sword Boomerang","floor":27},{"not_picked":[],"picked":"Shrug It Off+1","floor":29},{"not_picked":["Warcry"],"picked":"SKIP","floor":31},{"not_picked":[],"picked":"Exhume","floor":33},{"not_picked":[],"picked":"Hemokinesis","floor":34},{"not_picked":["Fire Breathing+1"],"picked":"SKIP","floor":35},{"not_picked":[],"picked":"True Grit+1","floor":38},{"not_picked":[],"picked":"Twin Strike","floor":42}],"player_experience":925278,"relics_obtained":[{"floor":7,"key":"Dream Catcher"},{"floor":9,"key":"Regal Pillow"},{"floor":12,"key":"Potion Belt"},{"floor":43,"key":"Art of War"},{"floor":45,"key":"Champion Belt"}],"event_choices":[{"damage_healed":0,"gold_gain":75,"player_choice":"Gather Gold","damage_taken":11,"max_hp_gain":0,"max_hp_loss":0,"event_name":"World of Goop","floor":10,"gold_loss":0},{"damage_healed":38,"gold_gain":0,"player_choice":"Full Heal","damage_taken":0,"max_hp_gain":0,"max_hp_loss":0,"event_name":"Wheel of Change","floor":11,"gold_loss":0},{"damage_healed":0,"gold_gain":0,"player_choice":"Ignored","damage_taken":0,"max_hp_gain":0,"max_hp_loss":0,"event_name":"Ghosts","floor":20,"gold_loss":0},{"cards_removed":["Strike_R"],"damage_healed":0,"gold_gain":0,"player_choice":"Purged","damage_taken":0,"max_hp_gain":0,"max_hp_loss":0,"event_name":"Purifier","floor":36,"gold_loss":0},{"damage_healed":0,"gold_gain":0,"player_choice":"Fight","damage_taken":0,"max_hp_gain":0,"max_hp_loss":0,"event_name":"MindBloom","floor":45,"gold_loss":0},{"damage_healed":0,"gold_gain":0,"player_choice":"Ignored","damage_taken":0,"max_hp_gain":0,"max_hp_loss":0,"event_name":"Tomb of Lord Red Mask","floor":47,"gold_loss":0}],"is_beta":false,"boss_relics":[{"not_picked":["Runic Dome","Runic Pyramid"],"picked":"Busted Crown"},{"not_picked":["Calling Bell","Velvet Choker"],"picked":"Orrery"}],"items_purged_floors":[28],"is_endless":false,"potions_floor_spawned":[2,3,14,16,18,19,24,29,38,45],"killed_by":"Awakened One","ascension_level":0}