{"gold_per_floor":[115,129,146,164,164,164,178,197,197,197,213,228,228,228,228,323,323,341,353,353,353,278,278,312,312,337,337],"floor_reached":27,"playtime":536,"items_purged":["Strike_R"],"score":330,"play_id":"88b13c7e-f64c-4911-b9f6-f5ba562ac53a","local_time":"20190418110349","is_ascension_mode":false,"campfire_choices":[{"data":"Bash","floor":6.0,"key":"SMITH"},{"data":"Perfected Strike","floor":10.0,"key":"SMITH"},{"floor":15.0,"key":"REST"},{"data":"Demon Form","floor":23.0,"key":"SMITH"},{"floor":25.0,"key":"REST"}],"neow_cost":"NONE","seed_source_timestamp":579465333865100,"circlet_count":0,"master_deck":["Strike_R","Strike_R","Strike_R","Strike_R","Defend_R","Defend_R","Defend_R","Bash+1","Cleave","Feed","Perfected Strike+1","Offering+1","Rampage+1","Demon Form+1","Headbutt"],"special_seed":0,"relics":["Mark of Pain","Red Mask"],"potions_floor_usage":[],"damage_taken":[{"damage":0.0,"enemies":"Small Slimes","floor":1.0,"turns":3.0},{"damage":0.0,"enemies":"2 Louse","floor":2.0,"turns":2.0},{"damage":1.0,"enemies":"Cultist","floor":3.0,"turns":3.0},{"damage":0.0,"enemies":"Large Slime","floor":4.0,"turns":4.0},{"damage":9.0,"enemies":"3 Louse","floor":7.0,"turns":3.0},{"damage":11.0,"enemies":"Red Slaver","floor":8.0,"turns":4.0},{"damage":0.0,"enemies":"2 Fungi Beasts","floor":11.0,"turns":2.0},{"damage":7.0,"enemies":"3 Louse","floor":12.0,"turns":2.0},{"damage":19.0,"enemies":"Slime Boss","floor":16.0,"turns":8.0},{"damage":11.0,"enemies":"Chosen","floor":18.0,"turns":3.0},{"damage":16.0,"enemies":"2 Thieves","floor":19.0,"turns":3.0},{"damage":23.0,"enemies":"Masked Bandits","floor":24.0,"turns":3.0}],"seed_played":"7188093005513556584","potions_obtained":[{"floor":2.0,"key":"Fire Potion"},{"floor":4.0,"key":"AttackPotion"},{"floor":11.0,"key":"SkillPotion"},{"floor":16.0,"key":"PowerPotion"},{"floor":24.0,"key":"Fruit Juice"}],"is_trial":false,"path_per_floor":["M","M","M","M","?","R","M","M","T","R","M","M","?","?","R","B",null,"M","M","?","?","$","R","?","R","T","R"],"character_chosen":"IRONCLAD","items_purchased":[],"campfire_rested":2,"item_purchase_floors":[],"current_hp_per_floor":[80,80,79,79,72,72,66,55,55,55,58,54,36,36,62,46,92,81,68,68,49,49,49,34,66,66,66],"gold":337,"neow_bonus":"BOSS_RELIC","is_prod":false,"is_daily":false,"chose_seed":false,"campfire_upgraded":3,"win_rate":0,"timestamp":1555578229,"path_taken":["M","M","M","M","?","R","M","M","T","R","M","M","?","?","R","BOSS","M","?","?","?","$","R","?","R","T","R"],"build_version":"2019-01-23","purchased_purges":1,"victory":false,"max_hp_per_floor":[80,80,80,80,80,80,83,83,83,83,86,89,89,89,89,92,92,92,95,95,100,100,100,108,108,108,108],"card_choices":[{"not_picked":["Headbutt","Intimidate","Flex"],"picked":"SKIP","floor":1.0},{"not_picked":["Twin Strike","True Grit"],"picked":"Cleave","floor":2.0},{"not_picked":["Shrug It Off","Cleave"],"picked":"Feed","floor":3.0},{"not_picked":["Heavy Blade","Headbutt"],"picked":"Perfected Strike","floor":4.0},{"not_picked":["Warcry","Cleave"],"picked":"Offering","floor":7.0},{"not_picked":["Pummel","Twin Strike","Infernal Blade"],"picked":"SKIP","floor":8.0},{"not_picked":["Rupture","Armaments"],"picked":"Rampage","floor":11.0},{"not_picked":["Bloodletting","Sever Soul","Armaments"],"picked":"SKIP","floor":12.0},{"not_picked":["Exhume","Immolate"],"picked":"Demon Form","floor":16.0},{"not_picked":["Spot Weakness+1","Flex"],"picked":"Headbutt","floor":18.0},{"not_picked":["Intimidate","Anger","Wild Strike+1"],"picked":"SKIP","floor":19.0}],"player_experience":598336,"relics_obtained":[{"floor":24.0,"key":"Red Mask"}],"event_choices":[{"cards_removed":["Defend_R"],"damage_healed":0.0,"max_hp_gain":0.0,"max_hp_loss":0.0,"gold_gain":0.0,"event_name":"Golden Wing","player_choice":"Card Removal","floor":5.0,"gold_loss":0.0,"damage_taken":7.0},{"damage_healed":0.0,"max_hp_gain":0.0,"max_hp_loss":0.0,"gold_gain":0.0,"event_name":"Shining Light","player_choice":"Entered Light","floor":13.0,"gold_loss":0.0,"damage_taken":18.0,"cards_upgraded":["Offering","Rampage"]},{"damage_healed":0.0,"max_hp_gain":0.0,"max_hp_loss":0.0,"gold_gain":0.0,"event_name":"NoteForYourself","player_choice":"Ignored","floor":14.0,"gold_loss":0.0,"damage_taken":0.0},{"damage_healed":0.0,"max_hp_gain":0.0,"max_hp_loss":0.0,"gold_gain":0.0,"event_name":"Ghosts","player_choice":"Ignored","floor":20.0,"gold_loss":0.0,"damage_taken":0.0},{"damage_healed":0.0,"max_hp_gain":5.0,"max_hp_loss":0.0,"gold_gain":0.0,"event_name":"Forgotten Altar","player_choice":"Shed Blood","floor":21.0,"gold_loss":0.0,"damage_taken":24.0},{"damage_healed":0.0,"max_hp_gain":0.0,"max_hp_loss":0.0,"gold_gain":0.0,"event_name":"Masked Bandits","player_choice":"Fought Bandits","floor":24.0,"gold_loss":0.0,"damage_taken":0.0}],"is_beta":false,"boss_relics":[{"not_picked":["White Beast Statue","Black Star","Runic Pyramid"]}],"items_purged_floors":[22],"is_endless":false,"potions_floor_spawned":[2,4,11,16,19,24],"ascension_level":0}