{"gold_per_floor":[115,5,5,18,34,34,17,34,61,74,74,88,101,71,71,167,167,187,187,170,170,181,181,200,200,200,213,86,86,86,105,105,201,201,221,51,68,68,68,68,86,86,154,173,173,192,219,235,235,235],"floor_reached":50,"playtime":2881,"items_purged":["Strike_B"],"score":465,"play_id":"0bccebd5-fd4a-48bd-8e54-1c0778bd5081","local_time":"20190418010905","is_ascension_mode":false,"campfire_choices":[{"data":"Sunder","floor":6,"key":"SMITH"},{"data":"Defragment","floor":11,"key":"SMITH"},{"data":"Beam Cell","floor":15,"key":"SMITH"},{"data":"Fusion","floor":23,"key":"SMITH"},{"data":"Defragment","floor":25,"key":"SMITH"},{"data":"Zap","floor":30,"key":"SMITH"},{"data":"Redo","floor":32,"key":"SMITH"},{"data":"Thinking Ahead","floor":40,"key":"SMITH"},{"data":"Dualcast","floor":42,"key":"SMITH"},{"data":"Rebound","floor":49,"key":"SMITH"}],"neow_cost":"NONE","seed_source_timestamp":402552977399608,"circlet_count":0,"master_deck":["Strike_B","Strike_B","Defend_B","Defend_B","Defend_B","Defend_B","Zap+1","Dualcast+1","Fusion+1","Gash","Defragment+1","Sunder+1","Turbo","Conserve Battery","Self Repair","Beam Cell+1","Coolheaded","Glacier","Gash","Machine Learning","Cold Snap","Gash+1","Defragment+1","Coolheaded+1","Redo+1","Seek","Thinking Ahead+1","Rebound+1","BootSequence+1","Gash","Parasite","Stack+1","Reinforced Body+1"],"relics":["Cracked Core"],"potions_floor_usage":[8,16,20,24,27,33,50],"damage_taken":[{"damage":8,"enemies":"2 Louse","floor":1,"turns":2},{"damage":0,"enemies":"Cultist","floor":4,"turns":3},{"damage":3,"enemies":"Jaw Worm","floor":5,"turns":4},{"damage":5,"enemies":"Exordium Thugs","floor":7,"turns":4},{"damage":11,"enemies":"Lots of Slimes","floor":8,"turns":8},{"damage":10,"enemies":"Looter","floor":10,"turns":2},{"damage":2,"enemies":"2 Fungi Beasts","floor":12,"turns":3},{"damage":1,"enemies":"Large Slime","floor":13,"turns":5},{"damage":0,"enemies":"Looter","floor":14,"turns":4},{"damage":20,"enemies":"Hexaghost","floor":16,"turns":9},{"damage":10,"enemies":"Shell Parasite","floor":18,"turns":6},{"damage":11,"enemies":"2 Thieves","floor":20,"turns":4},{"damage":13,"enemies":"Centurion and Healer","floor":22,"turns":7},{"damage":1,"enemies":"Cultist and Chosen","floor":24,"turns":6},{"damage":4,"enemies":"Snecko","floor":27,"turns":7},{"damage":7,"enemies":"Colosseum Slavers","floor":29,"turns":6},{"damage":0,"enemies":"Snake Plant","floor":31,"turns":7},{"damage":26,"enemies":"Automaton","floor":33,"turns":13},{"damage":5,"enemies":"3 Shapes","floor":35,"turns":5},{"damage":22,"enemies":"3 Darklings","floor":37,"turns":10},{"damage":14,"enemies":"Spire Growth","floor":41,"turns":7},{"damage":31,"enemies":"Jaw Worm Horde","floor":44,"turns":8},{"damage":12,"enemies":"Writhing Mass","floor":46,"turns":9},{"damage":12,"enemies":"Transient","floor":48,"turns":5},{"damage":58,"enemies":"Donu and Deca","floor":50,"turns":8}],"seed_played":"1650519671848661453","potions_obtained":[{"floor":3,"key":"Regen Potion"},{"floor":3,"key":"GamblersBrew"},{"floor":3,"key":"Weak Potion"},{"floor":8,"key":"Block Potion"},{"floor":16,"key":"GamblersBrew"},{"floor":20,"key":"Poison Potion"},{"floor":22,"key":"AttackPotion"},{"floor":41,"key":"LiquidBronze"}],"is_trial":false,"path_per_floor":["M","$","?","M","M","R","M","M","T","M","R","M","M","M","R","B",null,"M","?","M","?","M","R","M","R","T","M","$","?","R","M","R","B",null,"M","$","M","?","?","R","M","R","T","M","?","M","T","M","R","B"],"character_chosen":"DEFECT","items_purchased":["Defragment","Sunder","Redo","Thinking Ahead"],"campfire_rested":0,"item_purchase_floors":[2,2,28,36],"current_hp_per_floor":[67,67,67,67,64,64,59,63,63,60,60,65,64,71,71,58,75,72,72,61,47,41,41,47,47,47,50,50,43,43,50,50,31,80,80,80,65,65,65,65,58,58,58,34,70,65,65,53,53,0],"gold":235,"neow_bonus":"TRANSFORM_CARD","is_prod":false,"is_daily":false,"chose_seed":false,"campfire_upgraded":10,"win_rate":0,"timestamp":1555520945,"path_taken":["M","$","?","M","M","R","?","M","T","M","R","M","M","M","R","BOSS","M","?","M","?","M","R","M","R","T","?","?","?","R","M","R","BOSS","M","$","M","?","?","R","M","R","T","M","?","M","?","?","R","BOSS"],"build_version":"2019-01-23","purchased_purges":1,"victory":false,"max_hp_per_floor":[75,75,75,75,75,75,75,75,75,75,75,75,75,75,75,75,75,75,75,75,80,80,80,80,80,80,80,80,80,80,80,80,80,80,80,80,80,80,80,80,80,80,80,80,70,70,70,70,70,70],"card_choices":[{"not_picked":["Sweeping Beam","Go for the Eyes"],"picked":"Gash","floor":1},{"not_picked":["Darkness","Hologram"],"picked":"Coolheaded","floor":4},{"not_picked":["Lockon","Streamline"],"picked":"Turbo","floor":5},{"not_picked":["Skim","Leap"],"picked":"Conserve Battery","floor":7},{"not_picked":["Static Discharge","Barrage"],"picked":"Self Repair","floor":8},{"not_picked":["Streamline","Chill"],"picked":"Beam Cell","floor":10},{"not_picked":["Rebound","Heatsinks"],"picked":"Coolheaded","floor":12},{"not_picked":["Reboot","Go for the Eyes"],"picked":"Glacier","floor":13},{"not_picked":["Beam Cell","Compile Driver"],"picked":"Gash","floor":14},{"not_picked":["Rainbow","Creative AI"],"picked":"Machine Learning","floor":16},{"not_picked":["Aggregate","Sunder"],"picked":"Cold Snap","floor":18},{"not_picked":["Cold Snap","Redo"],"picked":"Gash+1","floor":20},{"not_picked":["Streamline+1","Turbo"],"picked":"Defragment","floor":22},{"not_picked":["Doom and Gloom","Conserve Battery"],"picked":"Coolheaded+1","floor":24},{"not_picked":["Leap","Streamline","Steam"],"picked":"SKIP","floor":27},{"not_picked":["Coolheaded+1","Scrape","Doom and Gloom"],"picked":"SKIP","floor":31},{"not_picked":["Core Surge","Meteor Strike"],"picked":"Seek","floor":33},{"not_picked":["Turbo+1","Coolheaded+1","Cold Snap"],"picked":"SKIP","floor":35},{"not_picked":["Glacier+1","Compile Driver+1"],"picked":"Rebound","floor":37},{"not_picked":["Steam","Chill"],"picked":"BootSequence+1","floor":41},{"not_picked":["Skim+1","Barrage"],"picked":"Gash","floor":44},{"not_picked":["Doom and Gloom","Coolheaded+1"],"picked":"Stack+1","floor":46},{"not_picked":["Coolheaded+1","Cold Snap+1"],"picked":"Reinforced Body+1","floor":48}],"player_experience":989229,"relics_obtained":[],"event_choices":[{"damage_healed":0,"gold_gain":0,"player_choice":"Got Potions","damage_taken":0,"max_hp_gain":0,"max_hp_loss":0,"event_name":"Lab","floor":3,"gold_loss":0},{"damage_healed":0,"gold_gain":0,"player_choice":"Ignored","damage_taken":0,"max_hp_gain":0,"max_hp_loss":0,"event_name":"Vampires","floor":19,"gold_loss":0},{"damage_healed":0,"gold_gain":0,"player_choice":"Shed Blood","damage_taken":19,"max_hp_gain":5,"max_hp_loss":0,"event_name":"Forgotten Altar","floor":21,"gold_loss":0},{"damage_healed":0,"gold_gain":0,"player_choice":"Fight","damage_taken":0,"max_hp_gain":0,"max_hp_loss":0,"event_name":"Colosseum","floor":29,"gold_loss":0},{"damage_healed":0,"gold_gain":0,"player_choice":"Fled From Nobs","damage_taken":0,"max_hp_gain":0,"max_hp_loss":0,"event_name":"Colosseum","floor":29,"gold_loss":0},{"cards_removed":["Coolheaded"],"damage_healed":0,"gold_gain":0,"player_choice":"Removed Skill","damage_taken":0,"max_hp_gain":0,"max_hp_loss":0,"event_name":"Falling","floor":38,"gold_loss":0},{"damage_healed":0,"gold_gain":0,"player_choice":"Ignored","damage_taken":0,"max_hp_gain":0,"max_hp_loss":0,"event_name":"Mysterious Sphere","floor":39,"gold_loss":0},{"damage_healed":70,"gold_gain":0,"player_choice":"Heal","damage_taken":0,"max_hp_gain":0,"max_hp_loss":10,"event_name":"The Moai Head","floor":45,"gold_loss":0}],"is_beta":false,"boss_relics":[{"not_picked":["White Beast Statue","Cursed Key","Lizard Tail"]},{"not_picked":["Fusion Hammer","Pandora\u0027s Box","Philosopher\u0027s Stone"]}],"items_purged_floors":[28],"is_endless":false,"potions_floor_spawned":[4,8,10,13,16,20,22,29,41],"killed_by":"Donu and Deca","ascension_level":0}