{"gold_per_floor":[215,229,242,257,257,286,94,108,108,120,40,40,71,89,89,190,190,201,219,69,69],"floor_reached":21,"playtime":2350,"items_purged":["Defend_B"],"score":193,"play_id":"b33d6d2b-266d-40d2-a279-10521e27495c","local_time":"20190209145825","is_ascension_mode":false,"campfire_choices":[{"floor":12,"key":"REST"},{"floor":15,"key":"RECALL"}],"neow_cost":"NONE","seed_source_timestamp":490579623994856,"circlet_count":0,"master_deck":["Strike_B","Strike_B","Strike_B","Defend_B","Defend_B","Defend_B","Zap","Dualcast","Cold Snap","BootSequence","Tempest","Coolheaded","Redo","Melter","Capacitor","Fusion","Sweeping Beam","Self Repair","Chaos","Redo","Multi-Cast","Beam Cell","Compile Driver+1"],"relics":["Cracked Core","Bottled Lightning","Ice Cream","Philosopher\u0027s Stone","Bag of Preparation"],"potions_floor_usage":[6,6,16,16,21],"damage_taken":[{"damage":0,"enemies":"2 Louse","floor":1,"turns":3},{"damage":0,"enemies":"Cultist","floor":2,"turns":4},{"damage":0,"enemies":"Small Slimes","floor":3,"turns":3},{"damage":6,"enemies":"3 Louse","floor":4,"turns":2},{"damage":21,"enemies":"Lagavulin","floor":6,"turns":10},{"damage":3,"enemies":"Looter","floor":8,"turns":3},{"damage":9,"enemies":"Lots of Slimes","floor":10,"turns":3},{"damage":27,"enemies":"3 Sentries","floor":13,"turns":8},{"damage":4,"enemies":"Red Slaver","floor":14,"turns":3},{"damage":40,"enemies":"The Guardian","floor":16,"turns":15},{"damage":36,"enemies":"2 Thieves","floor":18,"turns":5},{"damage":25,"enemies":"Shell Parasite","floor":19,"turns":5},{"damage":34,"enemies":"3 Cultists","floor":21,"turns":3}],"seed_played":"5818736661031728459","potions_obtained":[{"floor":2,"key":"SteroidPotion"},{"floor":4,"key":"SteroidPotion"},{"floor":6,"key":"Poison Potion"},{"floor":10,"key":"Ancient Potion"},{"floor":13,"key":"Dexterity Potion"},{"floor":16,"key":"Energy Potion"}],"is_trial":false,"path_per_floor":["M","M","M","M","?","E","$","M","T","M","$","R","E","M","R","B",null,"M","M","$","M"],"character_chosen":"DEFECT","items_purchased":["Melter","Capacitor","Self Repair","Bag of Preparation"],"campfire_rested":1,"item_purchase_floors":[7,7,11,20],"current_hp_per_floor":[75,75,75,69,69,48,48,45,45,36,36,58,38,41,41,8,75,46,28,28,0],"gold":69,"neow_bonus":"HUNDRED_GOLD","is_prod":false,"is_daily":false,"chose_seed":false,"campfire_upgraded":0,"win_rate":0,"timestamp":1549745905,"path_taken":["M","M","M","M","?","E","$","M","T","M","$","R","E","M","R","BOSS","M","M","$","M"],"build_version":"2019-01-23","purchased_purges":1,"victory":false,"max_hp_per_floor":[75,75,75,75,75,75,75,75,75,75,75,75,75,75,75,75,75,75,75,75,75],"card_choices":[{"not_picked":["Static Discharge","Beam Cell"],"picked":"Cold Snap","floor":1},{"not_picked":["Cold Snap","Hyperbeam"],"picked":"BootSequence","floor":2},{"not_picked":["Turbo","Conserve Battery"],"picked":"Tempest","floor":3},{"not_picked":["Steam","Double Energy"],"picked":"Coolheaded","floor":4},{"not_picked":["Chaos","Ball Lightning"],"picked":"Redo","floor":6},{"not_picked":["Cold Snap","Recycle"],"picked":"Fusion","floor":8},{"not_picked":["Rainbow","Streamline"],"picked":"Sweeping Beam","floor":10},{"not_picked":["Stack","Barrage"],"picked":"Chaos","floor":13},{"not_picked":["Stack","Barrage"],"picked":"Redo","floor":14},{"not_picked":["Machine Learning","Amplify"],"picked":"Multi-Cast","floor":16},{"not_picked":["Go for the Eyes","Static Discharge+1"],"picked":"Beam Cell","floor":18},{"not_picked":["Beam Cell","Capacitor"],"picked":"Compile Driver+1","floor":19}],"player_experience":122598,"relics_obtained":[{"floor":6,"key":"Bottled Lightning"},{"floor":13,"key":"Ice Cream"}],"event_choices":[{"cards_removed":["Strike_B"],"damage_healed":0,"gold_gain":0,"player_choice":"Purged","damage_taken":0,"max_hp_gain":0,"max_hp_loss":0,"event_name":"Purifier","floor":5,"gold_loss":0}],"is_beta":false,"boss_relics":[{"not_picked":["Snecko Eye","Pandora\u0027s Box"],"picked":"Philosopher\u0027s Stone"}],"items_purged_floors":[7],"is_endless":false,"potions_floor_spawned":[2,4,6,10,13,16],"killed_by":"3 Cultists","ascension_level":0}