{"gold_per_floor":[111,123,123,138,63,97,97,62,62,89,89,89,89,107,107,207,207,188,188,32,42,112,112,162,162],"floor_reached":25,"playtime":2358,"items_purged":["Strike_R"],"score":261,"play_id":"37b2b513-0e1b-40b6-a678-93398336571f","local_time":"20190330225415","is_ascension_mode":true,"campfire_choices":[{"data":"Searing Blow","floor":7,"key":"SMITH"},{"floor":11,"key":"REST"},{"data":"Cleave","floor":15,"key":"SMITH"},{"data":"Searing Blow+1","floor":23,"key":"SMITH"}],"neow_cost":"NONE","seed_source_timestamp":108479630860000,"circlet_count":0,"master_deck":["Strike_R","Strike_R+1","Strike_R","Defend_R","Defend_R","Defend_R","Defend_R","Bash","Cleave+1","Thunderclap+1","Searing Blow+2","Perfected Strike","Iron Wave","Impervious","Shrug It Off+1","Clothesline+1","Writhe"],"relics":["Black Blood","Peace Pipe","Letter Opener","Blood Vial","SsserpentHead","Anchor","Magic Flower"],"potions_floor_usage":[6,10,16,25,25],"damage_taken":[{"damage":9,"enemies":"Small Slimes","floor":1,"turns":4},{"damage":4,"enemies":"2 Louse","floor":2,"turns":2},{"damage":2,"enemies":"Jaw Worm","floor":4,"turns":3},{"damage":45,"enemies":"3 Sentries","floor":6,"turns":8},{"damage":66,"enemies":"Gremlin Nob","floor":10,"turns":6},{"damage":11,"enemies":"Lots of Slimes","floor":14,"turns":2},{"damage":7,"enemies":"Slime Boss","floor":16,"turns":8},{"damage":33,"enemies":"2 Thieves","floor":18,"turns":4},{"damage":46,"enemies":"Spheric Guardian","floor":21,"turns":8},{"damage":9,"enemies":"Snecko","floor":22,"turns":5},{"damage":30,"enemies":"Book of Stabbing","floor":25,"turns":4}],"seed_played":"4839716497771373910","potions_obtained":[{"floor":2,"key":"GamblersBrew"},{"floor":4,"key":"GamblersBrew"},{"floor":10,"key":"Swift Potion"},{"floor":18,"key":"Poison Potion"},{"floor":21,"key":"Strength Potion"}],"is_trial":false,"path_per_floor":["M","M","?","M","$","E","R","?","T","E","R","?","?","M","R","B",null,"M","?","$","M","M","R","?","E"],"character_chosen":"IRONCLAD","items_purchased":["Anchor"],"campfire_rested":1,"item_purchase_floors":[20],"current_hp_per_floor":[85,87,87,88,88,49,49,71,71,11,37,19,48,45,45,46,78,57,57,57,23,26,26,26,0],"gold":162,"neow_bonus":"TEN_PERCENT_HP_BONUS","is_prod":false,"is_daily":false,"chose_seed":false,"campfire_upgraded":3,"win_rate":0,"timestamp":1553982855,"path_taken":["M","M","?","M","$","E","R","?","T","E","R","?","?","M","R","BOSS","M","?","$","M","?","R","?","E"],"build_version":"2019-01-23","purchased_purges":1,"victory":false,"max_hp_per_floor":[88,88,88,88,88,88,88,88,88,88,88,88,88,88,88,88,88,88,88,88,88,88,88,88,88],"card_choices":[{"not_picked":["Heavy Blade","Iron Wave"],"picked":"Cleave","floor":1},{"not_picked":["Iron Wave","Searing Blow"],"picked":"Thunderclap","floor":2},{"not_picked":["Double Tap","Iron Wave"],"picked":"Perfected Strike","floor":4},{"not_picked":["Reckless Charge","Body Slam"],"picked":"Iron Wave","floor":6},{"not_picked":["Warcry","Perfected Strike","Cleave"],"picked":"SKIP","floor":10},{"not_picked":["Armaments","Warcry","Twin Strike"],"picked":"SKIP","floor":14},{"not_picked":["Limit Break","Double Tap"],"picked":"Impervious","floor":16},{"not_picked":["Pommel Strike","Flex"],"picked":"Shrug It Off+1","floor":18},{"not_picked":["Sword Boomerang","Cleave"],"picked":"Clothesline+1","floor":21},{"not_picked":["Headbutt","Sever Soul","Anger"],"picked":"SKIP","floor":22}],"player_experience":496734,"relics_obtained":[{"floor":6,"key":"Peace Pipe"},{"floor":9,"key":"Letter Opener"},{"floor":10,"key":"Blood Vial"}],"event_choices":[{"damage_healed":0,"gold_gain":0,"cards_transformed":["Strike_R"],"player_choice":"Change","damage_taken":0,"max_hp_gain":0,"max_hp_loss":0,"event_name":"Living Wall","floor":3,"gold_loss":0,"cards_obtained":["Searing Blow"]},{"damage_healed":22,"gold_gain":0,"player_choice":"Healed","damage_taken":0,"max_hp_gain":0,"max_hp_loss":0,"event_name":"The Cleric","floor":8,"gold_loss":35},{"damage_healed":0,"gold_gain":0,"player_choice":"Entered Light","damage_taken":18,"max_hp_gain":0,"max_hp_loss":0,"event_name":"Shining Light","floor":12,"gold_loss":0,"cards_upgraded":["Thunderclap","Strike_R"]},{"damage_healed":29,"gold_gain":0,"player_choice":"Banana","damage_taken":0,"max_hp_gain":0,"max_hp_loss":0,"event_name":"Big Fish","floor":13,"gold_loss":0},{"damage_healed":0,"gold_gain":0,"player_choice":"Trade","damage_taken":0,"relics_obtained":["SsserpentHead"],"max_hp_gain":0,"max_hp_loss":0,"event_name":"FaceTrader","floor":19,"gold_loss":0},{"damage_healed":0,"gold_gain":0,"player_choice":"Opened","damage_taken":0,"relics_obtained":["Magic Flower"],"max_hp_gain":0,"max_hp_loss":0,"event_name":"The Mausoleum","floor":24,"gold_loss":0,"cards_obtained":["Writhe"]}],"is_beta":false,"boss_relics":[{"not_picked":["Empty Cage","Runic Pyramid"],"picked":"Black Blood"}],"items_purged_floors":[5],"is_endless":false,"potions_floor_spawned":[2,4,10,18,21],"killed_by":"Book of Stabbing","ascension_level":5}