{"gold_per_floor":[116,128,139,158,171,200,200,200,200,217,231,249,249,284,284,382,382,397,214,214,234,198,230,230,230,230,230,265,280,291,307,307,408,408,420,420,420,191,201,233,233,233,260,560,580,596,596,615,615,615],"floor_reached":51,"playtime":4186,"items_purged":["Clash"],"score":812,"play_id":"ce25dabc-a311-4af7-afe3-f47d414fd6e0","local_time":"20190310041930","is_ascension_mode":true,"campfire_choices":[{"floor":8.0,"key":"REST"},{"data":"Whirlwind","floor":13.0,"key":"SMITH"},{"floor":15.0,"key":"REST"},{"floor":24.0,"key":"REST"},{"floor":27.0,"key":"REST"},{"floor":32,"key":"REST"},{"floor":47,"key":"REST"},{"floor":49,"key":"REST"}],"neow_cost":"NONE","seed_source_timestamp":110710683704560,"circlet_count":0,"master_deck":["Strike_R","Strike_R","Strike_R","Defend_R","Defend_R","Defend_R","Bash+1","Battle Trance","Whirlwind+1","Shockwave","True Grit","True Grit","Juggernaut","Second Wind","Sever Soul","Dual Wield","Juggernaut","Power Through","Master of Strategy","Metallicize","Entrench+1","Intimidate","Flame Barrier","Barricade","Body Slam","Madness","Madness","Flame Barrier+1","Havoc","Finesse","Parasite"],"special_seed":0,"relics":["Burning Blood","Gremlin Horn","Dead Branch","Turnip","Mark of Pain","Enchiridion","Singing Bowl","Kunai","Mercury Hourglass","Runic Pyramid","Bronze Scales","Juzu Bracelet","Happy Flower"],"potions_floor_usage":[33,33,45,48],"damage_taken":[{"damage":6.0,"enemies":"Cultist","floor":1.0,"turns":3.0},{"damage":3.0,"enemies":"2 Louse","floor":2.0,"turns":3.0},{"damage":13.0,"enemies":"Jaw Worm","floor":3.0,"turns":4.0},{"damage":11.0,"enemies":"Looter","floor":4.0,"turns":3.0},{"damage":0.0,"enemies":"Exordium Wildlife","floor":5.0,"turns":2.0},{"damage":33.0,"enemies":"Gremlin Nob","floor":6.0,"turns":5.0},{"damage":0.0,"enemies":"Lots of Slimes","floor":10.0,"turns":1.0},{"damage":24.0,"enemies":"Large Slime","floor":11.0,"turns":6.0},{"damage":8.0,"enemies":"Red Slaver","floor":12.0,"turns":3.0},{"damage":12.0,"enemies":"3 Sentries","floor":14.0,"turns":4.0},{"damage":41.0,"enemies":"The Guardian","floor":16.0,"turns":15.0},{"damage":28.0,"enemies":"Chosen","floor":18.0,"turns":6.0},{"damage":2.0,"enemies":"3 Byrds","floor":21.0,"turns":3.0},{"damage":12.0,"enemies":"Gremlin Leader","floor":23.0,"turns":4.0},{"damage":45.0,"enemies":"Book of Stabbing","floor":28.0,"turns":6.0},{"damage":0.0,"enemies":"Sentry and Sphere","floor":29.0,"turns":3.0},{"damage":29,"enemies":"Shelled Parasite and Fungi","floor":30,"turns":5},{"damage":0,"enemies":"Cultist and Chosen","floor":31,"turns":4},{"damage":36,"enemies":"Champ","floor":33,"turns":9},{"damage":15,"enemies":"3 Shapes","floor":35,"turns":3},{"damage":16,"enemies":"Orb Walker","floor":39,"turns":4},{"damage":30,"enemies":"Giant Head","floor":40,"turns":10},{"damage":14,"enemies":"3 Darklings","floor":45,"turns":4},{"damage":14,"enemies":"Spire Growth","floor":46,"turns":4},{"damage":33,"enemies":"Writhing Mass","floor":48,"turns":6},{"damage":35,"enemies":"Time Eater","floor":50,"turns":7}],"seed_played":"-5740308399581309844","potions_obtained":[{"floor":1.0,"key":"BloodPotion"},{"floor":2.0,"key":"GamblersBrew"},{"floor":5.0,"key":"EntropicBrew"},{"floor":16.0,"key":"Block Potion"},{"floor":21.0,"key":"PowerPotion"},{"floor":31,"key":"SpeedPotion"},{"floor":35,"key":"PowerPotion"},{"floor":46,"key":"SteroidPotion"},{"floor":48,"key":"Weak Potion"}],"is_trial":false,"path_per_floor":["M","M","M","M","M","E","?","R","T","M","M","M","R","E","R","B",null,"M","$","?","M","$","E","R","?","T","R","E","M","M","M","R","B",null,"M","?","?","$","M","E","?","?","T","?","M","M","R","M","R","B",null],"character_chosen":"IRONCLAD","items_purchased":["Master of Strategy","Metallicize","Bronze Scales"],"campfire_rested":7,"item_purchase_floors":[19,22,38],"current_hp_per_floor":[80,80,73,68,74,47,47,71,71,77,59,57,57,51,75,40,80,58,58,42,46,46,42,66,66,66,82,43,49,26,34,59,29,84,75,64,64,64,54,30,30,30,30,30,24,18,44,19,46,17],"gold":615,"neow_bonus":"UPGRADE_CARD","is_prod":false,"is_daily":false,"chose_seed":false,"campfire_upgraded":1,"win_rate":0,"timestamp":1552209570,"path_taken":["M","M","M","M","?","E","?","R","T","M","?","M","R","E","R","BOSS","M","$","?","M","$","E","R","?","T","R","E","M","M","M","R","BOSS","M","?","?","$","?","E","?","?","T","?","M","M","R","M","R","BOSS"],"build_version":"2019-01-23","purchased_purges":1,"victory":true,"max_hp_per_floor":[80,80,80,80,80,80,80,80,80,80,80,80,80,80,80,80,80,80,80,80,80,80,82,82,82,82,82,82,82,82,84,84,84,84,84,84,84,84,84,84,84,84,84,84,86,88,88,90,90,90],"card_choices":[{"not_picked":["Havoc","True Grit"],"picked":"Battle Trance","floor":1.0},{"not_picked":["Dropkick","Cleave"],"picked":"Whirlwind","floor":2.0},{"not_picked":["Shrug It Off","Second Wind"],"picked":"Shockwave","floor":3.0},{"not_picked":["Pummel","Heavy Blade"],"picked":"True Grit","floor":4.0},{"not_picked":["Immolate","Perfected Strike"],"picked":"True Grit","floor":5.0},{"not_picked":["Body Slam","Clothesline"],"picked":"Juggernaut","floor":6.0},{"not_picked":["Hemokinesis","Flex"],"picked":"Second Wind","floor":10.0},{"not_picked":["Headbutt","Dual Wield"],"picked":"Sever Soul","floor":11.0},{"not_picked":["Headbutt","Cleave"],"picked":"Dual Wield","floor":12.0},{"not_picked":["Body Slam","Pummel","Combust"],"picked":"SKIP","floor":14.0},{"not_picked":["Berserk","Bludgeon"],"picked":"Juggernaut","floor":16.0},{"not_picked":["Sword Boomerang","Bloodletting"],"picked":"Power Through","floor":18.0},{"not_picked":["Sentinel","Second Wind","Sword Boomerang"],"picked":"SKIP","floor":21.0},{"not_picked":["Cleave","Clothesline","Berserk"],"picked":"Singing Bowl","floor":23.0},{"not_picked":["Whirlwind","Thunderclap"],"picked":"Entrench+1","floor":28.0},{"not_picked":["Body Slam","Perfected Strike+1"],"picked":"Intimidate","floor":29.0},{"not_picked":["Uppercut","Iron Wave"],"picked":"Flame Barrier","floor":30},{"not_picked":["Thunderclap+1","Iron Wave+1","Perfected Strike"],"picked":"Singing Bowl","floor":31},{"not_picked":["Immolate","Double Tap"],"picked":"Barricade","floor":33},{"not_picked":["Warcry+1","Cleave"],"picked":"Body Slam","floor":35},{"not_picked":["Perfected Strike","Shockwave+1"],"picked":"Flame Barrier+1","floor":39},{"not_picked":["Body Slam","Dropkick"],"picked":"Havoc","floor":40},{"not_picked":["Secret Weapon","Enlightenment"],"picked":"Finesse","floor":42},{"not_picked":["Reckless Charge","Cleave+1","Power Through"],"picked":"Singing Bowl","floor":45},{"not_picked":["Rage+1","Twin Strike+1","Clash+1"],"picked":"Singing Bowl","floor":46},{"not_picked":["Thunderclap+1","Body Slam","Dual Wield+1"],"picked":"Singing Bowl","floor":48}],"player_experience":264318,"relics_obtained":[{"floor":6.0,"key":"Gremlin Horn"},{"floor":9.0,"key":"Dead Branch"},{"floor":14.0,"key":"Turnip"},{"floor":20.0,"key":"Enchiridion"},{"floor":23.0,"key":"Singing Bowl"},{"floor":26.0,"key":"Kunai"},{"floor":28.0,"key":"Mercury Hourglass"},{"floor":40,"key":"Juzu Bracelet"},{"floor":43,"key":"Happy Flower"}],"event_choices":[{"damage_healed":0.0,"max_hp_gain":0.0,"max_hp_loss":0.0,"gold_gain":0.0,"cards_transformed":["Strike_R"],"event_name":"Transmorgrifier","player_choice":"Transformed","floor":7.0,"gold_loss":0.0,"damage_taken":0.0,"cards_obtained":["Clash"]},{"damage_healed":0.0,"max_hp_gain":0.0,"max_hp_loss":0.0,"gold_gain":0.0,"event_name":"Cursed Tome","player_choice":"Obtained Book","floor":20.0,"gold_loss":0.0,"damage_taken":16.0},{"damage_healed":0.0,"max_hp_gain":0.0,"max_hp_loss":0.0,"gold_gain":0.0,"event_name":"Vampires","player_choice":"Ignored","floor":25.0,"gold_loss":0.0,"damage_taken":0.0},{"damage_healed":0,"gold_gain":0,"player_choice":"Embrace Madness","damage_taken":11,"max_hp_gain":0,"max_hp_loss":0,"event_name":"Winding Halls","floor":36,"gold_loss":0,"cards_obtained":["Madness","Madness"]},{"cards_removed":["Strike_R"],"damage_healed":0,"gold_gain":0,"player_choice":"Removed Attack","damage_taken":0,"max_hp_gain":0,"max_hp_loss":0,"event_name":"Falling","floor":37,"gold_loss":0},{"cards_removed":["Defend_R"],"damage_healed":0,"gold_gain":0,"player_choice":"Purged","damage_taken":0,"max_hp_gain":0,"max_hp_loss":0,"event_name":"Purifier","floor":41,"gold_loss":0},{"damage_healed":0,"gold_gain":0,"player_choice":"Memory 1","damage_taken":0,"max_hp_gain":0,"max_hp_loss":0,"event_name":"SensoryStone","floor":42,"gold_loss":0},{"damage_healed":0,"gold_gain":300,"player_choice":"Gold","damage_taken":0,"max_hp_gain":0,"max_hp_loss":0,"event_name":"Wheel of Change","floor":44,"gold_loss":0}],"is_beta":false,"boss_relics":[{"not_picked":["Orrery","Sozu"],"picked":"Mark of Pain"},{"not_picked":["Tiny House","Busted Crown"],"picked":"Runic Pyramid"}],"items_purged_floors":[38],"is_endless":false,"potions_floor_spawned":[1,2,5,12,14,16,21,28,29,31,35,46,48],"ascension_level":3}