{"gold_per_floor":[119,131,131,131,41,41,55,5,5,5,67,67,67,78,78,181,181,192,192,30,30,45,45,64,64,91,91,102,102,115,130,130,130],"floor_reached":33,"playtime":1262,"items_purged":[],"score":284,"play_id":"dc620df0-0c4a-4b68-853d-ccc7271b9344","local_time":"20190103200405","is_ascension_mode":true,"campfire_choices":[{"data":"Entrench","floor":6,"key":"SMITH"},{"data":"Metallicize","floor":10,"key":"SMITH"},{"data":"Body Slam","floor":12,"key":"SMITH"},{"data":"Shrug It Off","floor":15,"key":"SMITH"},{"data":"Barricade","floor":23,"key":"SMITH"},{"data":"Juggernaut","floor":25,"key":"SMITH"},{"data":"Pommel Strike","floor":29,"key":"SMITH"},{"data":"Shockwave","floor":32,"key":"SMITH"}],"neow_cost":"NONE","seed_source_timestamp":297456942555200,"circlet_count":0,"master_deck":["Defend_R","Defend_R","Defend_R","Defend_R","Bash","Cleave","Entrench+1","Metallicize+1","Shrug It Off+1","Pommel Strike+1","Body Slam+1","Headbutt","Barricade+1","Shockwave+1","Juggernaut+1","Bite","Bite","Bite","Bite","Body Slam+1"],"relics":["Burning Blood","Omamori","Meat on the Bone","Strawberry","Runic Pyramid","Enchiridion","Vajra"],"potions_floor_usage":[11,33,33],"damage_taken":[{"damage":18,"enemies":"Small Slimes","floor":1,"turns":5},{"damage":4,"enemies":"2 Louse","floor":2,"turns":2},{"damage":0,"enemies":"Jaw Worm","floor":7,"turns":6},{"damage":41,"enemies":"Lagavulin Event","floor":11,"turns":8},{"damage":5,"enemies":"Exordium Thugs","floor":14,"turns":5},{"damage":79,"enemies":"Slime Boss","floor":16,"turns":18},{"damage":18,"enemies":"Shell Parasite","floor":18,"turns":7},{"damage":22,"enemies":"Spheric Guardian","floor":22,"turns":7},{"damage":14,"enemies":"Chosen and Byrds","floor":24,"turns":6},{"damage":25,"enemies":"Snake Plant","floor":28,"turns":5},{"damage":19,"enemies":"Centurion and Healer","floor":30,"turns":6},{"damage":18,"enemies":"Cultist and Chosen","floor":31,"turns":8},{"damage":64,"enemies":"Collector","floor":33,"turns":5}],"seed_played":"-2940329161177868833","potions_obtained":[{"floor":7,"key":"SkillPotion"},{"floor":16,"key":"Strength Potion"},{"floor":22,"key":"SteroidPotion"},{"floor":28,"key":"SteroidPotion"}],"is_trial":false,"path_per_floor":["M","M","?","?","$","R","M","?","T","R","?","R","?","M","R","B",null,"M","?","$","?","M","R","M","R","T","?","M","R","M","M","R","B"],"character_chosen":"IRONCLAD","items_purchased":["Metallicize","Shrug It Off","Juggernaut"],"campfire_rested":0,"item_purchase_floors":[5,5,20],"current_hp_per_floor":[76,78,71,68,68,68,74,74,74,74,58,58,89,90,90,29,95,83,67,67,66,58,58,60,60,60,65,50,50,51,51,51,0],"gold":130,"neow_bonus":"TEN_PERCENT_HP_BONUS","is_prod":false,"is_daily":false,"chose_seed":false,"campfire_upgraded":8,"win_rate":0,"timestamp":1546542245,"path_taken":["M","M","?","?","$","R","M","?","T","R","?","R","?","?","R","BOSS","M","?","$","?","M","R","?","R","T","?","?","R","M","M","R","BOSS"],"build_version":"2018-12-20","purchased_purges":0,"victory":false,"max_hp_per_floor":[88,88,88,88,88,88,88,88,88,88,95,95,95,95,95,95,95,95,95,95,66,66,66,66,66,66,66,66,66,66,66,66,66],"card_choices":[{"not_picked":["Clothesline","Havoc"],"picked":"Cleave","floor":1},{"not_picked":["Dropkick","Ghostly Armor"],"picked":"Entrench","floor":2},{"not_picked":["Feel No Pain","Hemokinesis"],"picked":"Pommel Strike","floor":7},{"not_picked":["Corruption","Entrench"],"picked":"Body Slam","floor":11},{"not_picked":["Havoc","Flex"],"picked":"Headbutt","floor":14},{"not_picked":["Berserk","Juggernaut"],"picked":"Barricade","floor":16},{"not_picked":["Clothesline+1","Searing Blow"],"picked":"Shockwave","floor":18},{"not_picked":["Wild Strike","Clothesline","Juggernaut"],"picked":"SKIP","floor":22},{"not_picked":["Wild Strike","Iron Wave"],"picked":"Body Slam+1","floor":24},{"not_picked":["Warcry","Perfected Strike","Heavy Blade"],"picked":"SKIP","floor":28},{"not_picked":["Hemokinesis","Second Wind","Sword Boomerang"],"picked":"SKIP","floor":30},{"not_picked":["Whirlwind","Anger","Dropkick"],"picked":"SKIP","floor":31}],"player_experience":333870,"relics_obtained":[{"floor":9,"key":"Meat on the Bone"},{"floor":19,"key":"Enchiridion"},{"floor":26,"key":"Vajra"}],"event_choices":[{"cards_removed":["Strike_R"],"damage_healed":0,"gold_gain":0,"player_choice":"Card Removal","damage_taken":7,"max_hp_gain":0,"max_hp_loss":0,"event_name":"Golden Wing","floor":3,"gold_loss":0},{"damage_healed":0,"gold_gain":0,"player_choice":"Success","damage_taken":3,"relics_obtained":["Omamori"],"max_hp_gain":0,"max_hp_loss":0,"event_name":"Scrap Ooze","floor":4,"gold_loss":0},{"cards_removed":["Strike_R"],"damage_healed":0,"gold_gain":0,"player_choice":"Card Removal","damage_taken":0,"max_hp_gain":0,"max_hp_loss":0,"event_name":"The Cleric","floor":8,"gold_loss":50},{"damage_healed":0,"gold_gain":0,"player_choice":"Searched \u00272\u0027 times","damage_taken":0,"relics_obtained":["Strawberry"],"max_hp_gain":0,"max_hp_loss":0,"event_name":"Dead Adventurer","floor":11,"gold_loss":0},{"damage_healed":31,"gold_gain":0,"player_choice":"Banana","damage_taken":0,"max_hp_gain":0,"max_hp_loss":0,"event_name":"Big Fish","floor":13,"gold_loss":0},{"damage_healed":0,"gold_gain":0,"player_choice":"Obtained Book","damage_taken":16,"max_hp_gain":0,"max_hp_loss":0,"event_name":"Cursed Tome","floor":19,"gold_loss":0},{"damage_healed":0,"gold_gain":0,"player_choice":"Became a vampire","damage_taken":0,"max_hp_gain":0,"max_hp_loss":29,"event_name":"Vampires","floor":21,"gold_loss":0,"cards_obtained":["Bite","Bite","Bite","Bite","Bite"]},{"cards_removed":["Bite"],"damage_healed":5,"gold_gain":0,"player_choice":"Offered Special","damage_taken":0,"max_hp_gain":0,"max_hp_loss":0,"event_name":"Bonfire Elementals","floor":27,"gold_loss":0}],"is_beta":false,"boss_relics":[{"not_picked":["Orrery","White Beast Statue"],"picked":"Runic Pyramid"}],"items_purged_floors":[],"is_endless":false,"potions_floor_spawned":[7,16,22,28],"killed_by":"Collector","ascension_level":2}