{"gold_per_floor":[109,109,59,71,81,115,115,133,186,203,56,56,66,86,86,190,190,208,208,35,53,53,53,64,82,82,102,117,117,131,143,143,143],"floor_reached":33,"playtime":5475,"items_purged":[],"score":344,"play_id":"93f0ca87-a4f7-4d6e-89dc-37bd41c9be54","local_time":"20190405205715","is_ascension_mode":true,"campfire_choices":[{"data":"Uppercut","floor":7,"key":"SMITH"},{"data":"Cleave","floor":12,"key":"SMITH"},{"data":"Metallicize","floor":15,"key":"SMITH"},{"floor":23,"key":"REST"},{"floor":29,"key":"REST"},{"data":"RitualDagger","floor":32,"key":"SMITH"}],"neow_cost":"NONE","seed_source_timestamp":159677408874000,"circlet_count":0,"master_deck":["Defend_R","Defend_R","Defend_R","Defend_R","Bash","Cleave+1","Infernal Blade","Uppercut+1","Clash","Ghostly Armor","Flex","Thunderclap","Metallicize+1","Spot Weakness","Reaper","Warcry+1","Fire Breathing+1","Carnage+1","Shockwave","RitualDagger+1","Apotheosis+1","Bludgeon","Spot Weakness","Battle Trance+1","Shrug It Off+1","Heavy Blade","Infernal Blade+1"],"relics":["Burning Blood","Omamori","Tiny Chest","Red Skull","Astrolabe","Art of War"],"potions_floor_usage":[6,10,16,24,25,27,30,31],"damage_taken":[{"damage":7,"enemies":"Small Slimes","floor":1,"turns":4},{"damage":3,"enemies":"Jaw Worm","floor":4,"turns":4},{"damage":0,"enemies":"Cultist","floor":5,"turns":3},{"damage":10,"enemies":"3 Sentries","floor":6,"turns":7},{"damage":0,"enemies":"Exordium Wildlife","floor":8,"turns":2},{"damage":9,"enemies":"Looter","floor":10,"turns":3},{"damage":11,"enemies":"Lots of Slimes","floor":13,"turns":3},{"damage":2,"enemies":"Exordium Wildlife","floor":14,"turns":4},{"damage":15,"enemies":"Hexaghost","floor":16,"turns":8},{"damage":7,"enemies":"Chosen","floor":18,"turns":6},{"damage":38,"enemies":"Spheric Guardian","floor":21,"turns":7},{"damage":0,"enemies":"Chosen and Byrds","floor":24,"turns":4},{"damage":11,"enemies":"Sentry and Sphere","floor":25,"turns":3},{"damage":24,"enemies":"Snake Plant","floor":27,"turns":5},{"damage":19,"enemies":"Snecko","floor":28,"turns":5},{"damage":18,"enemies":"Cultist and Chosen","floor":30,"turns":7},{"damage":7,"enemies":"Shelled Parasite and Fungi","floor":31,"turns":3},{"damage":90,"enemies":"Champ","floor":33,"turns":11}],"seed_played":"8353590828244560192","potions_obtained":[{"floor":1,"key":"Weak Potion"},{"floor":4,"key":"Weak Potion"},{"floor":5,"key":"Fire Potion"},{"floor":13,"key":"Swift Potion"},{"floor":14,"key":"FearPotion"},{"floor":21,"key":"Block Potion"},{"floor":24,"key":"Dexterity Potion"},{"floor":28,"key":"Block Potion"}],"is_trial":false,"path_per_floor":["M","?","?","M","M","E","R","M","T","M","$","R","M","M","R","B",null,"M","?","$","M","?","R","M","M","T","M","M","R","M","M","R","B"],"character_chosen":"IRONCLAD","items_purchased":["Red Skull","Apotheosis"],"campfire_rested":2,"item_purchase_floors":[11,20],"current_hp_per_floor":[71,71,71,74,80,76,76,80,80,77,77,77,72,76,76,67,77,79,73,73,50,50,74,80,75,75,57,44,68,68,67,67,0],"gold":143,"neow_bonus":"THREE_CARDS","is_prod":false,"is_daily":false,"chose_seed":false,"campfire_upgraded":4,"win_rate":0,"timestamp":1554490635,"path_taken":["M","?","?","M","M","E","R","M","T","M","?","R","?","M","R","BOSS","M","?","$","M","?","R","M","?","T","M","M","R","M","M","R","BOSS"],"build_version":"2019-01-23","purchased_purges":0,"victory":false,"max_hp_per_floor":[80,80,80,80,80,80,80,80,80,80,80,80,80,80,80,80,80,80,80,80,80,80,80,80,80,80,80,80,80,80,80,80,80],"card_choices":[{"not_picked":["Sword Boomerang","Burning Pact"],"picked":"Cleave","floor":0},{"not_picked":["Pummel","Heavy Blade"],"picked":"Infernal Blade","floor":1},{"not_picked":["Flame Barrier","Heavy Blade"],"picked":"Clash","floor":4},{"not_picked":["Iron Wave","Searing Blow"],"picked":"Ghostly Armor","floor":5},{"not_picked":["Sentinel","Power Through"],"picked":"Flex","floor":6},{"not_picked":["Bloodletting","Corruption"],"picked":"Thunderclap","floor":8},{"not_picked":["Iron Wave","Bloodletting"],"picked":"Metallicize","floor":10},{"not_picked":["Shockwave","Headbutt"],"picked":"Spot Weakness","floor":13},{"not_picked":["Rage","Armaments","Dual Wield"],"picked":"SKIP","floor":14},{"not_picked":["Feed","Impervious"],"picked":"Reaper","floor":16},{"not_picked":["Dual Wield","Headbutt"],"picked":"Shockwave","floor":18},{"not_picked":["Headbutt","True Grit","Warcry"],"picked":"SKIP","floor":21},{"not_picked":["Reckless Charge","Cleave"],"picked":"Bludgeon","floor":24},{"not_picked":["Armaments","Rage"],"picked":"Spot Weakness","floor":25},{"not_picked":["Evolve+1","Sword Boomerang+1"],"picked":"Battle Trance+1","floor":27},{"not_picked":["Pommel Strike","Hemokinesis+1"],"picked":"Shrug It Off+1","floor":28},{"not_picked":["Burning Pact","Sever Soul"],"picked":"Heavy Blade","floor":30},{"not_picked":["Twin Strike","Carnage"],"picked":"Infernal Blade+1","floor":31}],"player_experience":543182,"relics_obtained":[{"floor":6,"key":"Omamori"},{"floor":9,"key":"Tiny Chest"},{"floor":26,"key":"Art of War"}],"event_choices":[{"damage_healed":0,"gold_gain":0,"cards_transformed":["Strike_R"],"player_choice":"Change","damage_taken":0,"max_hp_gain":0,"max_hp_loss":0,"event_name":"Living Wall","floor":2,"gold_loss":0,"cards_obtained":["Uppercut"]},{"cards_removed":["Strike_R"],"damage_healed":0,"gold_gain":0,"player_choice":"Card Removal","damage_taken":0,"max_hp_gain":0,"max_hp_loss":0,"event_name":"The Cleric","floor":3,"gold_loss":50},{"damage_healed":0,"gold_gain":0,"player_choice":"Joined the Cult","damage_taken":6,"max_hp_gain":0,"max_hp_loss":0,"event_name":"Nest","floor":19,"gold_loss":0,"cards_obtained":["RitualDagger"]},{"damage_healed":0,"gold_gain":0,"player_choice":"Forge","damage_taken":0,"max_hp_gain":0,"max_hp_loss":0,"event_name":"Accursed Blacksmith","floor":22,"gold_loss":0,"cards_upgraded":["Apotheosis"]}],"is_beta":false,"boss_relics":[{"not_picked":["Coffee Dripper","Ectoplasm"],"picked":"Astrolabe"}],"items_purged_floors":[],"is_endless":false,"potions_floor_spawned":[1,4,5,13,14,21,24,28],"killed_by":"Champ","ascension_level":7}