{"gold_per_floor":[111,111,131,29,45,70,90,124,124,124,124,299,41,56,56,161,161,181,199,5,104,19,47,47,47,124,159,176,176,210,135,135,235,285,298,3,21,0,0],"floor_reached":39,"playtime":6863,"items_purged":["Regret","Doubt","Strike_G"],"score":566,"play_id":"0a2f88f8-5f34-4661-93ca-d979d135d9c9","local_time":"20190310035036","is_ascension_mode":true,"campfire_choices":[{"floor":11,"key":"REST"},{"data":"A Thousand Cuts","floor":15,"key":"SMITH"},{"data":"Panache","floor":29,"key":"SMITH"},{"data":"Night Terror","floor":32,"key":"SMITH"}],"neow_cost":"NONE","seed_source_timestamp":617970604309000,"circlet_count":0,"master_deck":["Defend_G","Defend_G","Defend_G","Defend_G+1","Defend_G+1","Strike_G","Strike_G","Strike_G","Survivor","Neutralize","Dagger Spray+1","Cloak And Dagger","Backflip","A Thousand Cuts+1","Deflect","Distraction","Footwork","Bouncing Flask","Escape Plan","Doppelganger","PiercingWail","Infinite Blades","Leg Sweep","Night Terror+1","PiercingWail+1","Panache+1","Deflect","Escape Plan","Blade Dance+1","Slice","Bullet Time","Crippling Poison+1","Noxious Fumes","Parasite"],"relics":["Ring of the Snake","Lantern","Ancient Tea Set","Meat on the Bone","Dead Branch","Bird Faced Urn","Orrery","Tingsha","Ninja Scroll","Sundial","The Courier","Smiling Mask","Tiny House","Pear","Red Mask"],"potions_floor_usage":[6,6,16,18,27,37,39,39],"damage_taken":[{"damage":3,"enemies":"2 Louse","floor":1,"turns":4},{"damage":5,"enemies":"Jaw Worm","floor":3,"turns":5},{"damage":0,"enemies":"Small Slimes","floor":5,"turns":4},{"damage":0,"enemies":"3 Sentries","floor":6,"turns":4},{"damage":0,"enemies":"2 Fungi Beasts","floor":7,"turns":3},{"damage":30,"enemies":"Lagavulin","floor":8,"turns":11},{"damage":0,"enemies":"Large Slime","floor":14,"turns":3},{"damage":45,"enemies":"Hexaghost","floor":16,"turns":11},{"damage":5,"enemies":"3 Byrds","floor":18,"turns":4},{"damage":8,"enemies":"Shell Parasite","floor":19,"turns":7},{"damage":56,"enemies":"Slavers","floor":23,"turns":5},{"damage":8,"enemies":"Book of Stabbing","floor":27,"turns":4},{"damage":0,"enemies":"Shelled Parasite and Fungi","floor":28,"turns":1},{"damage":21,"enemies":"Slavers","floor":30,"turns":5},{"damage":23,"enemies":"Automaton","floor":33,"turns":11},{"damage":27,"enemies":"3 Darklings","floor":35,"turns":5},{"damage":17,"enemies":"Orb Walker","floor":37,"turns":4},{"damage":75,"enemies":"Writhing Mass","floor":39,"turns":6}],"seed_played":"-3386681891211574020","potions_obtained":[{"floor":3,"key":"Fire Potion"},{"floor":5,"key":"AttackPotion"},{"floor":6,"key":"SteroidPotion"},{"floor":8,"key":"Explosive Potion"},{"floor":23,"key":"SkillPotion"},{"floor":33,"key":"FearPotion"},{"floor":34,"key":"LiquidBronze"},{"floor":35,"key":"EssenceOfSteel"}],"is_trial":false,"path_per_floor":["M","?","M","$","M","E","M","E","T","?","R","?","$","M","R","B",null,"M","M","$","?","?","E","$","?","T","E","M","R","E","?","R","B",null,"M","$","M","?","M"],"character_chosen":"THE_SILENT","items_purchased":["Backflip","Footwork","Bouncing Flask","Panache","Deflect","Pear","Noxious Fumes"],"campfire_rested":1,"item_purchase_floors":[4,13,13,20,20,36,36],"current_hp_per_floor":[67,67,62,62,62,62,62,44,44,30,51,51,51,55,55,26,70,67,62,62,62,62,26,26,13,13,31,47,47,46,46,46,43,80,57,67,56,56,0],"gold":0,"neow_bonus":"RANDOM_COMMON_RELIC","is_prod":false,"is_daily":false,"chose_seed":false,"campfire_upgraded":3,"win_rate":0,"timestamp":1552186236,"path_taken":["M","?","M","$","M","E","M","E","T","?","R","?","$","M","R","BOSS","M","M","$","?","?","E","$","?","T","E","M","R","E","?","R","BOSS","M","$","M","?","M"],"build_version":"2019-01-23","purchased_purges":3,"victory":false,"max_hp_per_floor":[70,70,70,70,70,70,70,70,70,70,70,70,70,70,70,70,70,70,70,70,70,70,70,70,75,75,75,75,75,75,75,75,75,80,80,90,90,90,90],"card_choices":[{"not_picked":["Cloak And Dagger","Backflip"],"picked":"Dagger Spray","floor":1},{"not_picked":["Heel Hook","Distraction"],"picked":"Cloak And Dagger","floor":3},{"not_picked":["Quick Slash","Bane","Underhanded Strike"],"picked":"SKIP","floor":5},{"not_picked":["Slice","Sucker Punch"],"picked":"A Thousand Cuts","floor":6},{"not_picked":["Caltrops","Quick Slash"],"picked":"Deflect","floor":7},{"not_picked":["Reflex","Tactician"],"picked":"Distraction","floor":8},{"not_picked":["Prepared","PiercingWail"],"picked":"Escape Plan","floor":14},{"not_picked":["Bullet Time","Phantasmal Killer"],"picked":"Doppelganger","floor":16},{"not_picked":["Dagger Spray","Outmaneuver"],"picked":"PiercingWail","floor":17},{"not_picked":["Dagger Throw","Slice"],"picked":"Infinite Blades","floor":17},{"not_picked":["Backflip","Dagger Throw"],"picked":"Leg Sweep","floor":17},{"not_picked":["Quick Slash","Cloak And Dagger"],"picked":"Night Terror","floor":17},{"not_picked":["Eviscerate+1","Acrobatics","Bane"],"picked":"SKIP","floor":18},{"not_picked":["Bane","Crippling Poison"],"picked":"PiercingWail+1","floor":19},{"not_picked":["Quick Slash","Blade Dance"],"picked":"Escape Plan","floor":23},{"not_picked":["A Thousand Cuts","Prepared"],"picked":"Blade Dance+1","floor":27},{"not_picked":["Tactician","Distraction+1","Quick Slash"],"picked":"SKIP","floor":28},{"not_picked":["Phantasmal Killer","Flying Knee"],"picked":"Slice","floor":30},{"not_picked":["Die Die Die","Corpse Explosion"],"picked":"Bullet Time","floor":33},{"not_picked":["Endless Agony+1","Reflex+1"],"picked":"Crippling Poison+1","floor":35},{"not_picked":["PiercingWail+1","Flying Knee","Dagger Throw+1"],"picked":"SKIP","floor":37}],"player_experience":371054,"relics_obtained":[{"floor":6,"key":"Meat on the Bone"},{"floor":8,"key":"Dead Branch"},{"floor":9,"key":"Bird Faced Urn"},{"floor":23,"key":"Ninja Scroll"},{"floor":26,"key":"Sundial"},{"floor":27,"key":"The Courier"},{"floor":30,"key":"Smiling Mask"}],"event_choices":[{"damage_healed":0,"gold_gain":0,"player_choice":"Box","damage_taken":0,"relics_obtained":["Ancient Tea Set"],"max_hp_gain":0,"max_hp_loss":0,"event_name":"Big Fish","floor":2,"gold_loss":0,"cards_obtained":["Regret"]},{"damage_healed":0,"gold_gain":0,"player_choice":"Entered Light","damage_taken":14,"max_hp_gain":0,"max_hp_loss":0,"event_name":"Shining Light","floor":10,"gold_loss":0,"cards_upgraded":["Defend_G","Dagger Spray"]},{"damage_healed":0,"gold_gain":175,"player_choice":"AGREE","damage_taken":0,"max_hp_gain":0,"max_hp_loss":0,"event_name":"Liars Game","floor":12,"gold_loss":0,"cards_obtained":["Doubt"]},{"damage_healed":0,"gold_gain":99,"player_choice":"Stole From Cult","damage_taken":0,"max_hp_gain":0,"max_hp_loss":0,"event_name":"Nest","floor":21,"gold_loss":0},{"damage_healed":0,"gold_gain":0,"player_choice":"Obtained Relic","damage_taken":0,"relics_obtained":["Tingsha"],"max_hp_gain":0,"max_hp_loss":0,"event_name":"Addict","floor":22,"gold_loss":85},{"damage_healed":0,"gold_gain":0,"player_choice":"Shed Blood","damage_taken":18,"max_hp_gain":5,"max_hp_loss":0,"event_name":"Forgotten Altar","floor":25,"gold_loss":0},{"cards_removed":["Strike_G"],"damage_healed":0,"gold_gain":0,"player_choice":"Gave Gold","damage_taken":0,"max_hp_gain":0,"max_hp_loss":0,"event_name":"Beggar","floor":31,"gold_loss":75},{"damage_healed":0,"gold_gain":0,"player_choice":"Paid","damage_taken":0,"relics_obtained":["Red Mask"],"max_hp_gain":0,"max_hp_loss":0,"event_name":"Tomb of Lord Red Mask","floor":38,"gold_loss":21}],"is_beta":false,"boss_relics":[{"not_picked":["HoveringKite","Snecko Eye"],"picked":"Orrery"},{"not_picked":["Philosopher\u0027s Stone","Velvet Choker"],"picked":"Tiny House"}],"items_purged_floors":[4,13,36],"is_endless":false,"potions_floor_spawned":[3,5,6,8,23,33,35],"killed_by":"Writhing Mass","ascension_level":3}