{"gold_per_floor":[15,33,49,149,166,166,192,192,243,255,290,347,374,442,442,537,537,549,549,560,135,152,152,477,477,522,556,600,240,240,256,256,355,355,373,384,59,74,100,132,132,142,142,154,67,67,93,109,109,109],"floor_reached":51,"playtime":2808,"items_purged":["Defend_R","Defend_R","Defend_R"],"score":805,"play_id":"531a0b12-0989-46f5-be18-f5ddf60681f3","local_time":"20190421190733","is_ascension_mode":false,"campfire_choices":[{"data":"Perfected Strike","floor":6,"key":"SMITH"},{"data":"Bash","floor":8,"key":"SMITH"},{"data":"Disarm","floor":15,"key":"SMITH"},{"data":"Limit Break","floor":23,"key":"SMITH"},{"data":"Disarm","floor":25,"key":"SMITH"},{"data":"Armaments","floor":32,"key":"SMITH"},{"data":"Clothesline","floor":41,"key":"SMITH"},{"data":"Juggernaut","floor":49,"key":"SMITH"}],"neow_cost":"NO_GOLD","seed_source_timestamp":805594915344200,"circlet_count":0,"master_deck":["Strike_R","Strike_R","Strike_R","Strike_R","Strike_R","Defend_R","Bash+1","Perfected Strike+1","Battle Trance","Battle Trance","Disarm+1","Perfected Strike","Clothesline+1","Disarm+1","Spot Weakness","Limit Break+1","Iron Wave+1","Shrug It Off","Ghostly Armor","Headbutt","Battle Trance","Twin Strike+1","Juggernaut+1","Rage+1","Armaments+1","Master of Strategy","Reaper","Headbutt","Shockwave+1","Shrug It Off","Reaper","Uppercut","Headbutt+1"],"relics":["Burning Blood","Shovel","Singing Bowl","Boot","Centennial Puzzle","Tiny Chest","Odd Mushroom","Coffee Dripper","Oddly Smooth Stone","Old Coin","Bag of Preparation","MawBank","Red Mask","Snecko Eye","PreservedInsect","Pen Nib","Orichalcum","Anchor","Potion Belt"],"potions_floor_usage":[7,24,27,28,33,33,50,50,50,50],"damage_taken":[{"damage":10,"enemies":"Small Slimes","floor":1,"turns":3},{"damage":1,"enemies":"Cultist","floor":2,"turns":3},{"damage":1,"enemies":"Jaw Worm","floor":3,"turns":3},{"damage":16,"enemies":"Blue Slaver","floor":5,"turns":5},{"damage":24,"enemies":"3 Sentries","floor":7,"turns":8},{"damage":5,"enemies":"Looter","floor":10,"turns":3},{"damage":19,"enemies":"Lagavulin","floor":11,"turns":6},{"damage":10,"enemies":"The Mushroom Lair","floor":13,"turns":4},{"damage":16,"enemies":"The Guardian","floor":16,"turns":11},{"damage":14,"enemies":"2 Thieves","floor":18,"turns":4},{"damage":1,"enemies":"Chosen","floor":20,"turns":3},{"damage":10,"enemies":"Sentry and Sphere","floor":22,"turns":5},{"damage":15,"enemies":"Slavers","floor":24,"turns":4},{"damage":18,"enemies":"Gremlin Leader","floor":27,"turns":7},{"damage":3,"enemies":"Masked Bandits","floor":28,"turns":4},{"damage":5,"enemies":"Shelled Parasite and Fungi","floor":31,"turns":5},{"damage":51,"enemies":"Automaton","floor":33,"turns":8},{"damage":35,"enemies":"3 Darklings","floor":35,"turns":10},{"damage":1,"enemies":"3 Shapes","floor":36,"turns":5},{"damage":22,"enemies":"Writhing Mass","floor":38,"turns":8},{"damage":0,"enemies":"Nemesis","floor":40,"turns":5},{"damage":8,"enemies":"Sphere and 2 Shapes","floor":42,"turns":6},{"damage":0,"enemies":"4 Shapes","floor":44,"turns":6},{"damage":1,"enemies":"Giant Head","floor":47,"turns":4},{"damage":0,"enemies":"Maw","floor":48,"turns":6},{"damage":26,"enemies":"Donu and Deca","floor":50,"turns":6}],"seed_played":"3602972962144402643","potions_obtained":[{"floor":3,"key":"Dexterity Potion"},{"floor":5,"key":"BloodPotion"},{"floor":7,"key":"SpeedPotion"},{"floor":10,"key":"FearPotion"},{"floor":11,"key":"PowerPotion"},{"floor":13,"key":"Strength Potion"},{"floor":27,"key":"Regen Potion"},{"floor":30,"key":"Dexterity Potion"},{"floor":35,"key":"AttackPotion"},{"floor":38,"key":"Explosive Potion"},{"floor":48,"key":"AttackPotion"}],"is_trial":false,"path_per_floor":["M","M","M","?","M","R","E","R","T","M","E","T","?","?","R","B",null,"M","?","M","$","M","R","E","R","T","E","?","$","?","M","R","B",null,"M","M","$","M","T","E","R","M","T","M","$","?","E","M","R","B",null],"character_chosen":"IRONCLAD","items_purchased":["Oddly Smooth Stone","Ghostly Armor","Headbutt","Battle Trance","Armaments","Master of Strategy","Dexterity Potion","PreservedInsect","Shrug It Off","Uppercut","Strength Potion"],"campfire_rested":0,"item_purchase_floors":[21,21,21,21,29,29,29,37,37,45,45],"current_hp_per_floor":[76,80,80,80,70,70,52,52,52,53,40,40,36,36,36,26,80,72,72,77,77,73,73,64,64,64,54,57,57,57,60,60,30,84,84,84,84,78,78,88,88,90,90,90,90,90,90,92,92,82],"gold":109,"neow_bonus":"ONE_RARE_RELIC","is_prod":false,"is_daily":false,"chose_seed":false,"campfire_upgraded":8,"win_rate":1,"timestamp":1555898853,"path_taken":["M","M","M","?","M","R","E","R","T","?","E","?","?","?","R","BOSS","M","?","M","$","M","R","E","R","T","E","?","$","?","M","R","BOSS","M","M","$","M","?","E","R","M","T","M","$","?","E","M","R","BOSS"],"build_version":"2019-01-23","purchased_purges":3,"victory":true,"max_hp_per_floor":[80,80,80,80,80,80,80,80,80,80,80,80,80,80,80,80,80,80,80,80,80,80,80,80,80,80,82,82,82,82,84,84,84,84,84,84,84,86,86,88,88,90,90,90,90,90,90,92,92,92],"card_choices":[{"not_picked":["Dropkick","Anger"],"picked":"Perfected Strike","floor":1},{"not_picked":["Seeing Red","Wild Strike"],"picked":"Battle Trance","floor":2},{"not_picked":["Flame Barrier","Feel No Pain"],"picked":"Battle Trance","floor":3},{"not_picked":["Infernal Blade","Clash"],"picked":"Disarm","floor":5},{"not_picked":["Second Wind","Dropkick"],"picked":"Perfected Strike","floor":7},{"not_picked":["Havoc","Pommel Strike"],"picked":"Clothesline","floor":10},{"not_picked":["Anger","Hemokinesis"],"picked":"Disarm","floor":11},{"not_picked":["Clash","Iron Wave"],"picked":"Spot Weakness","floor":13},{"not_picked":["Reaper","Dark Embrace"],"picked":"Limit Break","floor":16},{"not_picked":["Armaments","Twin Strike"],"picked":"Iron Wave+1","floor":18},{"not_picked":["Sword Boomerang","Barricade"],"picked":"Shrug It Off","floor":20},{"not_picked":["Entrench+1","Sword Boomerang"],"picked":"Twin Strike+1","floor":22},{"not_picked":["Body Slam","Bloodletting"],"picked":"Juggernaut","floor":24},{"not_picked":["Battle Trance","Sentinel","Rampage"],"picked":"Singing Bowl","floor":27},{"not_picked":["Heavy Blade","Wild Strike"],"picked":"Rage+1","floor":28},{"not_picked":["True Grit","Bloodletting","Double Tap"],"picked":"Singing Bowl","floor":31},{"not_picked":["Dark Embrace","Fiend Fire"],"picked":"Reaper","floor":33},{"not_picked":["Body Slam","True Grit+1"],"picked":"Headbutt","floor":35},{"not_picked":["Anger","Pommel Strike+1"],"picked":"Shockwave+1","floor":36},{"not_picked":["Body Slam+1","Wild Strike+1","Iron Wave"],"picked":"Singing Bowl","floor":38},{"not_picked":["Warcry+1","Disarm","Heavy Blade"],"picked":"Singing Bowl","floor":40},{"not_picked":["Sword Boomerang","Burning Pact","Hemokinesis"],"picked":"Singing Bowl","floor":42},{"not_picked":["Clash","True Grit"],"picked":"Reaper","floor":44},{"not_picked":["Dropkick+1","Entrench+1"],"picked":"Headbutt+1","floor":47},{"not_picked":["Perfected Strike","True Grit","Headbutt"],"picked":"Singing Bowl","floor":48}],"player_experience":488766,"relics_obtained":[{"floor":7,"key":"Singing Bowl"},{"floor":9,"key":"Boot"},{"floor":11,"key":"Centennial Puzzle"},{"floor":12,"key":"Tiny Chest"},{"floor":13,"key":"Odd Mushroom"},{"floor":24,"key":"Old Coin"},{"floor":26,"key":"Bag of Preparation"},{"floor":27,"key":"MawBank"},{"floor":28,"key":"Red Mask"},{"floor":39,"key":"Pen Nib"},{"floor":40,"key":"Orichalcum"},{"floor":43,"key":"Anchor"},{"floor":47,"key":"Potion Belt"}],"event_choices":[{"damage_healed":0,"gold_gain":100,"player_choice":"Pray","damage_taken":0,"max_hp_gain":0,"max_hp_loss":0,"event_name":"Golden Shrine","floor":4,"gold_loss":0},{"damage_healed":0,"gold_gain":0,"player_choice":"Fought Mushrooms","damage_taken":0,"max_hp_gain":0,"max_hp_loss":0,"event_name":"Mushrooms","floor":13,"gold_loss":0},{"damage_healed":0,"gold_gain":68,"player_choice":"Gained Gold","damage_taken":0,"max_hp_gain":0,"max_hp_loss":0,"event_name":"Golden Wing","floor":14,"gold_loss":0},{"damage_healed":0,"gold_gain":0,"player_choice":"Ignored","damage_taken":0,"max_hp_gain":0,"max_hp_loss":0,"event_name":"Vampires","floor":19,"gold_loss":0},{"damage_healed":0,"gold_gain":0,"player_choice":"Fought Bandits","damage_taken":0,"max_hp_gain":0,"max_hp_loss":0,"event_name":"Masked Bandits","floor":28,"gold_loss":0},{"damage_healed":0,"gold_gain":0,"player_choice":"Got Potions","damage_taken":0,"max_hp_gain":0,"max_hp_loss":0,"event_name":"Lab","floor":30,"gold_loss":0},{"damage_healed":0,"gold_gain":0,"player_choice":"Ignored","damage_taken":0,"max_hp_gain":0,"max_hp_loss":0,"event_name":"NoteForYourself","floor":46,"gold_loss":0}],"is_beta":false,"boss_relics":[{"not_picked":["Fusion Hammer","White Beast Statue"],"picked":"Coffee Dripper"},{"not_picked":["Black Blood","Astrolabe"],"picked":"Snecko Eye"}],"items_purged_floors":[21,29,37],"is_endless":false,"potions_floor_spawned":[3,5,7,10,11,13,22,27,31,35,38,40,48],"ascension_level":0}