{"gold_per_floor":[109,129,53,68,88,88,13,13,13,24,40,115,125,143,143,238,238,256,531,550,302,313,313,332,347,400,411,411,67,67,67,67,67],"floor_reached":33,"playtime":1490,"items_purged":["Writhe","Regret","Strike_R"],"score":243,"play_id":"58191600-01d9-4d5e-b5af-939a61cce9b5","local_time":"20190309222809","is_ascension_mode":false,"campfire_choices":[{"data":"Armaments","floor":6,"key":"SMITH"},{"data":"Bash","floor":8,"key":"SMITH"},{"data":"Iron Wave","floor":15,"key":"SMITH"},{"data":"Bludgeon","floor":23,"key":"SMITH"},{"data":"Whirlwind","floor":28,"key":"SMITH"},{"floor":32,"key":"REST"}],"neow_cost":"CURSE","seed_source_timestamp":1236744054604429,"circlet_count":0,"master_deck":["Strike_R","Strike_R","Strike_R","Strike_R","Defend_R","Defend_R","Defend_R","Defend_R","Bash+1","Dramatic Entrance","Sadistic Nature","Spot Weakness","Iron Wave+1","Whirlwind+1","Armaments+1","Shrug It Off+1","Flame Barrier+1","Headbutt","Flex+1","Bludgeon+1","Twin Strike+1","Warcry+1","Shrug It Off+1","Rage+1","Twin Strike","Headbutt+1","Battle Trance+1","Reaper","Writhe"],"relics":["Black Blood","Toxic Egg 2","Oddly Smooth Stone","Gremlin Horn"],"potions_floor_usage":[10,18,24,33,33,33,33,33,33],"damage_taken":[{"damage":1,"enemies":"2 Louse","floor":1,"turns":2},{"damage":0,"enemies":"Small Slimes","floor":2,"turns":2},{"damage":5,"enemies":"Cultist","floor":4,"turns":4},{"damage":5,"enemies":"Lots of Slimes","floor":5,"turns":2},{"damage":1,"enemies":"2 Fungi Beasts","floor":10,"turns":3},{"damage":2,"enemies":"Exordium Wildlife","floor":11,"turns":3},{"damage":0,"enemies":"Blue Slaver","floor":13,"turns":4},{"damage":0,"enemies":"3 Louse","floor":14,"turns":1},{"damage":54,"enemies":"Hexaghost","floor":16,"turns":10},{"damage":21,"enemies":"Spheric Guardian","floor":18,"turns":6},{"damage":12,"enemies":"Chosen","floor":20,"turns":4},{"damage":0,"enemies":"Snecko","floor":22,"turns":4},{"damage":16,"enemies":"Centurion and Healer","floor":24,"turns":6},{"damage":26,"enemies":"3 Cultists","floor":25,"turns":6},{"damage":26,"enemies":"Cultist and Chosen","floor":27,"turns":7},{"damage":96,"enemies":"Champ","floor":33,"turns":17}],"seed_played":"6969176762813117661","potions_obtained":[{"floor":1,"key":"EssenceOfSteel"},{"floor":4,"key":"SkillPotion"},{"floor":10,"key":"Fruit Juice"},{"floor":13,"key":"EntropicBrew"},{"floor":22,"key":"Poison Potion"},{"floor":25,"key":"SpeedPotion"}],"is_trial":false,"path_per_floor":["M","M","$","M","M","R","$","R","T","M","M","?","M","M","R","B",null,"M","?","M","$","M","R","M","M","T","M","R","$","?","$","R","B"],"character_chosen":"IRONCLAD","items_purchased":["Whirlwind","Oddly Smooth Stone","Battle Trance+1","Reaper"],"campfire_rested":1,"item_purchase_floors":[3,21,29,29],"current_hp_per_floor":[80,80,80,80,80,80,80,80,80,85,85,74,80,85,85,37,85,74,74,72,72,82,82,76,60,60,44,44,44,44,44,69,0],"gold":67,"neow_bonus":"RANDOM_COLORLESS_2","is_prod":false,"is_daily":false,"chose_seed":false,"campfire_upgraded":5,"win_rate":0,"timestamp":1552141689,"path_taken":["M","M","$","M","M","R","$","R","T","M","M","?","M","M","R","BOSS","M","?","M","$","M","R","M","?","T","?","R","$","?","?","R","BOSS"],"build_version":"2019-01-23","purchased_purges":3,"victory":false,"max_hp_per_floor":[80,80,80,80,80,80,80,80,80,85,85,85,85,85,85,85,85,85,85,85,85,85,85,85,85,85,85,85,85,85,85,85,85],"card_choices":[{"not_picked":["Twin Strike","Hemokinesis"],"picked":"Spot Weakness","floor":1},{"not_picked":["Havoc","Evolve"],"picked":"Iron Wave","floor":2},{"not_picked":["Shockwave","Disarm"],"picked":"Armaments","floor":4},{"not_picked":["Anger","Clothesline","Warcry"],"picked":"SKIP","floor":5},{"not_picked":["Fire Breathing","Heavy Blade"],"picked":"Shrug It Off+1","floor":10},{"not_picked":["Perfected Strike","Clash"],"picked":"Flame Barrier+1","floor":11},{"not_picked":["Whirlwind","Havoc+1"],"picked":"Headbutt","floor":13},{"not_picked":["Dual Wield+1","Headbutt"],"picked":"Flex+1","floor":14},{"not_picked":["Fiend Fire","Barricade"],"picked":"Bludgeon","floor":16},{"not_picked":["Perfected Strike","Shrug It Off+1"],"picked":"Twin Strike+1","floor":18},{"not_picked":["Havoc+1","Dropkick"],"picked":"Warcry+1","floor":20},{"not_picked":["Clash","Headbutt"],"picked":"Shrug It Off+1","floor":22},{"not_picked":["Wild Strike","Clothesline"],"picked":"Rage+1","floor":24},{"not_picked":["Pommel Strike","Headbutt"],"picked":"Twin Strike","floor":25},{"not_picked":["Sentinel+1","Cleave"],"picked":"Headbutt+1","floor":27}],"player_experience":782970,"relics_obtained":[{"floor":9,"key":"Toxic Egg 2"}],"event_choices":[{"damage_healed":0,"gold_gain":75,"player_choice":"Gather Gold","damage_taken":11,"max_hp_gain":0,"max_hp_loss":0,"event_name":"World of Goop","floor":12,"gold_loss":0},{"damage_healed":0,"gold_gain":275,"player_choice":"Desecrate","damage_taken":0,"max_hp_gain":0,"max_hp_loss":0,"event_name":"Golden Shrine","floor":19,"gold_loss":0,"cards_obtained":["Regret"]},{"damage_healed":0,"gold_gain":0,"player_choice":"Opened","damage_taken":0,"relics_obtained":["Gremlin Horn"],"max_hp_gain":0,"max_hp_loss":0,"event_name":"The Mausoleum","floor":30,"gold_loss":0,"cards_obtained":["Writhe"]}],"is_beta":false,"boss_relics":[{"not_picked":["Runic Dome","Runic Cube"],"picked":"Black Blood"}],"items_purged_floors":[7,21,29],"is_endless":false,"potions_floor_spawned":[1,4,10,13,16,22,25],"killed_by":"Champ","ascension_level":0}