{"gold_per_floor":[113,113,113,18,18,18,18,49,75,75,87,87,87,107,107,204,204,221,203,84,101,101,101,114,114,140,140,151,151,170,270,270,270],"floor_reached":33,"playtime":3192,"items_purged":[],"score":268,"play_id":"b6273c8c-8c6d-4936-8bcf-c60d2e55ed54","local_time":"20190210023459","is_ascension_mode":false,"campfire_choices":[{"data":"Whirlwind","floor":6,"key":"SMITH"},{"floor":13,"key":"REST"},{"data":"Armaments","floor":15,"key":"SMITH"},{"data":"Body Slam","floor":23,"key":"SMITH"},{"floor":25,"key":"REST"},{"floor":27,"key":"REST"},{"data":"Shockwave","floor":29,"key":"SMITH"},{"data":"Infernal Blade","floor":32,"key":"SMITH"}],"neow_cost":"NONE","seed_source_timestamp":989579615788800,"circlet_count":0,"master_deck":["Strike_R","Strike_R","Strike_R","Defend_R","Defend_R","Defend_R+1","Defend_R","Bash","Ghostly Armor","Whirlwind+1","Good Instincts","Rage","Flex","Armaments+1","Offering","Body Slam+1","Infernal Blade+1","Anger","Ghostly Armor","Clash","Iron Wave+1","Shockwave+1","Cleave","Twin Strike","Rage","Rupture","Double Tap+1"],"relics":["Burning Blood","Self Forming Clay","Anchor","Pear","Orrery","Matryoshka","Blood Vial","Bag of Preparation","Calipers","Toxic Egg 2"],"potions_floor_usage":[16,16,33],"damage_taken":[{"damage":2,"enemies":"2 Louse","floor":1,"turns":3},{"damage":70,"enemies":"Lagavulin","floor":8,"turns":13},{"damage":1,"enemies":"Jaw Worm","floor":11,"turns":2},{"damage":0,"enemies":"Small Slimes","floor":14,"turns":2},{"damage":48,"enemies":"Slime Boss","floor":16,"turns":14},{"damage":28,"enemies":"Chosen","floor":18,"turns":6},{"damage":23,"enemies":"2 Thieves","floor":19,"turns":4},{"damage":10,"enemies":"Centurion and Healer","floor":21,"turns":6},{"damage":22,"enemies":"Shelled Parasite and Fungi","floor":24,"turns":6},{"damage":6,"enemies":"Snake Plant","floor":28,"turns":5},{"damage":5,"enemies":"Centurion and Healer","floor":30,"turns":6},{"damage":12,"enemies":"Colosseum Slavers","floor":31,"turns":6},{"damage":43,"enemies":"Colosseum Nobs","floor":31,"turns":5},{"damage":56,"enemies":"Automaton","floor":33,"turns":6}],"seed_played":"-1891306257087798539","potions_obtained":[{"floor":8,"key":"Ancient Potion"},{"floor":14,"key":"Block Potion"},{"floor":21,"key":"SneckoOil"},{"floor":28,"key":"Poison Potion"}],"is_trial":false,"path_per_floor":["M","$","?","$","?","R","?","E","T","T","M","?","R","M","R","B",null,"M","M","?","M","?","R","M","R","T","R","M","R","M","?","R","B"],"character_chosen":"IRONCLAD","items_purchased":["Good Instincts"],"campfire_rested":3,"item_purchase_floors":[4],"current_hp_per_floor":[80,80,85,85,85,85,85,21,21,31,36,36,64,70,70,28,95,73,56,56,52,52,52,36,64,64,92,94,94,95,54,54,0],"gold":270,"neow_bonus":"TRANSFORM_CARD","is_prod":false,"is_daily":false,"chose_seed":false,"campfire_upgraded":5,"win_rate":0.0,"timestamp":1549762499,"path_taken":["M","$","?","$","?","R","?","E","T","?","M","?","R","M","R","BOSS","M","M","?","?","?","R","?","R","T","R","M","R","M","?","R","BOSS"],"build_version":"2019-01-23","purchased_purges":0,"victory":false,"max_hp_per_floor":[80,80,85,85,85,85,85,85,85,95,95,95,95,95,95,95,95,95,95,95,95,95,95,95,95,95,95,95,95,95,95,95,95],"card_choices":[{"not_picked":["Clothesline","Burning Pact"],"picked":"Whirlwind","floor":1},{"not_picked":["Pommel Strike","Iron Wave"],"picked":"Rage","floor":8},{"not_picked":["Headbutt","Warcry"],"picked":"Flex","floor":11},{"not_picked":["Corruption","Limit Break"],"picked":"Armaments","floor":14},{"not_picked":["Fiend Fire","Limit Break"],"picked":"Offering","floor":16},{"not_picked":["Metallicize","Thunderclap"],"picked":"Body Slam","floor":17},{"not_picked":["Clothesline","Perfected Strike"],"picked":"Infernal Blade","floor":17},{"not_picked":["Blood for Blood","Sword Boomerang"],"picked":"Anger","floor":17},{"not_picked":["Second Wind","Intimidate"],"picked":"Ghostly Armor","floor":17},{"not_picked":["Rage","Thunderclap"],"picked":"Clash","floor":17},{"not_picked":["Whirlwind","Reckless Charge"],"picked":"Iron Wave+1","floor":18},{"not_picked":["Headbutt+1","Offering"],"picked":"Shockwave","floor":19},{"not_picked":["Uppercut","Bloodletting"],"picked":"Cleave","floor":21},{"not_picked":["Thunderclap","Headbutt"],"picked":"Twin Strike","floor":24},{"not_picked":["Thunderclap","Inflame"],"picked":"Rage","floor":28},{"not_picked":["Cleave+1","Armaments+1"],"picked":"Rupture","floor":30},{"not_picked":["Second Wind","Rampage"],"picked":"Double Tap","floor":31}],"player_experience":4853,"relics_obtained":[{"floor":8,"key":"Self Forming Clay"},{"floor":9,"key":"Anchor"},{"floor":10,"key":"Pear"},{"floor":26,"key":"Blood Vial"},{"floor":26,"key":"Bag of Preparation"},{"floor":31,"key":"Calipers"},{"floor":31,"key":"Toxic Egg 2"}],"event_choices":[{"damage_healed":0,"gold_gain":0,"player_choice":"Donut","damage_taken":0,"max_hp_gain":5,"max_hp_loss":0,"event_name":"Big Fish","floor":3,"gold_loss":0},{"damage_healed":0,"gold_gain":0,"player_choice":"Leave","damage_taken":0,"max_hp_gain":0,"max_hp_loss":0,"event_name":"The Cleric","floor":5,"gold_loss":0},{"damage_healed":0,"gold_gain":0,"player_choice":"Grow","damage_taken":0,"max_hp_gain":0,"max_hp_loss":0,"event_name":"Living Wall","floor":7,"gold_loss":0,"cards_upgraded":["Defend_R"]},{"damage_healed":0,"gold_gain":0,"player_choice":"Ignored","damage_taken":0,"max_hp_gain":0,"max_hp_loss":0,"event_name":"Golden Wing","floor":12,"gold_loss":0},{"damage_healed":0,"gold_gain":0,"player_choice":"Paid Gold","damage_taken":0,"relics_obtained":["Matryoshka"],"max_hp_gain":0,"max_hp_loss":0,"event_name":"WeMeetAgain","floor":20,"gold_loss":119},{"cards_removed":["Strike_R"],"damage_healed":0,"gold_gain":0,"player_choice":"Purged","damage_taken":0,"max_hp_gain":0,"max_hp_loss":0,"event_name":"Purifier","floor":22,"gold_loss":0},{"damage_healed":0,"gold_gain":0,"player_choice":"Fight","damage_taken":0,"max_hp_gain":0,"max_hp_loss":0,"event_name":"Colosseum","floor":31,"gold_loss":0},{"damage_healed":0,"gold_gain":0,"player_choice":"Fought Nobs","damage_taken":0,"max_hp_gain":0,"max_hp_loss":0,"event_name":"Colosseum","floor":31,"gold_loss":0}],"is_beta":false,"boss_relics":[{"not_picked":["Sozu","Snecko Eye"],"picked":"Orrery"}],"items_purged_floors":[],"is_endless":false,"potions_floor_spawned":[8,14,21,28],"killed_by":"Automaton","ascension_level":0}