{"gold_per_floor":[213,213,8,8,18,49,97,97,121,133,133,143,143,160,160,265,265,278,38,38,55,55,55,80,80],"floor_reached":25,"playtime":1824,"items_purged":["Strike_B"],"score":252,"play_id":"589415dc-3209-4509-b52a-8cfdd6d38b4b","local_time":"20190227120807","is_ascension_mode":true,"campfire_choices":[{"floor":11.0,"key":"REST"},{"floor":15.0,"key":"REST"},{"floor":23,"key":"REST"}],"neow_cost":"NONE","seed_source_timestamp":0,"circlet_count":0,"master_deck":["Strike_B","Strike_B","Strike_B","Defend_B","Defend_B","Defend_B","Defend_B+1","Zap","Dualcast","Barrage+1","Conserve Battery+1","Chill+1","Ball Lightning","Leap","Barrage","Thunder Strike","Redo","Darkness","Ball Lightning+1","Writhe","BootSequence"],"special_seed":0,"relics":["Cracked Core","Potion Belt","Toolbox","Strawberry","Happy Flower","Oddly Smooth Stone","Dodecahedron","Inserter","Tiny Chest","Bronze Scales","War Paint"],"potions_floor_usage":[16],"damage_taken":[{"damage":0.0,"enemies":"Cultist","floor":1.0,"turns":4.0},{"damage":0.0,"enemies":"2 Louse","floor":5.0,"turns":3.0},{"damage":38.0,"enemies":"3 Sentries","floor":6.0,"turns":9.0},{"damage":0.0,"enemies":"Jaw Worm","floor":10.0,"turns":3.0},{"damage":3.0,"enemies":"Looter","floor":12.0,"turns":3.0},{"damage":0.0,"enemies":"Large Slime","floor":14.0,"turns":5.0},{"damage":35,"enemies":"Hexaghost","floor":16,"turns":12},{"damage":6,"enemies":"Chosen","floor":18,"turns":3},{"damage":24,"enemies":"2 Thieves","floor":21,"turns":4},{"damage":41,"enemies":"Book of Stabbing","floor":24,"turns":5},{"damage":21,"enemies":"Snecko","floor":25,"turns":4}],"seed_played":"-292262660877747926","potions_obtained":[{"floor":1.0,"key":"SkillPotion"}],"is_trial":false,"path_per_floor":["M","?","$","?","M","E","T","?","T","M","R","M","T","M","R","B",null,"M","$","?","M","?","R","E","M"],"character_chosen":"DEFECT","items_purchased":["Toolbox","Tiny Chest","Darkness"],"campfire_rested":3,"item_purchase_floors":[3,19,19],"current_hp_per_floor":[75,63,63,63,63,32,32,16,16,16,40,37,37,37,61,26,82,76,76,60,36,36,62,21,0],"gold":80,"neow_bonus":"HUNDRED_GOLD","is_prod":false,"is_daily":false,"chose_seed":false,"campfire_upgraded":0,"win_rate":0,"timestamp":1551290887,"path_taken":["M","?","$","?","M","E","?","?","T","M","R","M","?","?","R","BOSS","M","$","?","M","?","R","E","M"],"build_version":"2019-01-23","purchased_purges":1,"victory":false,"max_hp_per_floor":[75,75,75,75,75,82,82,82,82,82,82,82,82,82,82,82,82,82,82,87,87,87,87,87,87],"card_choices":[{"not_picked":["Sweeping Beam","Heatsinks"],"picked":"Barrage","floor":1.0},{"not_picked":["Barrage","Turbo"],"picked":"Conserve Battery","floor":5.0},{"not_picked":["Hyperbeam","Conserve Battery"],"picked":"Chill","floor":6.0},{"not_picked":["Gash","Sweeping Beam"],"picked":"Ball Lightning","floor":10.0},{"not_picked":["Ball Lightning","Beam Cell"],"picked":"Leap","floor":12.0},{"not_picked":["Sweeping Beam","Streamline"],"picked":"Barrage","floor":14.0},{"not_picked":["Seek","Rainbow"],"picked":"Thunder Strike","floor":16},{"not_picked":["Conserve Battery","Stack"],"picked":"Redo","floor":18},{"not_picked":["Compile Driver","Genetic Algorithm"],"picked":"Ball Lightning+1","floor":21},{"not_picked":["Recycle","Melter+1"],"picked":"BootSequence","floor":24}],"player_experience":223260,"relics_obtained":[{"floor":6.0,"key":"Strawberry"},{"floor":7.0,"key":"Happy Flower"},{"floor":9.0,"key":"Oddly Smooth Stone"},{"floor":13.0,"key":"Dodecahedron"},{"floor":24,"key":"War Paint"}],"event_choices":[{"damage_healed":0.0,"max_hp_gain":0.0,"max_hp_loss":0.0,"gold_gain":0.0,"event_name":"Scrap Ooze","player_choice":"Success","floor":2.0,"gold_loss":0.0,"damage_taken":12.0,"relics_obtained":["Potion Belt"]},{"damage_healed":0.0,"max_hp_gain":0.0,"max_hp_loss":0.0,"gold_gain":0.0,"event_name":"The Cleric","player_choice":"Leave","floor":4.0,"gold_loss":0.0,"damage_taken":0.0},{"damage_healed":0.0,"max_hp_gain":0.0,"max_hp_loss":0.0,"gold_gain":0.0,"event_name":"Shining Light","player_choice":"Entered Light","floor":8.0,"gold_loss":0.0,"damage_taken":16.0,"cards_upgraded":["Barrage","Conserve Battery"]},{"damage_healed":0,"gold_gain":0,"player_choice":"Shed Blood","damage_taken":21,"max_hp_gain":5,"max_hp_loss":0,"event_name":"Forgotten Altar","floor":20,"gold_loss":0},{"damage_healed":0,"gold_gain":0,"player_choice":"Opened","damage_taken":0,"relics_obtained":["Bronze Scales"],"max_hp_gain":0,"max_hp_loss":0,"event_name":"The Mausoleum","floor":22,"gold_loss":0,"cards_obtained":["Writhe"]}],"is_beta":false,"boss_relics":[{"not_picked":["Velvet Choker","Empty Cage"],"picked":"Inserter"}],"items_purged_floors":[19],"is_endless":false,"potions_floor_spawned":[1],"killed_by":"Snecko","ascension_level":3}