{"gold_per_floor":[213,228,242,98,116,116,136,154,180,190,190,216,236,262,262,357,357,373,273,288,288,563,563,574,590,590,590,618,618,618,57,57,159,159,169,180,225,225,225,225,146,163,163,188,216,230,250,250],"floor_reached":48,"playtime":3002,"items_purged":["Strike_B","Doubt","Regret"],"score":539,"play_id":"5855bdfe-585e-4ca3-b5aa-3fcea8b36512","local_time":"20190317144851","is_ascension_mode":false,"campfire_choices":[{"data":"Sunder","floor":6,"key":"SMITH"},{"data":"Genetic Algorithm","floor":11,"key":"SMITH"},{"data":"Zap","floor":15,"key":"SMITH"},{"data":"Static Discharge","floor":23,"key":"SMITH"},{"data":"Barrage","floor":30,"key":"SMITH"},{"data":"Defragment","floor":32,"key":"SMITH"},{"data":"Madness","floor":40,"key":"SMITH"}],"neow_cost":"NONE","seed_source_timestamp":1898827542113360,"circlet_count":0,"master_deck":["Defend_B","Defend_B","Defend_B","Defend_B","Zap+1","Dualcast","Chill","Genetic Algorithm+1","Glacier","FTL","Sunder+1","Glacier","Barrage+1","Streamline","Creative AI","Ball Lightning","Seek","Parasite","Injury","Cold Snap","Static Discharge+1","Writhe","Ball Lightning+1","Chaos+1","Bite","Bite","Bite","Bite","Bite","Chaos+1","Defragment+1","Amplify","Tempest","Leap+1","Sweeping Beam+1","PanicButton","Blind","Madness+1","Madness","Capacitor","Blizzard+1","Heatsinks+1","Coolheaded+1","Reprogram+1"],"relics":["Cracked Core","Anchor","Oddly Smooth Stone","Calling Bell","Kunai","Ginger","Lantern","Symbiotic Virus","Red Mask","Medical Kit","Bronze Scales","Coffee Dripper","Peace Pipe","Bottled Lightning","Centennial Puzzle","Potion Belt"],"potions_floor_usage":[12,24,28,28,33,37,45],"damage_taken":[{"damage":1,"enemies":"Cultist","floor":1,"turns":3},{"damage":0,"enemies":"Small Slimes","floor":2,"turns":3},{"damage":0,"enemies":"2 Louse","floor":3,"turns":3},{"damage":4,"enemies":"Lots of Slimes","floor":5,"turns":5},{"damage":2,"enemies":"3 Louse","floor":7,"turns":2},{"damage":4,"enemies":"Large Slime","floor":8,"turns":6},{"damage":0,"enemies":"Blue Slaver","floor":10,"turns":4},{"damage":3,"enemies":"Gremlin Nob","floor":12,"turns":5},{"damage":0,"enemies":"Looter","floor":13,"turns":2},{"damage":18,"enemies":"Slime Boss","floor":16,"turns":7},{"damage":4,"enemies":"Chosen","floor":18,"turns":5},{"damage":6,"enemies":"3 Byrds","floor":20,"turns":4},{"damage":18,"enemies":"Snake Plant","floor":24,"turns":4},{"damage":14,"enemies":"Centurion and Healer","floor":25,"turns":5},{"damage":19,"enemies":"Masked Bandits","floor":28,"turns":3},{"damage":41,"enemies":"Automaton","floor":33,"turns":11},{"damage":0,"enemies":"Orb Walker","floor":35,"turns":4},{"damage":7,"enemies":"3 Darklings","floor":36,"turns":4},{"damage":19,"enemies":"2 Orb Walkers","floor":37,"turns":4},{"damage":18,"enemies":"Jaw Worm Horde","floor":42,"turns":4},{"damage":24,"enemies":"Reptomancer","floor":45,"turns":7},{"damage":1,"enemies":"Maw","floor":46,"turns":7},{"damage":0,"enemies":"4 Shapes","floor":47,"turns":10},{"damage":37,"enemies":"Giant Head","floor":48,"turns":5}],"seed_played":"1196170908045655106","potions_obtained":[{"floor":3,"key":"Strength Potion"},{"floor":7,"key":"SpeedPotion"},{"floor":8,"key":"Regen Potion"},{"floor":10,"key":"FearPotion"},{"floor":12,"key":"PowerPotion"},{"floor":25,"key":"Dexterity Potion"},{"floor":28,"key":"FearPotion"},{"floor":33,"key":"FearPotion"},{"floor":36,"key":"Weak Potion"},{"floor":45,"key":"GamblersBrew"}],"is_trial":false,"path_per_floor":["M","M","M","$","M","R","M","M","T","M","R","E","M","T","R","B",null,"M","$","M","?","?","R","M","M","T","?","?","?","R","$","R","B",null,"M","M","?","?","?","R","$","M","T","T","E","M","M","E"],"character_chosen":"DEFECT","items_purchased":["FTL","Defragment","Medical Kit","Bronze Scales","Capacitor"],"campfire_rested":0,"item_purchase_floors":[4,31,31,31,41],"current_hp_per_floor":[74,74,74,74,70,70,68,64,64,64,64,61,61,61,61,43,75,71,71,67,67,67,67,63,51,51,51,38,63,63,63,63,34,75,75,72,55,50,41,41,41,23,23,23,9,18,32,0],"gold":250,"neow_bonus":"HUNDRED_GOLD","is_prod":false,"is_daily":false,"chose_seed":false,"campfire_upgraded":7,"win_rate":0,"timestamp":1552805331,"path_taken":["M","M","M","$","M","R","M","M","T","M","R","E","M","?","R","BOSS","M","$","M","?","?","R","?","M","T","?","?","?","R","$","R","BOSS","M","M","?","?","?","R","?","M","T","?","E","M","M","E"],"build_version":"2019-01-23","purchased_purges":3,"victory":false,"max_hp_per_floor":[75,75,75,75,75,75,75,75,75,75,75,75,75,75,75,75,75,75,75,75,75,75,75,75,75,75,75,75,75,75,75,75,75,75,75,75,75,75,75,75,75,75,75,75,75,75,75,75],"card_choices":[{"not_picked":["Barrage","Coolheaded"],"picked":"Chill","floor":1},{"not_picked":["Rebound","Barrage"],"picked":"Genetic Algorithm","floor":2},{"not_picked":["Redo","Streamline"],"picked":"Glacier","floor":3},{"not_picked":["Reinforced Body","Go for the Eyes"],"picked":"Sunder","floor":5},{"not_picked":["Coolheaded","Compile Driver"],"picked":"Glacier","floor":7},{"not_picked":["BootSequence","Sweeping Beam"],"picked":"Barrage","floor":8},{"not_picked":["Double Energy","Go for the Eyes"],"picked":"Streamline","floor":10},{"not_picked":["Sweeping Beam","Redo"],"picked":"Creative AI","floor":12},{"not_picked":["Undo","Streamline"],"picked":"Ball Lightning","floor":13},{"not_picked":["Hyperbeam","Buffer"],"picked":"Seek","floor":16},{"not_picked":["Skim","Barrage"],"picked":"Cold Snap","floor":18},{"not_picked":["Turbo","Storm"],"picked":"Static Discharge","floor":20},{"not_picked":["Rebound","Leap"],"picked":"Ball Lightning+1","floor":24},{"not_picked":["Gash","Streamline"],"picked":"Chaos+1","floor":25},{"not_picked":["Barrage","Fission"],"picked":"Chaos+1","floor":28},{"not_picked":["Multi-Cast","Rainbow"],"picked":"Amplify","floor":33},{"not_picked":["Reinforced Body","Steam Power"],"picked":"Tempest","floor":35},{"not_picked":["Defragment","Tempest+1"],"picked":"Leap+1","floor":36},{"not_picked":["Leap+1","Turbo"],"picked":"Sweeping Beam+1","floor":37},{"not_picked":["Good Instincts","Mind Blast"],"picked":"PanicButton","floor":38},{"not_picked":["Flash of Steel","Swift Strike"],"picked":"Blind","floor":38},{"not_picked":["Lockon","Cold Snap"],"picked":"Blizzard+1","floor":42},{"not_picked":["Barrage+1","Scrape"],"picked":"Heatsinks+1","floor":45},{"not_picked":["Rebound+1","Defragment"],"picked":"Coolheaded+1","floor":46},{"not_picked":["Auto Shields","Melter+1"],"picked":"Reprogram+1","floor":47}],"player_experience":848347,"relics_obtained":[{"floor":12,"key":"Anchor"},{"floor":14,"key":"Oddly Smooth Stone"},{"floor":17,"key":"Blood Vial"},{"floor":17,"key":"Kunai"},{"floor":17,"key":"Ginger"},{"floor":26,"key":"Symbiotic Virus"},{"floor":28,"key":"Red Mask"},{"floor":37,"key":"Peace Pipe"},{"floor":43,"key":"Bottled Lightning"},{"floor":44,"key":"Centennial Puzzle"},{"floor":45,"key":"Potion Belt"}],"event_choices":[{"damage_healed":0,"gold_gain":0,"player_choice":"Opened","damage_taken":0,"relics_obtained":["Lantern"],"max_hp_gain":0,"max_hp_loss":0,"event_name":"The Mausoleum","floor":21,"gold_loss":0,"cards_obtained":["Writhe"]},{"damage_healed":0,"gold_gain":275,"player_choice":"Desecrate","damage_taken":0,"max_hp_gain":0,"max_hp_loss":0,"event_name":"Golden Shrine","floor":22,"gold_loss":0,"cards_obtained":["Regret"]},{"damage_healed":0,"gold_gain":0,"player_choice":"Became a vampire (Vial)","damage_taken":0,"max_hp_gain":0,"max_hp_loss":0,"event_name":"Vampires","floor":27,"relics_lost":["Blood Vial"],"gold_loss":0,"cards_obtained":["Bite","Bite","Bite","Bite","Bite"]},{"damage_healed":0,"gold_gain":0,"player_choice":"Fought Bandits","damage_taken":0,"max_hp_gain":0,"max_hp_loss":0,"event_name":"Masked Bandits","floor":28,"gold_loss":0},{"damage_healed":25,"gold_gain":0,"player_choice":"Heal","damage_taken":0,"max_hp_gain":0,"max_hp_loss":0,"event_name":"The Library","floor":29,"gold_loss":0},{"damage_healed":0,"gold_gain":0,"player_choice":"Fight","damage_taken":0,"max_hp_gain":0,"max_hp_loss":0,"event_name":"Mysterious Sphere","floor":37,"gold_loss":0},{"damage_healed":0,"gold_gain":0,"player_choice":"Memory 2","damage_taken":5,"max_hp_gain":0,"max_hp_loss":0,"event_name":"SensoryStone","floor":38,"gold_loss":0},{"damage_healed":0,"gold_gain":0,"player_choice":"Embrace Madness","damage_taken":9,"max_hp_gain":0,"max_hp_loss":0,"event_name":"Winding Halls","floor":39,"gold_loss":0,"cards_obtained":["Madness","Madness"]}],"is_beta":false,"boss_relics":[{"not_picked":["Snecko Eye","Tiny House"],"picked":"Calling Bell"},{"not_picked":["Inserter","FrozenCore"],"picked":"Coffee Dripper"}],"items_purged_floors":[4,19,31],"is_endless":false,"potions_floor_spawned":[3,7,8,10,12,25,28,33,36,45],"killed_by":"Giant Head","ascension_level":0}