{"gold_per_floor":[112,87,110,122,122,122,152,165,165,165],"floor_reached":10,"playtime":489,"items_purged":[],"score":76,"play_id":"a40c7a4d-baa5-41bc-9f21-10c0a2ae9793","local_time":"20190310010414","is_ascension_mode":true,"campfire_choices":[{"data":"Shrug It Off","floor":6,"key":"SMITH"}],"neow_cost":"TEN_PERCENT_HP_LOSS","seed_source_timestamp":106372909093962,"circlet_count":0,"master_deck":["Strike_R","Strike_R","Strike_R","Strike_R","Strike_R","Defend_R","Defend_R","Defend_R","Defend_R","Bash","Dual Wield","Shrug It Off+1","Rupture","Body Slam","Intimidate","Entrench"],"relics":["Burning Blood","Bird Faced Urn","Centennial Puzzle","Red Skull","Nunchaku"],"potions_floor_usage":[7,10,10],"damage_taken":[{"damage":6,"enemies":"Cultist","floor":1,"turns":3},{"damage":8,"enemies":"2 Louse","floor":4,"turns":3},{"damage":38,"enemies":"Gremlin Nob","floor":7,"turns":5},{"damage":7,"enemies":"Jaw Worm","floor":8,"turns":3},{"damage":45,"enemies":"3 Sentries","floor":10,"turns":4}],"seed_played":"7252757070601139212","potions_obtained":[{"floor":4,"key":"SkillPotion"},{"floor":7,"key":"Fire Potion"},{"floor":8,"key":"Swift Potion"}],"is_trial":false,"path_per_floor":["M","$","T","M","?","R","E","M","T","E"],"character_chosen":"IRONCLAD","items_purchased":["Shrug It Off"],"campfire_rested":0,"item_purchase_floors":[2],"current_hp_per_floor":[72,72,72,70,70,70,38,37,37,0],"gold":165,"neow_bonus":"ONE_RARE_RELIC","is_prod":false,"is_daily":false,"chose_seed":false,"campfire_upgraded":1,"win_rate":0,"timestamp":1552201454,"path_taken":["M","$","?","?","?","R","E","M","T","E"],"build_version":"2019-01-23","purchased_purges":0,"victory":false,"max_hp_per_floor":[72,72,72,72,72,72,72,72,72,72],"card_choices":[{"not_picked":["Cleave","Heavy Blade"],"picked":"Dual Wield","floor":1},{"not_picked":["Sword Boomerang","Corruption"],"picked":"Rupture","floor":4},{"not_picked":["Sever Soul","Flex"],"picked":"Intimidate","floor":7},{"not_picked":["Power Through","Sword Boomerang"],"picked":"Entrench","floor":8}],"player_experience":260281,"relics_obtained":[{"floor":3,"key":"Centennial Puzzle"},{"floor":7,"key":"Red Skull"},{"floor":9,"key":"Nunchaku"}],"event_choices":[{"damage_healed":0,"gold_gain":0,"player_choice":"1 cards matched","damage_taken":0,"max_hp_gain":0,"max_hp_loss":0,"event_name":"Match and Keep!","floor":5,"gold_loss":0,"cards_obtained":["Body Slam"]}],"is_beta":false,"boss_relics":[],"items_purged_floors":[],"is_endless":false,"potions_floor_spawned":[4,7,8],"killed_by":"3 Sentries","ascension_level":3}