{"gold_per_floor":[212,212,212,65,81,81,156,156,156,156,231,255,255,276,276,401,401,420,420,335,32,46,46,61,61,87,87,106,6,45,58,58,187,187,203,183,208,221,15,15,36,51,51,384,402,402,420,430,430,430],"floor_reached":51,"playtime":5912,"items_purged":["Strike_R","Strike_R","Strike_R"],"score":634,"play_id":"0baf3206-8e3d-4946-a7b2-1fb74ccbadb6","local_time":"20190422194128","is_ascension_mode":false,"campfire_choices":[{"data":"Rampage","floor":6,"key":"SMITH"},{"data":"Defend_R","floor":8,"key":"SMITH"},{"floor":10,"key":"REST"},{"data":"Cleave","floor":13,"key":"SMITH"},{"data":"Pommel Strike","floor":15,"key":"SMITH"},{"data":"Shrug It Off","floor":23,"key":"SMITH"},{"data":"Shockwave","floor":25,"key":"SMITH"},{"data":"Immolate","floor":32,"key":"SMITH"},{"data":"True Grit","floor":40,"key":"SMITH"},{"data":"Feed","floor":46,"key":"SMITH"},{"data":"Whirlwind","floor":49,"key":"SMITH"}],"neow_cost":"NONE","seed_source_timestamp":113896866902400,"circlet_count":0,"master_deck":["Defend_R","Defend_R","Defend_R+1","Defend_R+1","Bash","Rampage+1","Flex+1","Cleave+1","Pommel Strike+1","Immolate+1","Infernal Blade+1","Shrug It Off+1","Shockwave+1","Feed+1","Dropkick","True Grit+1","Headbutt+1","Whirlwind+1","Shockwave+1","Clumsy","Body Slam+1"],"relics":["Burning Blood","Ancient Tea Set","Thread and Needle","Cursed Key","Blood Vial","Vajra","Anchor","Nloth\u0027s Gift","Matryoshka","Empty Cage","War Paint","Paper Frog"],"potions_floor_usage":[16,16,33,33,41,50,50],"damage_taken":[{"damage":5,"enemies":"Jaw Worm","floor":1,"turns":4},{"damage":9,"enemies":"Small Slimes","floor":5,"turns":5},{"damage":47,"enemies":"3 Sentries","floor":7,"turns":12},{"damage":0,"enemies":"Cultist","floor":12,"turns":2},{"damage":2,"enemies":"Gremlin Gang","floor":14,"turns":4},{"damage":38,"enemies":"The Guardian","floor":16,"turns":8},{"damage":19,"enemies":"2 Thieves","floor":18,"turns":3},{"damage":0,"enemies":"Spheric Guardian","floor":22,"turns":3},{"damage":0,"enemies":"Snake Plant","floor":24,"turns":2},{"damage":11,"enemies":"Snecko","floor":28,"turns":5},{"damage":13,"enemies":"Gremlin Leader","floor":30,"turns":7},{"damage":6,"enemies":"Centurion and Healer","floor":31,"turns":5},{"damage":92,"enemies":"Champ","floor":33,"turns":11},{"damage":0,"enemies":"3 Shapes","floor":35,"turns":1},{"damage":1,"enemies":"Orb Walker","floor":37,"turns":3},{"damage":1,"enemies":"Sphere and 2 Shapes","floor":38,"turns":3},{"damage":5,"enemies":"3 Darklings","floor":41,"turns":3},{"damage":0,"enemies":"4 Shapes","floor":42,"turns":2},{"damage":0,"enemies":"Jaw Worm Horde","floor":45,"turns":2},{"damage":7,"enemies":"Transient","floor":47,"turns":5},{"damage":0,"enemies":"4 Shapes","floor":48,"turns":2},{"damage":79,"enemies":"Awakened One","floor":50,"turns":13}],"seed_played":"-5693502111229558642","potions_obtained":[{"floor":1,"key":"FearPotion"},{"floor":7,"key":"LiquidBronze"},{"floor":12,"key":"FearPotion"},{"floor":18,"key":"Regen Potion"},{"floor":24,"key":"EssenceOfSteel"},{"floor":33,"key":"Poison Potion"},{"floor":36,"key":"EssenceOfSteel"},{"floor":41,"key":"PowerPotion"}],"is_trial":false,"path_per_floor":["M","?","?","$","M","R","?","R","T","R","?","M","R","M","R","B",null,"M","?","?","$","M","R","M","R","T","?","M","$","E","M","R","B",null,"M","?","M","M","$","R","M","M","T","?","M","R","M","M","R","B",null],"character_chosen":"IRONCLAD","items_purchased":["Rampage","Vajra","Anchor","Whirlwind"],"campfire_rested":1,"item_purchase_floors":[4,21,21,39],"current_hp_per_floor":[80,60,65,65,62,62,21,21,21,46,35,41,41,45,45,13,85,72,72,72,72,80,80,85,85,85,85,80,80,75,80,80,11,88,88,88,88,91,91,91,91,94,94,94,94,94,93,94,94,21],"gold":430,"neow_bonus":"HUNDRED_GOLD","is_prod":false,"is_daily":false,"chose_seed":false,"campfire_upgraded":10,"win_rate":0,"timestamp":1555954888,"path_taken":["M","?","?","$","M","R","?","R","T","R","?","M","R","M","R","BOSS","M","?","?","$","M","R","M","R","T","?","M","$","E","M","R","BOSS","M","?","?","M","$","R","M","M","T","?","M","R","M","M","R","BOSS"],"build_version":"2019-01-23","purchased_purges":3,"victory":true,"max_hp_per_floor":[80,80,85,85,85,85,85,85,85,85,85,85,85,85,85,85,85,85,85,85,85,85,85,85,85,85,85,85,85,85,88,88,88,88,88,88,88,91,91,91,91,94,94,94,94,94,94,94,94,94],"card_choices":[{"not_picked":["Corruption","Wild Strike","Warcry"],"picked":"SKIP","floor":1},{"not_picked":["Wild Strike","Power Through","Cleave"],"picked":"SKIP","floor":5},{"not_picked":["Dual Wield","Dropkick"],"picked":"Flex","floor":7},{"not_picked":["Shockwave","Warcry"],"picked":"Cleave","floor":12},{"not_picked":["Clothesline","Twin Strike"],"picked":"Pommel Strike","floor":14},{"not_picked":["Feed","Exhume"],"picked":"Immolate","floor":16},{"not_picked":["Flex+1","Heavy Blade"],"picked":"Infernal Blade+1","floor":18},{"not_picked":["Sword Boomerang","Sentinel"],"picked":"Shrug It Off","floor":22},{"not_picked":["Havoc+1","Dual Wield"],"picked":"Shockwave","floor":24},{"not_picked":["Flex+1","Ghostly Armor","Dual Wield"],"picked":"SKIP","floor":28},{"not_picked":["Heavy Blade","Brutality"],"picked":"Feed","floor":30},{"not_picked":["Fire Breathing","Pommel Strike"],"picked":"Dropkick","floor":31},{"not_picked":["Sever Soul+1","Dual Wield","Wild Strike"],"picked":"SKIP","floor":35},{"not_picked":["Anger+1","Evolve"],"picked":"True Grit","floor":37},{"not_picked":["Wild Strike+1","Pommel Strike"],"picked":"Headbutt+1","floor":38},{"not_picked":["Iron Wave","Pommel Strike"],"picked":"Shockwave+1","floor":41},{"not_picked":["Rupture+1","Cleave","Searing Blow+1"],"picked":"SKIP","floor":42},{"not_picked":["Warcry+1","Brutality","Flex+1"],"picked":"SKIP","floor":45},{"not_picked":["Ghostly Armor","Heavy Blade"],"picked":"Body Slam+1","floor":47},{"not_picked":["Clothesline+1","Hemokinesis+1","Havoc+1"],"picked":"SKIP","floor":48}],"player_experience":694598,"relics_obtained":[{"floor":7,"key":"Ancient Tea Set"},{"floor":9,"key":"Thread and Needle"},{"floor":26,"key":"Regal Pillow"},{"floor":30,"key":"Matryoshka"},{"floor":43,"key":"War Paint"},{"floor":43,"key":"Paper Frog"}],"event_choices":[{"damage_healed":0,"gold_gain":0,"player_choice":"Take Damage","damage_taken":20,"relics_obtained":["Golden Idol"],"max_hp_gain":0,"max_hp_loss":0,"event_name":"Golden Idol","floor":2,"gold_loss":0},{"damage_healed":0,"gold_gain":0,"player_choice":"Donut","damage_taken":0,"max_hp_gain":5,"max_hp_loss":0,"event_name":"Big Fish","floor":3,"gold_loss":0},{"damage_healed":0,"gold_gain":0,"player_choice":"Searched \u00271\u0027 times","damage_taken":0,"max_hp_gain":0,"max_hp_loss":0,"event_name":"Dead Adventurer","floor":7,"gold_loss":0},{"damage_healed":0,"gold_gain":75,"player_choice":"Gather Gold","damage_taken":11,"max_hp_gain":0,"max_hp_loss":0,"event_name":"World of Goop","floor":11,"gold_loss":0},{"cards_removed":["Strike_R"],"damage_healed":0,"gold_gain":0,"player_choice":"Elegance","damage_taken":0,"max_hp_gain":0,"max_hp_loss":0,"event_name":"Back to Basics","floor":19,"gold_loss":0},{"damage_healed":0,"gold_gain":0,"player_choice":"Obtained Relic","damage_taken":0,"relics_obtained":["Blood Vial"],"max_hp_gain":0,"max_hp_loss":0,"event_name":"Addict","floor":20,"gold_loss":85},{"damage_healed":0,"gold_gain":0,"player_choice":"Traded Relic","damage_taken":0,"relics_obtained":["Nloth\u0027s Gift"],"max_hp_gain":0,"max_hp_loss":0,"event_name":"N\u0027loth","floor":27,"relics_lost":["Regal Pillow"],"gold_loss":0},{"damage_healed":0,"gold_gain":0,"player_choice":"Bought 1 Potion","damage_taken":0,"max_hp_gain":0,"max_hp_loss":0,"event_name":"The Woman in Blue","floor":36,"gold_loss":0},{"damage_healed":0,"gold_gain":333,"player_choice":"Gave Idol","damage_taken":0,"max_hp_gain":0,"max_hp_loss":0,"event_name":"The Moai Head","floor":44,"relics_lost":["Golden Idol"],"gold_loss":0}],"is_beta":false,"boss_relics":[{"not_picked":["Velvet Choker","Runic Dome"],"picked":"Cursed Key"},{"not_picked":["Snecko Eye","White Beast Statue"],"picked":"Empty Cage"}],"items_purged_floors":[4,29,39],"is_endless":false,"potions_floor_spawned":[1,7,12,18,24,33,37,41,48],"ascension_level":0}