{"gold_per_floor":[113,131,206,226,176,176,204,204,230,230,259,259,273,298,298,399,399,412,422,422,422,422,456,456,487,487,499,499,390,408,77,77,182,232,243,259,3,13,24,24,38,63,89,10,110,136,149,149,149,149],"floor_reached":51,"playtime":1924,"items_purged":[],"score":1105,"play_id":"ac470a1b-b423-4242-8b2d-0f754a0a2986","local_time":"20190129173103","is_ascension_mode":true,"campfire_choices":[{"data":"Bash","floor":6,"key":"SMITH"},{"data":"Spot Weakness","floor":8,"key":"SMITH"},{"data":"Heavy Blade","floor":10,"key":"SMITH"},{"floor":12,"key":"REST"},{"data":"Shrug It Off","floor":15,"key":"SMITH"},{"floor":24,"key":"REST"},{"data":"Metallicize","floor":28,"key":"SMITH"},{"data":"Shrug It Off","floor":32,"key":"SMITH"},{"data":"Exhume","floor":40,"key":"SMITH"},{"data":"Iron Wave","floor":49,"key":"SMITH"}],"neow_cost":"NONE","seed_source_timestamp":436995247539400,"circlet_count":0,"master_deck":["Strike_R+1","Strike_R+1","Strike_R+1","Strike_R+1","Defend_R+1","Defend_R+1","Defend_R+1","Defend_R+1","Bash+1","Shrug It Off+1","Spot Weakness+1","Heavy Blade+1","Cleave","Thunderclap+1","Ghostly Armor+1","Feed","Iron Wave+1","Shrug It Off+1","True Grit+1","Reaper","Metallicize+1","Thunderclap+1","Dropkick","Trip+1","Exhume+1","Pummel+1","True Grit+1","Iron Wave+1","Battle Trance","Dropkick+1","Shrug It Off+1"],"relics":["Burning Blood","NeowsBlessing","Regal Pillow","Anchor","Ancient Tea Set","Whetstone","Sozu","MutagenicStrength","PreservedInsect","Meat on the Bone","Shuriken","Vajra","Brimstone","Tiny House","Bottled Flame","War Paint","Juzu Bracelet","Dead Branch","Orichalcum"],"potions_floor_usage":[7,7,18],"damage_taken":[{"damage":0,"enemies":"Cultist","floor":1,"turns":1},{"damage":0,"enemies":"Jaw Worm","floor":2,"turns":1},{"damage":0,"enemies":"Small Slimes","floor":4,"turns":1},{"damage":27,"enemies":"Lagavulin","floor":7,"turns":6},{"damage":42,"enemies":"3 Sentries","floor":11,"turns":8},{"damage":0,"enemies":"3 Louse","floor":13,"turns":2},{"damage":27,"enemies":"Lagavulin","floor":14,"turns":6},{"damage":25,"enemies":"The Guardian","floor":16,"turns":11},{"damage":0,"enemies":"3 Byrds","floor":18,"turns":4},{"damage":3,"enemies":"2 Thieves","floor":19,"turns":3},{"damage":30,"enemies":"Book of Stabbing","floor":23,"turns":5},{"damage":0,"enemies":"Gremlin Leader","floor":25,"turns":5},{"damage":25,"enemies":"Snake Plant","floor":27,"turns":5},{"damage":14,"enemies":"Cultist and Chosen","floor":30,"turns":5},{"damage":38,"enemies":"Collector","floor":33,"turns":6},{"damage":11,"enemies":"Orb Walker","floor":35,"turns":4},{"damage":0,"enemies":"3 Shapes","floor":36,"turns":3},{"damage":16,"enemies":"Jaw Worm Horde","floor":38,"turns":4},{"damage":0,"enemies":"Transient","floor":39,"turns":5},{"damage":16,"enemies":"Sphere and 2 Shapes","floor":41,"turns":4},{"damage":38,"enemies":"Nemesis","floor":42,"turns":3},{"damage":34,"enemies":"Mind Bloom Boss Battle","floor":45,"turns":7},{"damage":13,"enemies":"Giant Head","floor":46,"turns":5},{"damage":25,"enemies":"Spire Growth","floor":47,"turns":4},{"damage":115,"enemies":"Time Eater","floor":50,"turns":6}],"seed_played":"411153844066211300","potions_obtained":[{"floor":2,"key":"PowerPotion"},{"floor":4,"key":"SteroidPotion"},{"floor":13,"key":"Fire Potion"}],"is_trial":false,"path_per_floor":["M","M","?","M","?","R","E","R","T","R","E","R","M","E","R","B",null,"M","M","?","?","?","E","R","E","T","M","R","?","M","$","R","B",null,"M","M","$","M","M","R","M","E","T","$","?","E","M","?","R","B",null],"character_chosen":"IRONCLAD","items_purchased":["Brimstone","Dropkick","Trip","Bottled Flame","Battle Trance"],"campfire_rested":2,"item_purchase_floors":[31,31,31,37,44],"current_hp_per_floor":[78,80,69,75,75,75,54,54,54,54,18,57,63,42,42,23,66,75,81,81,81,64,40,82,88,88,75,75,75,70,70,70,50,88,99,99,99,95,99,99,89,58,58,58,61,70,67,102,102,47],"gold":149,"neow_bonus":"THREE_ENEMY_KILL","is_prod":false,"is_daily":false,"chose_seed":false,"campfire_upgraded":8,"win_rate":0,"timestamp":1548779463,"path_taken":["M","?","?","M","?","R","E","R","T","R","E","R","M","E","R","BOSS","M","M","?","?","?","E","R","E","T","M","R","?","M","$","R","BOSS","M","M","$","M","M","R","M","E","T","$","?","E","M","?","R","BOSS"],"build_version":"2019-01-23","purchased_purges":0,"victory":true,"max_hp_per_floor":[80,80,80,80,80,80,80,80,80,80,80,80,80,80,80,80,80,83,86,86,86,91,91,91,91,91,91,91,91,94,94,94,94,99,99,99,99,99,99,99,99,99,99,99,99,99,102,102,102,102],"card_choices":[{"not_picked":["Sword Boomerang","Intimidate"],"picked":"Shrug It Off","floor":1},{"not_picked":["Heavy Blade","Pommel Strike"],"picked":"Spot Weakness","floor":2},{"not_picked":["Clash","True Grit","Warcry"],"picked":"SKIP","floor":4},{"not_picked":["Fire Breathing","Infernal Blade"],"picked":"Heavy Blade","floor":7},{"not_picked":["Body Slam","Heavy Blade"],"picked":"Cleave","floor":11},{"not_picked":["Sentinel","Feel No Pain"],"picked":"Thunderclap","floor":13},{"not_picked":["Rupture","Anger"],"picked":"Ghostly Armor","floor":14},{"not_picked":["Demon Form","Bludgeon"],"picked":"Feed","floor":16},{"not_picked":["Bloodletting","Armaments"],"picked":"Iron Wave+1","floor":18},{"not_picked":["Perfected Strike+1","Bloodletting"],"picked":"Shrug It Off","floor":19},{"not_picked":["Disarm","Headbutt"],"picked":"True Grit+1","floor":23},{"not_picked":["Barricade","Warcry"],"picked":"Reaper","floor":25},{"not_picked":["Pommel Strike","Intimidate"],"picked":"Metallicize","floor":27},{"not_picked":["Warcry","Cleave"],"picked":"Thunderclap","floor":30},{"not_picked":["Berserk","Juggernaut"],"picked":"Exhume","floor":33},{"not_picked":["Sword Boomerang","Pommel Strike"],"picked":"Pummel+1","floor":35},{"not_picked":["Iron Wave","Perfected Strike"],"picked":"True Grit+1","floor":36},{"not_picked":["True Grit","Blood for Blood+1","Intimidate+1"],"picked":"SKIP","floor":38},{"not_picked":["Evolve+1","Warcry+1","Power Through+1"],"picked":"SKIP","floor":39},{"not_picked":["Thunderclap+1","Brutality"],"picked":"Iron Wave","floor":41},{"not_picked":["Power Through","Armaments","Warcry"],"picked":"SKIP","floor":42},{"not_picked":["Warcry","Immolate"],"picked":"Dropkick+1","floor":45},{"not_picked":["Cleave","Ghostly Armor+1"],"picked":"Shrug It Off+1","floor":46},{"not_picked":["Havoc+1","Warcry+1","Twin Strike+1"],"picked":"SKIP","floor":47}],"player_experience":408335,"relics_obtained":[{"floor":7,"key":"Regal Pillow"},{"floor":9,"key":"Anchor"},{"floor":11,"key":"Ancient Tea Set"},{"floor":14,"key":"Whetstone"},{"floor":23,"key":"PreservedInsect"},{"floor":25,"key":"Meat on the Bone"},{"floor":26,"key":"Shuriken"},{"floor":42,"key":"War Paint"},{"floor":43,"key":"Juzu Bracelet"},{"floor":45,"key":"Dead Branch"},{"floor":46,"key":"Orichalcum"}],"event_choices":[{"damage_healed":0,"gold_gain":75,"player_choice":"Gather Gold","damage_taken":11,"max_hp_gain":0,"max_hp_loss":0,"event_name":"World of Goop","floor":3,"gold_loss":0},{"cards_removed":["Strike_R"],"damage_healed":0,"gold_gain":0,"player_choice":"Card Removal","damage_taken":0,"max_hp_gain":0,"max_hp_loss":0,"event_name":"The Cleric","floor":5,"gold_loss":50},{"damage_healed":0,"gold_gain":0,"player_choice":"Inject Mutagens","damage_taken":0,"relics_obtained":["MutagenicStrength"],"max_hp_gain":0,"max_hp_loss":0,"event_name":"Drug Dealer","floor":20,"gold_loss":0},{"damage_healed":0,"gold_gain":0,"player_choice":"Simplicity","damage_taken":0,"max_hp_gain":0,"max_hp_loss":0,"event_name":"Back to Basics","floor":21,"gold_loss":0,"cards_upgraded":["Strike_R","Strike_R","Strike_R","Defend_R","Defend_R","Defend_R","Defend_R"]},{"damage_healed":0,"gold_gain":0,"player_choice":"Shed Blood","damage_taken":22,"max_hp_gain":5,"max_hp_loss":0,"event_name":"Forgotten Altar","floor":22,"gold_loss":0},{"damage_healed":0,"gold_gain":0,"player_choice":"Paid Gold","damage_taken":0,"relics_obtained":["Vajra"],"max_hp_gain":0,"max_hp_loss":0,"event_name":"WeMeetAgain","floor":29,"gold_loss":109},{"damage_healed":0,"gold_gain":0,"player_choice":"Fight","damage_taken":0,"max_hp_gain":0,"max_hp_loss":0,"event_name":"MindBloom","floor":45,"gold_loss":0},{"damage_healed":35,"gold_gain":0,"player_choice":"Full Heal","damage_taken":0,"max_hp_gain":0,"max_hp_loss":0,"event_name":"Wheel of Change","floor":48,"gold_loss":0}],"is_beta":false,"boss_relics":[{"not_picked":["Velvet Choker","Astrolabe"],"picked":"Sozu"},{"not_picked":["White Beast Statue","Snecko Eye"],"picked":"Tiny House"}],"items_purged_floors":[],"is_endless":false,"potions_floor_spawned":[2,4,13,23,27,36,38,39,46],"ascension_level":7}