{"gold_per_floor":[112,122,12,28,28,28,203,218,297,297,297,297,309,328,328,431,431,448,463,373,59,72,72,72,72,126,126,126,126,143,162,162,260,260,280,293,168,168,180,180],"floor_reached":40,"playtime":2863,"items_purged":["Strike_G","Strike_G","Defend_G"],"score":377,"play_id":"48577d63-d0ea-4efe-8f93-96412cd71106","local_time":"20190218231719","is_ascension_mode":false,"campfire_choices":[{"data":"Neutralize","floor":6.0,"key":"SMITH"},{"floor":12.0,"key":"REST"},{"data":"Noxious Fumes","floor":15.0,"key":"SMITH"},{"data":"A Thousand Cuts","floor":23.0,"key":"SMITH"},{"data":"Footwork","floor":25.0,"key":"SMITH"},{"floor":27.0,"key":"REST"},{"floor":32.0,"key":"REST"}],"neow_cost":"NONE","seed_source_timestamp":0,"circlet_count":0,"master_deck":["Defend_G","Defend_G","Defend_G","Defend_G","Strike_G+1","Strike_G+1","Survivor","Neutralize+1","All Out Attack","Poisoned Stab+1","Deadly Poison","Footwork+1","Flying Knee","Footwork","Dagger Spray","Noxious Fumes+1","A Thousand Cuts+1","Outmaneuver+1","Deflect+1","Blur","Well Laid Plans+1","Acrobatics","Cloak And Dagger+1","Malaise","Backflip+1","Sucker Punch+1","Writhe"],"special_seed":0,"relics":["Ring of the Snake","Question Card","Happy Flower","Cursed Key","Snake Skull","Art of War","Juzu Bracelet","Spirit Poop","Empty Cage"],"potions_floor_usage":[40],"damage_taken":[{"damage":0.0,"enemies":"Small Slimes","floor":1.0,"turns":4.0},{"damage":0.0,"enemies":"2 Louse","floor":2.0,"turns":1.0},{"damage":0.0,"enemies":"Jaw Worm","floor":4.0,"turns":4.0},{"damage":2.0,"enemies":"Red Slaver","floor":8.0,"turns":4.0},{"damage":12.0,"enemies":"Exordium Thugs","floor":13.0,"turns":5.0},{"damage":0.0,"enemies":"3 Louse","floor":14.0,"turns":2.0},{"damage":18.0,"enemies":"Slime Boss","floor":16.0,"turns":9.0},{"damage":10.0,"enemies":"3 Byrds","floor":18.0,"turns":4.0},{"damage":5.0,"enemies":"Shell Parasite","floor":19.0,"turns":5.0},{"damage":2.0,"enemies":"Snake Plant","floor":22.0,"turns":4.0},{"damage":1.0,"enemies":"Centurion and Healer","floor":30.0,"turns":5.0},{"damage":11.0,"enemies":"Snecko","floor":31.0,"turns":5.0},{"damage":38.0,"enemies":"Collector","floor":33.0,"turns":10.0},{"damage":11,"enemies":"3 Darklings","floor":35,"turns":5},{"damage":37,"enemies":"3 Shapes","floor":36,"turns":4},{"damage":25,"enemies":"Writhing Mass","floor":39,"turns":8},{"damage":34,"enemies":"Reptomancer","floor":40,"turns":2}],"seed_played":"-6966032172420129363","potions_obtained":[{"floor":2.0,"key":"FearPotion"},{"floor":8.0,"key":"Fire Potion"},{"floor":14.0,"key":"Swift Potion"},{"floor":19.0,"key":"Poison Potion"},{"floor":22.0,"key":"AttackPotion"},{"floor":30.0,"key":"Weak Potion"},{"floor":31.0,"key":"SteroidPotion"},{"floor":39,"key":"Ancient Potion"}],"is_trial":false,"path_per_floor":["M","M","$","M","$","R","?","M","T","?","?","R","M","M","R","B",null,"M","M","?","$","M","R","T","R","T","R","?","?","M","M","R","B",null,"M","M","$","?","M","E"],"character_chosen":"THE_SILENT","items_purchased":["Footwork","Snake Skull","Blur"],"campfire_rested":3,"item_purchase_floors":[3,21,21],"current_hp_per_floor":[70,70,70,70,70,70,70,68,68,56,42,63,51,51,51,33,70,60,55,55,55,53,53,53,53,53,70,70,70,69,58,70,32,70,59,22,22,40,15,0],"gold":180,"neow_bonus":"THREE_CARDS","is_prod":false,"is_daily":false,"chose_seed":false,"campfire_upgraded":4,"win_rate":0,"timestamp":1550528239,"path_taken":["M","M","$","M","$","R","?","M","T","?","?","R","M","M","R","BOSS","M","M","?","$","?","R","?","R","T","R","?","?","M","M","R","BOSS","M","M","$","?","M","E"],"build_version":"2019-01-23","purchased_purges":3,"victory":false,"max_hp_per_floor":[70,70,70,70,70,70,70,70,70,70,70,70,70,70,70,70,70,70,70,70,70,70,70,70,70,70,70,70,70,70,70,70,70,70,70,70,70,70,70,70],"card_choices":[{"not_picked":["Flechettes","Dodge and Roll"],"picked":"All Out Attack","floor":0.0},{"not_picked":["Dodge and Roll","Prepared"],"picked":"Poisoned Stab","floor":1.0},{"not_picked":["Concentrate","Finisher"],"picked":"Deadly Poison","floor":2.0},{"not_picked":["Underhanded Strike","PiercingWail"],"picked":"Flying Knee","floor":4.0},{"not_picked":["Endless Agony","Backflip"],"picked":"Footwork","floor":8.0},{"not_picked":["Deadly Poison","Underhanded Strike","Cloak And Dagger"],"picked":"Dagger Spray","floor":13.0},{"not_picked":["Underhanded Strike","Blur","Concentrate"],"picked":"Noxious Fumes","floor":14.0},{"not_picked":["Burst","Adrenaline","Doppelganger"],"picked":"A Thousand Cuts","floor":16.0},{"not_picked":["Finisher","Underhanded Strike","Deadly Poison+1"],"picked":"Outmaneuver+1","floor":18.0},{"not_picked":["Sucker Punch","Eviscerate","Outmaneuver"],"picked":"Deflect+1","floor":19.0},{"not_picked":["Poisoned Stab+1","Crippling Poison","Cloak And Dagger"],"picked":"Well Laid Plans","floor":22.0},{"not_picked":["Blur","Finisher","Sucker Punch"],"picked":"Acrobatics","floor":30.0},{"not_picked":["Quick Slash+1","Endless Agony","Dagger Spray+1"],"picked":"Cloak And Dagger+1","floor":31.0},{"not_picked":["Grand Finale","Bullet Time","A Thousand Cuts"],"picked":"Malaise","floor":33.0},{"not_picked":["Outmaneuver+1","Expertise+1","Deadly Poison"],"picked":"Backflip+1","floor":35},{"not_picked":["Bane","Poisoned Stab","Well Laid Plans+1"],"picked":"Sucker Punch+1","floor":36},{"not_picked":["PiercingWail+1","Poisoned Stab","All Out Attack","Slice"],"picked":"SKIP","floor":39}],"player_experience":162528,"relics_obtained":[{"floor":9.0,"key":"Question Card"},{"floor":24.0,"key":"Art of War"},{"floor":26.0,"key":"Juzu Bracelet"}],"event_choices":[{"damage_healed":0.0,"max_hp_gain":0.0,"max_hp_loss":0.0,"gold_gain":175.0,"event_name":"Liars Game","player_choice":"AGREE","floor":7.0,"gold_loss":0.0,"damage_taken":0.0,"cards_obtained":["Doubt"]},{"damage_healed":0.0,"max_hp_gain":0.0,"max_hp_loss":0.0,"gold_gain":0.0,"event_name":"Scrap Ooze","player_choice":"Success","floor":10.0,"gold_loss":0.0,"damage_taken":12.0,"relics_obtained":["Happy Flower"]},{"damage_healed":0.0,"max_hp_gain":0.0,"max_hp_loss":0.0,"gold_gain":0.0,"event_name":"Shining Light","player_choice":"Entered Light","floor":11.0,"gold_loss":0.0,"damage_taken":14.0,"cards_upgraded":["Poisoned Stab","Strike_G"]},{"cards_removed":["Doubt"],"damage_healed":0.0,"max_hp_gain":0.0,"max_hp_loss":0.0,"gold_gain":0.0,"event_name":"Designer","player_choice":"Upgrade and Remove","floor":20.0,"gold_loss":90.0,"damage_taken":0.0,"cards_upgraded":["Strike_G"]},{"cards_removed":["Decay"],"damage_healed":0.0,"max_hp_gain":0.0,"max_hp_loss":0.0,"gold_gain":0.0,"event_name":"Bonfire Elementals","player_choice":"Offered Curse","floor":28.0,"gold_loss":0.0,"damage_taken":0.0,"relics_obtained":["Spirit Poop"]},{"damage_healed":0.0,"max_hp_gain":0.0,"max_hp_loss":0.0,"gold_gain":0.0,"event_name":"Upgrade Shrine","player_choice":"Upgraded","floor":29.0,"gold_loss":0.0,"damage_taken":0.0,"cards_upgraded":["Well Laid Plans"]},{"damage_healed":18,"gold_gain":0,"player_choice":"Writhe","damage_taken":0,"max_hp_gain":0,"max_hp_loss":0,"event_name":"Winding Halls","floor":38,"gold_loss":0,"cards_obtained":["Writhe"]}],"is_beta":false,"boss_relics":[{"not_picked":["Orrery","Lizard Tail"],"picked":"Cursed Key"},{"not_picked":["Fusion Hammer","Velvet Choker"],"picked":"Empty Cage"}],"items_purged_floors":[3,21,37],"is_endless":false,"potions_floor_spawned":[2,8,14,19,22,30,31,39],"killed_by":"Reptomancer","ascension_level":0}