{"gold_per_floor":[111,131,108,108,128,159,172,172,172,172,183,70,82,110,110,206,206,189,289,56,75,91,91,109,109,109,123,123],"floor_reached":28,"playtime":2424,"items_purged":["Defend_B","Normality"],"score":353,"play_id":"0a4b3615-e946-44db-bdff-957f8de782cb","local_time":"20190318210410","is_ascension_mode":true,"campfire_choices":[{"data":"Dualcast","floor":8,"key":"SMITH"},{"data":"Auto Shields","floor":10,"key":"SMITH"},{"data":"Zap","floor":15,"key":"SMITH"},{"data":"Defragment","floor":23,"key":"SMITH"},{"data":"Defragment","floor":25,"key":"SMITH"}],"neow_cost":"NONE","seed_source_timestamp":519930576360871,"circlet_count":0,"master_deck":["Strike_B","Strike_B","Strike_B","Strike_B","Defend_B","Defend_B","Defend_B","Zap+1","Dualcast+1","BootSequence","Coolheaded","Hologram","Hologram","BootSequence","Auto Shields+1","Glacier","Defragment+1","Defragment+1","Meteor Strike","Machine Learning","Writhe","Shame","Thunder Strike","Redo","Streamline","Conserve Battery","Streamline+1","Turbo"],"relics":["Coffee Dripper","Meat on the Bone","Ornamental Fan","Thread and Needle","Calling Bell","Letter Opener","FossilizedHelix","Dream Catcher","DataDisk"],"potions_floor_usage":[6,7,24],"damage_taken":[{"damage":0,"enemies":"Cultist","floor":1,"turns":4},{"damage":0,"enemies":"Jaw Worm","floor":2,"turns":3},{"damage":0,"enemies":"Small Slimes","floor":5,"turns":2},{"damage":13,"enemies":"Lagavulin","floor":6,"turns":7},{"damage":0,"enemies":"2 Fungi Beasts","floor":7,"turns":3},{"damage":0,"enemies":"Looter","floor":11,"turns":4},{"damage":0,"enemies":"Red Slaver","floor":13,"turns":7},{"damage":2,"enemies":"3 Sentries","floor":14,"turns":16},{"damage":0,"enemies":"The Guardian","floor":16,"turns":18},{"damage":3,"enemies":"2 Thieves","floor":18,"turns":5},{"damage":0,"enemies":"Chosen","floor":21,"turns":10},{"damage":54,"enemies":"Centurion and Healer","floor":22,"turns":13},{"damage":0,"enemies":"Sentry and Sphere","floor":24,"turns":8},{"damage":2,"enemies":"Snecko","floor":27,"turns":6},{"damage":49,"enemies":"Gremlin Leader","floor":28,"turns":4}],"seed_played":"7896056934702317455","potions_obtained":[{"floor":1,"key":"Block Potion"},{"floor":5,"key":"Explosive Potion"},{"floor":14,"key":"Strength Potion"},{"floor":21,"key":"Block Potion"},{"floor":24,"key":"FearPotion"}],"is_trial":false,"path_per_floor":["M","M","$","?","M","E","M","R","T","R","M","$","M","E","R","B",null,"M","?","$","M","M","R","M","R","T","M","E"],"character_chosen":"DEFECT","items_purchased":["Hologram","Defragment","Thunder Strike","Redo"],"campfire_rested":0,"item_purchase_floors":[3,12,20,20],"current_hp_per_floor":[75,75,75,75,75,62,62,62,62,62,62,62,62,60,60,60,71,68,68,68,68,26,26,38,38,38,48,0],"gold":123,"neow_bonus":"BOSS_RELIC","is_prod":false,"is_daily":false,"chose_seed":false,"campfire_upgraded":5,"win_rate":0,"timestamp":1552961050,"path_taken":["M","M","$","?","M","E","M","R","T","R","M","$","M","E","R","BOSS","M","?","$","M","M","R","M","R","T","?","E"],"build_version":"2019-01-23","purchased_purges":2,"victory":false,"max_hp_per_floor":[75,75,75,75,75,75,75,75,75,75,75,75,75,75,75,75,75,75,75,75,75,75,75,75,75,75,75,75],"card_choices":[{"not_picked":["Streamline","Ball Lightning"],"picked":"BootSequence","floor":1},{"not_picked":["Steam Power","Skim"],"picked":"Coolheaded","floor":2},{"not_picked":["Barrage","Rip and Tear"],"picked":"Hologram","floor":5},{"not_picked":["Barrage","Steam Power"],"picked":"BootSequence","floor":6},{"not_picked":["Rebound","Compile Driver"],"picked":"Auto Shields","floor":7},{"not_picked":["Gash","Coolheaded"],"picked":"Glacier","floor":11},{"not_picked":["Rebound","Ball Lightning"],"picked":"Defragment","floor":13},{"not_picked":["Go for the Eyes","Scrape"],"picked":"Meteor Strike","floor":14},{"not_picked":["Hyperbeam","Biased Cognition"],"picked":"Machine Learning","floor":16},{"not_picked":["Force Field","Storm","Genetic Algorithm"],"picked":"SKIP","floor":18},{"not_picked":["Steam","Turbo+1"],"picked":"Streamline","floor":21},{"not_picked":["Buffer","Redo"],"picked":"Conserve Battery","floor":22},{"not_picked":["Turbo+1","Cold Snap"],"picked":"Streamline+1","floor":24},{"not_picked":["Compile Driver","Scrape"],"picked":"Turbo","floor":27}],"player_experience":316704,"relics_obtained":[{"floor":6,"key":"Meat on the Bone"},{"floor":9,"key":"Ornamental Fan"},{"floor":14,"key":"Thread and Needle"},{"floor":17,"key":"Letter Opener"},{"floor":17,"key":"FossilizedHelix"},{"floor":17,"key":"Dream Catcher"},{"floor":26,"key":"DataDisk"}],"event_choices":[{"damage_healed":0,"gold_gain":0,"player_choice":"Ignored","damage_taken":0,"max_hp_gain":0,"max_hp_loss":0,"event_name":"Golden Wing","floor":4,"gold_loss":0},{"damage_healed":0,"gold_gain":100,"player_choice":"Pray","damage_taken":0,"max_hp_gain":0,"max_hp_loss":0,"event_name":"Golden Shrine","floor":19,"gold_loss":0}],"is_beta":false,"boss_relics":[{"not_picked":["Empty Cage","Inserter"],"picked":"Calling Bell"}],"items_purged_floors":[12,20],"is_endless":false,"potions_floor_spawned":[1,5,14,21,24],"killed_by":"Gremlin Leader","ascension_level":5}