{"gold_per_floor":[112,123,141,153,153,184,184,184,210,243,243,261,271,286,286,385,385,399,39,57,71,71,99,99,131,176,207,221,221,136,166,178,285,297,327,350,362,374,386,429,441,479,516,561,573,585,611,723,735,747],"floor_reached":51,"playtime":3998,"items_purged":["Blizzard"],"score":1066,"play_id":"8c0b466f-7d07-41e5-8dff-2b79e1a87399","local_time":"20190311001758","is_ascension_mode":true,"campfire_choices":[{"floor":7,"key":"REST"},{"floor":11,"key":"REST"},{"floor":15,"key":"REST"},{"floor":24,"key":"REST"},{"data":"Defragment","floor":32,"key":"SMITH"},{"data":"Defragment","floor":41,"key":"SMITH"},{"data":"Consume","floor":49,"key":"SMITH"}],"neow_cost":"NONE","seed_source_timestamp":182875088957334,"circlet_count":0,"master_deck":["Zap","Dualcast","Leap+1","Leap","BootSequence","Consume+1","Leap","Ball Lightning","Redo","Leap","Seek+1","Defragment+1","Heatsinks","Recycle","Sunder+1","Coolheaded","Capacitor","Reinforced Body","Storm+1","Loop","Defragment+1","Heatsinks","Ghostly","Ghostly","Ghostly","Ghostly","Ghostly","Capacitor+1","Machine Learning","Chill","Madness+1","Madness","Blind","Compile Driver","Machine Learning","Thunder Strike"],"relics":["Cracked Core","Oddly Smooth Stone","FaceOfCleric","Happy Flower","Bronze Scales","Pandora\u0027s Box","Mummified Hand","Strawberry","Juzu Bracelet","Bag of Preparation","Bird Faced Urn","MawBank","Inserter","Whetstone","Gremlin Horn","War Paint","Blood Vial","Turnip"],"potions_floor_usage":[6,6,6,23,25,31,40,42],"damage_taken":[{"damage":2,"enemies":"2 Louse","floor":1,"turns":3},{"damage":4,"enemies":"Small Slimes","floor":2,"turns":3},{"damage":0,"enemies":"Cultist","floor":3,"turns":4},{"damage":19,"enemies":"Exordium Thugs","floor":4,"turns":5},{"damage":30,"enemies":"Lagavulin","floor":6,"turns":7},{"damage":20,"enemies":"3 Sentries","floor":10,"turns":7},{"damage":0,"enemies":"Gremlin Gang","floor":12,"turns":4},{"damage":0,"enemies":"Looter","floor":13,"turns":2},{"damage":1,"enemies":"3 Louse","floor":14,"turns":3},{"damage":12,"enemies":"The Guardian","floor":16,"turns":10},{"damage":13,"enemies":"2 Thieves","floor":18,"turns":4},{"damage":9,"enemies":"Chosen","floor":20,"turns":4},{"damage":0,"enemies":"Snecko","floor":21,"turns":4},{"damage":11,"enemies":"Slavers","floor":23,"turns":5},{"damage":15,"enemies":"Book of Stabbing","floor":25,"turns":4},{"damage":13,"enemies":"Slavers","floor":27,"turns":4},{"damage":12,"enemies":"Centurion and Healer","floor":28,"turns":4},{"damage":0,"enemies":"Sentry and Sphere","floor":31,"turns":4},{"damage":8,"enemies":"Collector","floor":33,"turns":8},{"damage":0,"enemies":"3 Shapes","floor":35,"turns":3},{"damage":0,"enemies":"Orb Walker","floor":36,"turns":2},{"damage":0,"enemies":"Reptomancer","floor":40,"turns":5},{"damage":3,"enemies":"Nemesis","floor":42,"turns":5},{"damage":0,"enemies":"Giant Head","floor":44,"turns":6},{"damage":0,"enemies":"Spire Growth","floor":47,"turns":4},{"damage":0,"enemies":"Mind Bloom Boss Battle","floor":48,"turns":6},{"damage":3,"enemies":"Awakened One","floor":50,"turns":10}],"seed_played":"-3735127737753129619","potions_obtained":[{"floor":1,"key":"Poison Potion"},{"floor":4,"key":"AttackPotion"},{"floor":6,"key":"Fruit Juice"},{"floor":10,"key":"FearPotion"},{"floor":18,"key":"Weak Potion"},{"floor":20,"key":"SkillPotion"},{"floor":28,"key":"Energy Potion"},{"floor":33,"key":"FairyPotion"},{"floor":36,"key":"FocusPotion"},{"floor":42,"key":"Fruit Juice"},{"floor":47,"key":"SteroidPotion"}],"is_trial":false,"path_per_floor":["M","M","M","M","?","E","R","?","T","E","R","M","M","M","R","B",null,"M","$","M","M","?","E","R","E","T","E","M","?","?","M","R","B",null,"M","M","?","?","?","E","R","E","T","E","?","?","M","?","R","B",null],"character_chosen":"DEFECT","items_purchased":["Mummified Hand","Capacitor"],"campfire_rested":4,"item_purchase_floors":[19,19],"current_hp_per_floor":[73,69,69,50,43,18,42,42,42,23,47,48,49,49,74,63,85,73,73,65,66,66,63,91,77,77,65,66,49,49,50,50,44,51,52,53,46,46,46,54,54,60,60,61,61,61,62,63,63,61],"gold":759,"neow_bonus":"THREE_CARDS","is_prod":false,"is_daily":false,"chose_seed":false,"campfire_upgraded":3,"win_rate":0,"timestamp":1552281478,"path_taken":["M","M","M","M","?","E","R","?","T","E","R","M","?","M","R","BOSS","M","$","M","M","?","E","R","E","T","E","M","?","?","M","R","BOSS","M","M","?","?","?","E","R","E","T","E","?","?","M","?","R","BOSS"],"build_version":"2019-01-23","purchased_purges":1,"victory":true,"max_hp_per_floor":[75,75,75,75,75,80,80,80,80,81,81,82,83,84,84,85,85,86,86,87,88,88,96,96,97,97,98,99,49,49,50,50,51,51,52,53,53,53,53,54,54,60,60,61,61,61,62,63,63,64],"card_choices":[{"not_picked":["Sweeping Beam","BootSequence"],"picked":"Leap","floor":0},{"not_picked":["Double Energy","Streamline"],"picked":"Leap","floor":1},{"not_picked":["Cold Snap","Conserve Battery"],"picked":"BootSequence","floor":2},{"not_picked":["Turbo","BootSequence"],"picked":"Consume","floor":3},{"not_picked":["Aggregate","Turbo"],"picked":"Leap","floor":4},{"not_picked":["Rip and Tear","Leap"],"picked":"Ball Lightning","floor":6},{"not_picked":["Gash","Skim"],"picked":"Redo","floor":10},{"not_picked":["Force Field","Rebound"],"picked":"Ball Lightning","floor":12},{"not_picked":["Aggregate","Heatsinks"],"picked":"Leap","floor":13},{"not_picked":["Turbo","Stack","Streamline"],"picked":"SKIP","floor":14},{"not_picked":["Rainbow","Machine Learning"],"picked":"Seek","floor":16},{"not_picked":["Double Energy+1","Compile Driver","Sweeping Beam+1"],"picked":"SKIP","floor":18},{"not_picked":["Chaos","Sweeping Beam+1"],"picked":"Reinforced Body","floor":20},{"not_picked":["Beam Cell","Leap"],"picked":"Storm+1","floor":21},{"not_picked":["Leap","Gash+1"],"picked":"Loop","floor":23},{"not_picked":["Turbo","Steam Power"],"picked":"Defragment","floor":25},{"not_picked":["Turbo","Compile Driver","Sweeping Beam"],"picked":"SKIP","floor":27},{"not_picked":["Hyperbeam","Hello World"],"picked":"Heatsinks","floor":28},{"not_picked":["BootSequence","Leap"],"picked":"Capacitor+1","floor":31},{"not_picked":["Hyperbeam","Buffer"],"picked":"Machine Learning","floor":33},{"not_picked":["Go for the Eyes+1","Compile Driver+1"],"picked":"Chill","floor":35},{"not_picked":["Stack","Rebound","Barrage"],"picked":"SKIP","floor":36},{"not_picked":["Violence","HandOfGreed"],"picked":"Blind","floor":38},{"not_picked":["Barrage+1","Ball Lightning","Hologram"],"picked":"SKIP","floor":40},{"not_picked":["Multi-Cast","Hello World"],"picked":"Machine Learning","floor":42},{"not_picked":["Rip and Tear+1","Go for the Eyes+1"],"picked":"Thunder Strike","floor":44},{"not_picked":["Steam+1","Hologram+1","Beam Cell"],"picked":"SKIP","floor":47}],"player_experience":269643,"relics_obtained":[{"floor":6,"key":"Oddly Smooth Stone"},{"floor":9,"key":"Happy Flower"},{"floor":10,"key":"Bronze Scales"},{"floor":23,"key":"Strawberry"},{"floor":25,"key":"Juzu Bracelet"},{"floor":26,"key":"Bag of Preparation"},{"floor":27,"key":"Bird Faced Urn"},{"floor":40,"key":"Whetstone"},{"floor":42,"key":"Gremlin Horn"},{"floor":43,"key":"War Paint"},{"floor":44,"key":"Blood Vial"},{"floor":48,"key":"Turnip"}],"event_choices":[{"cards_removed":["Defend_B"],"damage_healed":0,"gold_gain":0,"player_choice":"Card Removal","damage_taken":7,"max_hp_gain":0,"max_hp_loss":0,"event_name":"Golden Wing","floor":5,"gold_loss":0},{"damage_healed":0,"gold_gain":0,"player_choice":"Trade","damage_taken":0,"relics_obtained":["FaceOfCleric"],"max_hp_gain":0,"max_hp_loss":0,"event_name":"FaceTrader","floor":8,"gold_loss":0},{"damage_healed":0,"gold_gain":0,"player_choice":"Upgraded","damage_taken":0,"max_hp_gain":0,"max_hp_loss":0,"event_name":"Upgrade Shrine","floor":22,"gold_loss":0,"cards_upgraded":["Seek"]},{"damage_healed":0,"gold_gain":0,"player_choice":"Became a Ghost","damage_taken":0,"max_hp_gain":0,"max_hp_loss":50,"event_name":"Ghosts","floor":29,"gold_loss":0,"cards_obtained":["Ghostly","Ghostly","Ghostly","Ghostly","Ghostly"]},{"damage_healed":0,"gold_gain":0,"player_choice":"Obtained Relic","damage_taken":0,"relics_obtained":["MawBank"],"max_hp_gain":0,"max_hp_loss":0,"event_name":"Addict","floor":30,"gold_loss":85},{"damage_healed":0,"gold_gain":0,"player_choice":"Embrace Madness","damage_taken":7,"max_hp_gain":0,"max_hp_loss":0,"event_name":"Winding Halls","floor":37,"gold_loss":0,"cards_obtained":["Madness","Madness"]},{"damage_healed":0,"gold_gain":0,"player_choice":"Memory 1","damage_taken":0,"max_hp_gain":0,"max_hp_loss":0,"event_name":"SensoryStone","floor":38,"gold_loss":0},{"damage_healed":0,"gold_gain":0,"cards_transformed":["Steam Power"],"player_choice":"Transformed","damage_taken":0,"max_hp_gain":0,"max_hp_loss":0,"event_name":"Transmorgrifier","floor":39,"gold_loss":0,"cards_obtained":["Compile Driver"]},{"damage_healed":0,"gold_gain":0,"player_choice":"Ignored","damage_taken":0,"max_hp_gain":0,"max_hp_loss":0,"event_name":"Tomb of Lord Red Mask","floor":45,"gold_loss":0},{"cards_removed":["Ball Lightning"],"damage_healed":0,"gold_gain":0,"player_choice":"Removed Attack","damage_taken":0,"max_hp_gain":0,"max_hp_loss":0,"event_name":"Falling","floor":46,"gold_loss":0},{"damage_healed":0,"gold_gain":0,"player_choice":"Fight","damage_taken":0,"max_hp_gain":0,"max_hp_loss":0,"event_name":"MindBloom","floor":48,"gold_loss":0}],"is_beta":false,"boss_relics":[{"not_picked":["Busted Crown","Empty Cage"],"picked":"Pandora\u0027s Box"},{"not_picked":["White Beast Statue","Lizard Tail"],"picked":"Inserter"}],"items_purged_floors":[19],"is_endless":false,"potions_floor_spawned":[1,4,6,10,18,20,28,33,36,42,47,48],"ascension_level":4}