{"path_per_floor":["M","M","$","M","M","E","$","R","T","M","M","R","?","?","R","B",null,"M","$","?","M","$","R","M","E","T","E","?","?","R","M","R","B",null,"M","$","?","?","M","E","M","R","T","M","?","R","M","$","R","B"],"character_chosen":"IRONCLAD","items_purchased":["Battle Trance","Matryoshka","Headbutt","Shrug It Off","Strange Spoon","Mercury Hourglass"],"gold_per_floor":[368,381,30,43,63,94,72,72,72,84,96,96,96,96,96,191,191,211,111,111,126,126,126,143,175,175,205,205,205,205,218,218,313,343,358,263,563,563,573,604,620,620,620,637,637,637,650,165,165,165],"floor_reached":51,"campfire_rested":1,"playtime":6675,"current_hp_per_floor":[72,64,64,61,62,28,28,49,49,57,56,56,42,42,42,43,72,63,63,63,72,72,72,57,58,58,67,67,73,73,65,65,56,83,82,82,82,82,83,83,83,83,83,81,81,81,53,53,53,43],"items_purged":["Strike_R","Strike_R","Writhe","Bite"],"gold":165,"score":716,"play_id":"e7569892-195b-47bc-8ff8-372982d3c81c","local_time":"20180314202918","is_prod":false,"is_daily":false,"is_ascension_mode":false,"campfire_upgraded":8,"timestamp":1521030558,"path_taken":["M","M","$","M","M","E","$","R","T","M","?","R","?","?","R","BOSS","M","$","?","M","$","R","M","E","T","E","?","?","R","M","R","BOSS","M","$","?","?","M","E","M","R","T","M","?","R","M","$","R","BOSS"],"build_version":"2018-03-09","purchased_purges":5,"victory":true,"master_deck":["Defend_R","Defend_R","Defend_R","Bash+1","Body Slam+1","Headbutt","Battle Trance","Ghostly Armor","Flex+1","Pommel Strike+1","Headbutt+1","Spot Weakness+1","Headbutt","Limit Break+1","Battle Trance+1","Bite","Bite","Bite","Bite+1","Iron Wave+1","Clash+1","Double Tap+1","Offering+1","Sword Boomerang","Offering+1","Thunderclap","Blood for Blood+1","Shrug It Off+1","Iron Wave+1","Pommel Strike+1","Warcry"],"max_hp_per_floor":[72,72,72,72,72,72,72,72,72,72,72,72,72,72,72,72,72,72,72,72,72,72,72,72,72,72,72,72,78,78,78,78,78,83,83,83,83,83,83,83,83,83,83,83,83,83,83,83,83,83],"relics":["Burning Blood","Matryoshka","Pantograph","Anchor","Sozu","Dream Catcher","Smiling Mask","Ancient Tea Set","Darkstone Periapt","Art of War","Tiny House","Vajra","Prayer Wheel","Strange Spoon","Mercury Hourglass"],"card_choices":[{"not_picked":["Ghostly Armor","Searing Blow"],"picked":"Body Slam"},{"not_picked":["Flex","Body Slam"],"picked":"Headbutt"},{"not_picked":["Havoc","Disarm"],"picked":"Ghostly Armor"},{"not_picked":["Thunderclap","Havoc"],"picked":"Flex"},{"not_picked":["Second Wind","Havoc"],"picked":"Pommel Strike"},{"not_picked":["Clash","Perfected Strike"],"picked":"Spot Weakness"},{"not_picked":["Warcry","Clothesline"],"picked":"Headbutt"},{"not_picked":["Fiend Fire","Brutality"],"picked":"Limit Break"},{"not_picked":["True Grit","Perfected Strike"],"picked":"Battle Trance"},{"not_picked":["Warcry","Carnage"],"picked":"Iron Wave"},{"not_picked":["Uppercut","Pummel"],"picked":"Clash"},{"not_picked":["Heavy Blade","Armaments"],"picked":"Double Tap"},{"not_picked":["Exhume","Sentinel"],"picked":"Offering"},{"not_picked":["Headbutt","Pommel Strike"],"picked":"Sword Boomerang"},{"not_picked":["Immolate","Brutality"],"picked":"Offering"},{"not_picked":["Havoc","Flex"],"picked":"Thunderclap"},{"not_picked":["Wild Strike","Anger"],"picked":"Blood for Blood"},{"not_picked":["Ghostly Armor","Battle Trance"],"picked":"Iron Wave"},{"not_picked":["Havoc","Sever Soul"],"picked":"Pommel Strike"},{"not_picked":["Battle Trance","Infernal Blade"],"picked":"Warcry"}],"player_experience":274286,"potions_floor_usage":[6,11,50],"damage_taken":[{"damage":1,"enemies":"Cultist","floor":1,"turns":4},{"damage":14,"enemies":"Small Slimes","floor":2,"turns":4},{"damage":9,"enemies":"2 Louse","floor":4,"turns":3},{"damage":5,"enemies":"Looter","floor":5,"turns":4},{"damage":40,"enemies":"Lagavulin","floor":6,"turns":8},{"damage":0,"enemies":"3 Louse","floor":10,"turns":3},{"damage":9,"enemies":"Gremlin Gang","floor":11,"turns":4},{"damage":32,"enemies":"The Guardian","floor":16,"turns":9},{"damage":15,"enemies":"Shell Parasite","floor":18,"turns":4},{"damage":0,"enemies":"Spheric Guardian","floor":21,"turns":3},{"damage":23,"enemies":"Centurion and Healer","floor":24,"turns":4},{"damage":11,"enemies":"Book of Stabbing","floor":25,"turns":4},{"damage":7,"enemies":"Slavers","floor":27,"turns":5},{"damage":21,"enemies":"Snecko","floor":31,"turns":4},{"damage":32,"enemies":"Collector","floor":33,"turns":5},{"damage":9,"enemies":"3 Darklings","floor":35,"turns":3},{"damage":8,"enemies":"3 Shapes","floor":39,"turns":3},{"damage":13,"enemies":"Giant Head","floor":40,"turns":5},{"damage":8,"enemies":"3 Darklings","floor":41,"turns":2},{"damage":10,"enemies":"Sphere and 2 Shapes","floor":44,"turns":3},{"damage":39,"enemies":"4 Shapes","floor":47,"turns":6},{"damage":49,"enemies":"Donu and Deca","floor":50,"turns":4}],"event_choices":[{"event_name":"Shining Light","player_choice":"Entered Light","floor":13,"damage_taken":0},{"event_name":"Accursed Blacksmith","player_choice":"Forge","floor":14,"damage_taken":0},{"event_name":"Vampires","player_choice":"Became a vampire (Vial)","floor":20,"damage_taken":0},{"event_name":"N\u0027loth","player_choice":"Ignored","floor":28,"damage_taken":0},{"event_name":"The Mausoleum","player_choice":"Yes","floor":29,"damage_taken":0},{"event_name":"Wheel of Change","player_choice":"Gold","floor":37,"damage_taken":0},{"event_name":"Tomb of Lord Red Mask","player_choice":"Ignored","floor":38,"damage_taken":0}],"boss_relics":[{"not_picked":["Question Card","Pandora\u0027s Box"],"picked":"Sozu"},{"not_picked":["Runic Pyramid","Runic Dome"],"picked":"Tiny House"}],"potions_floor_spawned":[4,6,10,11,16,24,25,31,33,35,40,41],"seed_played":"6146337593066059490","ascension_level":0,"is_trial":false}