{"gold_per_floor":[114,114,131,146,0,0,0,0,54,329,347,371,112,76,76,202,202,226,326,346,40,66,66,87,87,87,19,43,43,82,105,105,224,224,247,88,112,137,150,150,163,163,163,0,25,44,63,84,84,84],"floor_reached":50,"playtime":3777,"items_purged":["Strike_G","Regret","Strike_G"],"score":506,"play_id":"7751fbbc-28d9-4f28-8d62-5ea83c5f47d4","local_time":"20190219002033","is_ascension_mode":false,"campfire_choices":[{"data":"Distraction","floor":6,"key":"SMITH"},{"data":"Neutralize","floor":8,"key":"SMITH"},{"data":"Metamorphosis","floor":15,"key":"SMITH"},{"data":"Footwork","floor":23,"key":"SMITH"},{"data":"A Thousand Cuts","floor":29,"key":"SMITH"},{"floor":32,"key":"REST"},{"floor":42,"key":"REST"},{"floor":49,"key":"REST"}],"neow_cost":"NONE","seed_source_timestamp":89675075688900,"circlet_count":0,"master_deck":["Defend_G","Defend_G","Defend_G","Defend_G","Defend_G","Strike_G","Strike_G","Survivor","Neutralize+1","Distraction","Blur","Slice","Distraction+1","Footwork+1","All Out Attack","Metamorphosis+1","Well Laid Plans","A Thousand Cuts+1","Deflect","Dagger Throw","Slice","Dash+1","Parasite","Footwork+1","Setup+1","Deflect+1","Backstab","Corpse Explosion","Dagger Spray+1","Infinite Blades+1","Slice","Deadly Poison","Dagger Spray+1","Accuracy+1","Cloak And Dagger+1","Dramatic Entrance","Accuracy+1","Pain","Infinite Blades+1","Parasite","Distraction+1","PiercingWail+1","Calculated Gamble+1","Acrobatics+1"],"relics":["Ring of the Snake","Bag of Marbles","Golden Idol","Tiny Chest","MawBank","Cursed Key","Omamori","Art of War","Frozen Egg 2","Darkstone Periapt","Calipers","WristBlade","Dream Catcher","Red Mask"],"potions_floor_usage":[16,20,20,30,38,41,48,48,48],"damage_taken":[{"damage":0,"enemies":"Small Slimes","floor":1,"turns":5},{"damage":0,"enemies":"2 Louse","floor":3,"turns":4},{"damage":0,"enemies":"Cultist","floor":4,"turns":2},{"damage":13,"enemies":"Exordium Thugs","floor":11,"turns":12},{"damage":11,"enemies":"Hexaghost","floor":16,"turns":11},{"damage":0,"enemies":"Shell Parasite","floor":18,"turns":5},{"damage":0,"enemies":"Spheric Guardian","floor":20,"turns":4},{"damage":8,"enemies":"Snecko","floor":24,"turns":6},{"damage":4,"enemies":"Chosen and Byrds","floor":28,"turns":6},{"damage":31,"enemies":"Slavers","floor":30,"turns":9},{"damage":7,"enemies":"3 Cultists","floor":31,"turns":5},{"damage":13,"enemies":"Automaton","floor":33,"turns":19},{"damage":0,"enemies":"3 Shapes","floor":35,"turns":4},{"damage":0,"enemies":"3 Darklings","floor":37,"turns":1},{"damage":0,"enemies":"4 Shapes","floor":38,"turns":2},{"damage":42,"enemies":"Maw","floor":39,"turns":9},{"damage":2,"enemies":"3 Darklings","floor":41,"turns":4},{"damage":9,"enemies":"4 Shapes","floor":45,"turns":2},{"damage":17,"enemies":"Writhing Mass","floor":46,"turns":6},{"damage":14,"enemies":"Sphere and 2 Shapes","floor":47,"turns":4},{"damage":5,"enemies":"Transient","floor":48,"turns":5},{"damage":31,"enemies":"Donu and Deca","floor":50,"turns":2}],"seed_played":"-5860669231197460625","potions_obtained":[{"floor":1,"key":"SkillPotion"},{"floor":3,"key":"Block Potion"},{"floor":18,"key":"AttackPotion"},{"floor":24,"key":"GhostInAJar"},{"floor":28,"key":"GamblersBrew"},{"floor":35,"key":"Explosive Potion"},{"floor":38,"key":"PowerPotion"},{"floor":46,"key":"Weak Potion"},{"floor":47,"key":"LiquidBronze"}],"is_trial":false,"path_per_floor":["M","?","M","M","$","R","?","R","T","?","M","T","$","$","R","B",null,"M","?","M","$","T","R","M","T","T","$","M","R","E","M","R","B",null,"M","$","M","M","M","?","M","R","T","?","M","M","M","M","R","B"],"character_chosen":"THE_SILENT","items_purchased":["Footwork","Metamorphosis","Well Laid Plans","Slice","Omamori","Footwork+1","Infinite Blades+1","Slice","Deadly Poison"],"campfire_rested":3,"item_purchase_floors":[5,13,14,21,21,27,36,36,36],"current_hp_per_floor":[70,58,58,58,58,58,58,58,58,58,45,45,45,45,45,34,65,65,65,65,65,65,65,57,57,57,57,53,53,22,15,34,21,65,65,65,65,65,23,23,21,40,46,46,37,26,12,7,30,0],"gold":84,"neow_bonus":"TRANSFORM_CARD","is_prod":false,"is_daily":false,"chose_seed":false,"campfire_upgraded":5,"win_rate":0,"timestamp":1550532033,"path_taken":["M","?","M","M","$","R","?","R","T","?","?","?","?","$","R","BOSS","M","?","M","$","?","R","?","?","T","?","M","R","E","M","R","BOSS","M","$","M","M","M","?","M","R","T","?","M","M","M","M","R","BOSS"],"build_version":"2019-01-23","purchased_purges":3,"victory":false,"max_hp_per_floor":[70,70,70,70,70,70,65,65,65,65,65,65,65,65,65,65,65,65,65,65,65,65,65,65,65,65,65,65,65,65,65,65,65,65,65,65,65,65,65,65,65,65,71,71,71,77,77,77,77,77],"card_choices":[{"not_picked":["Poisoned Stab","Blade Dance"],"picked":"Blur","floor":1},{"not_picked":["Dodge and Roll","Quick Slash"],"picked":"Slice","floor":3},{"not_picked":["Prepared","Flying Knee"],"picked":"Distraction","floor":4},{"not_picked":["Sucker Punch","Setup"],"picked":"All Out Attack","floor":11},{"not_picked":["Venomology","Bullet Time"],"picked":"A Thousand Cuts","floor":16},{"not_picked":["All Out Attack","Dodge and Roll"],"picked":"Deflect","floor":18},{"not_picked":["Concentrate","Blade Dance"],"picked":"Dagger Throw","floor":20},{"not_picked":["Slice+1","Masterful Stab"],"picked":"Dash+1","floor":24},{"not_picked":["Escape Plan","Acrobatics"],"picked":"Setup+1","floor":28},{"not_picked":["Expertise","PiercingWail"],"picked":"Deflect+1","floor":30},{"not_picked":["Phantasmal Killer","Quick Slash"],"picked":"Backstab","floor":31},{"not_picked":["Wraith Form v2+1","A Thousand Cuts+1"],"picked":"Corpse Explosion","floor":33},{"not_picked":["PiercingWail+1","Quick Slash"],"picked":"Dagger Spray+1","floor":35},{"not_picked":["Backflip","Outmaneuver"],"picked":"Dagger Spray+1","floor":37},{"not_picked":["Deadly Poison+1","Blur+1"],"picked":"Accuracy+1","floor":38},{"not_picked":["Poisoned Stab+1","Quick Slash"],"picked":"Cloak And Dagger+1","floor":39},{"not_picked":["Thinking Ahead","Finesse"],"picked":"Dramatic Entrance","floor":40},{"not_picked":["Footwork+1","Setup"],"picked":"Accuracy+1","floor":41},{"not_picked":["Slice+1","Tactician+1"],"picked":"Infinite Blades+1","floor":45},{"not_picked":["Bouncing Flask","Flying Knee"],"picked":"Distraction+1","floor":46},{"not_picked":["Poisoned Stab","Predator+1"],"picked":"PiercingWail+1","floor":47},{"not_picked":["Outmaneuver","Slice+1"],"picked":"Calculated Gamble+1","floor":48},{"not_picked":["Outmaneuver+1","Dagger Spray+1"],"picked":"Acrobatics+1","floor":49}],"player_experience":165391,"relics_obtained":[{"floor":9,"key":"Tiny Chest"},{"floor":12,"key":"MawBank"},{"floor":22,"key":"Art of War"},{"floor":25,"key":"Frozen Egg 2"},{"floor":26,"key":"Darkstone Periapt"},{"floor":30,"key":"Calipers"},{"floor":43,"key":"Dream Catcher"}],"event_choices":[{"damage_healed":0,"gold_gain":0,"player_choice":"Success","damage_taken":12,"relics_obtained":["Bag of Marbles"],"max_hp_gain":0,"max_hp_loss":0,"event_name":"Scrap Ooze","floor":2,"gold_loss":0},{"damage_healed":0,"gold_gain":0,"player_choice":"Lose Max HP","damage_taken":0,"relics_obtained":["Golden Idol"],"max_hp_gain":0,"max_hp_loss":5,"event_name":"Golden Idol","floor":7,"gold_loss":0},{"damage_healed":0,"gold_gain":275,"player_choice":"Desecrate","damage_taken":0,"max_hp_gain":0,"max_hp_loss":0,"event_name":"Golden Shrine","floor":10,"gold_loss":0,"cards_obtained":["Regret"]},{"damage_healed":0,"gold_gain":100,"player_choice":"Pray","damage_taken":0,"max_hp_gain":0,"max_hp_loss":0,"event_name":"Golden Shrine","floor":19,"gold_loss":0},{"damage_healed":0,"gold_gain":0,"player_choice":"Memory 1","damage_taken":0,"max_hp_gain":0,"max_hp_loss":0,"event_name":"SensoryStone","floor":40,"gold_loss":0},{"damage_healed":0,"gold_gain":0,"player_choice":"Paid","damage_taken":0,"relics_obtained":["Red Mask"],"max_hp_gain":0,"max_hp_loss":0,"event_name":"Tomb of Lord Red Mask","floor":44,"gold_loss":163}],"is_beta":false,"boss_relics":[{"not_picked":["Orrery","Busted Crown"],"picked":"Cursed Key"},{"not_picked":["Fusion Hammer","Ring of the Serpent"],"picked":"WristBlade"}],"items_purged_floors":[5,13,21],"is_endless":false,"potions_floor_spawned":[1,3,18,24,28,35,38,46,47],"killed_by":"Donu and Deca","ascension_level":0}