{"gold_per_floor":[113,130,59,79,89,115,115,127,152,152,166,116,167,182,182,278,278,296,221,253,106,106,106,139,157,157,18,18,18,36,36,36,139,189,202,202,222,236,458,484,484,514,568,568,17,17,17,30,30,30],"floor_reached":51,"playtime":1465,"items_purged":["Strike_R","Strike_R"],"score":798,"play_id":"a47ddf67-7339-4280-9755-17957db85896","local_time":"20190421210739","is_ascension_mode":false,"campfire_choices":[{"data":"Bash","floor":7.0,"key":"SMITH"},{"data":"Flex","floor":10.0,"key":"SMITH"},{"data":"Clothesline","floor":15.0,"key":"SMITH"},{"data":"Spot Weakness","floor":23.0,"key":"SMITH"},{"data":"Feed","floor":29.0,"key":"SMITH"},{"data":"Feed","floor":32.0,"key":"SMITH"},{"floor":41,"key":"REST"},{"floor":44,"key":"REST"},{"floor":49,"key":"REST"}],"neow_cost":"NONE","seed_source_timestamp":874093742649400,"circlet_count":0,"master_deck":["Strike_R","Strike_R","Defend_R+1","Defend_R","Defend_R+1","Bash+1","Thunderclap+1","Pommel Strike","Pommel Strike","Flex+1","Reaper+1","Clothesline+1","Feed+1","Rage+1","Cleave+1","Spot Weakness+1","Shrug It Off+1","Feed+1","Bludgeon+1","Feed","Flex","Reaper","Shrug It Off+1","Rage+1","True Grit+1","Disarm"],"special_seed":0,"relics":["Burning Blood","War Paint","Pantograph","Omamori","Blood Vial","PreservedInsect","Philosopher\u0027s Stone","Red Mask","MutagenicStrength","Dream Catcher","Ornamental Fan","Tiny House","Dodecahedron","Bronze Scales","Whetstone","DollysMirror","Bottled Lightning"],"potions_floor_usage":[50,50],"damage_taken":[{"damage":3.0,"enemies":"Jaw Worm","floor":1.0,"turns":4.0},{"damage":6.0,"enemies":"Cultist","floor":2.0,"turns":3.0},{"damage":5.0,"enemies":"Small Slimes","floor":4.0,"turns":3.0},{"damage":5.0,"enemies":"Exordium Wildlife","floor":5.0,"turns":4.0},{"damage":29.0,"enemies":"3 Sentries","floor":6.0,"turns":9.0},{"damage":16.0,"enemies":"Exordium Thugs","floor":8.0,"turns":4.0},{"damage":11.0,"enemies":"3 Louse","floor":11.0,"turns":3.0},{"damage":2.0,"enemies":"Looter","floor":14.0,"turns":2.0},{"damage":27.0,"enemies":"The Guardian","floor":16.0,"turns":7.0},{"damage":4.0,"enemies":"Chosen","floor":18.0,"turns":3.0},{"damage":10.0,"enemies":"Masked Bandits","floor":20.0,"turns":3.0},{"damage":24.0,"enemies":"Slavers","floor":24.0,"turns":3.0},{"damage":0.0,"enemies":"Spheric Guardian","floor":25.0,"turns":4.0},{"damage":5.0,"enemies":"3 Cultists","floor":30.0,"turns":4.0},{"damage":59.0,"enemies":"Champ","floor":33.0,"turns":15.0},{"damage":0.0,"enemies":"3 Shapes","floor":35.0,"turns":2.0},{"damage":4.0,"enemies":"Orb Walker","floor":37.0,"turns":2.0},{"damage":8,"enemies":"Transient","floor":38,"turns":5},{"damage":79,"enemies":"Reptomancer","floor":40,"turns":7},{"damage":61,"enemies":"Nemesis","floor":42,"turns":7},{"damage":12,"enemies":"Jaw Worm Horde","floor":48,"turns":4},{"damage":84,"enemies":"Time Eater","floor":50,"turns":13}],"seed_played":"4326215953825180705","potions_obtained":[{"floor":4.0,"key":"BloodPotion"},{"floor":6.0,"key":"SkillPotion"},{"floor":11.0,"key":"PowerPotion"},{"floor":14.0,"key":"SmokeBomb"},{"floor":20.0,"key":"PowerPotion"},{"floor":30.0,"key":"Swift Potion"},{"floor":33.0,"key":"Ancient Potion"},{"floor":34.0,"key":"Energy Potion"},{"floor":48,"key":"PowerPotion"}],"is_trial":false,"path_per_floor":["M","M","?","M","M","E","R","M","T","R","M","?","T","M","R","B",null,"M","?","?","$","?","R","E","M","T","$","?","R","M","?","R","B",null,"M","?","M","M","?","E","R","E","T","R","$","?","?","M","R","B",null],"character_chosen":"IRONCLAD","items_purchased":["Spot Weakness","Feed","DollysMirror","Bottled Lightning"],"campfire_rested":3,"item_purchase_floors":[21,27,45,45],"current_hp_per_floor":[80,80,80,80,80,65,65,55,55,55,52,52,52,58,58,59,80,80,80,79,79,79,79,66,74,74,74,74,74,84,84,84,44,102,109,104,104,102,102,40,71,31,31,63,63,63,63,76,111,49],"gold":30,"neow_bonus":"RANDOM_COMMON_RELIC","is_prod":false,"is_daily":false,"chose_seed":false,"campfire_upgraded":6,"win_rate":0,"timestamp":1555873659,"path_taken":["M","M","?","?","M","E","R","M","T","R","M","?","?","?","R","BOSS","M","?","?","$","?","R","E","M","T","?","?","R","?","?","R","BOSS","M","?","M","M","?","E","R","E","T","R","$","?","?","M","R","BOSS"],"build_version":"2019-01-23","purchased_purges":2,"victory":true,"max_hp_per_floor":[80,80,80,80,80,80,80,80,80,80,80,80,80,80,80,80,80,80,80,83,83,83,83,86,86,86,86,86,86,93,93,93,97,102,109,104,104,104,104,104,104,108,108,108,108,108,108,119,119,119],"card_choices":[{"not_picked":["Wild Strike","Pummel"],"picked":"Thunderclap","floor":1.0},{"not_picked":["Rupture","Twin Strike"],"picked":"Pommel Strike","floor":2.0},{"not_picked":["Warcry","Twin Strike","Thunderclap"],"picked":"SKIP","floor":4.0},{"not_picked":["Warcry","Bloodletting"],"picked":"Pommel Strike","floor":5.0},{"not_picked":["Clash","Corruption","Twin Strike"],"picked":"SKIP","floor":6.0},{"not_picked":["Twin Strike","Wild Strike"],"picked":"Flex","floor":8.0},{"not_picked":["Perfected Strike","Sword Boomerang"],"picked":"Reaper","floor":11.0},{"not_picked":["Dual Wield","Wild Strike"],"picked":"Clothesline","floor":14.0},{"not_picked":["Demon Form","Limit Break"],"picked":"Feed","floor":16.0},{"not_picked":["Perfected Strike","True Grit"],"picked":"Rage+1","floor":18.0},{"not_picked":["Twin Strike","Pommel Strike"],"picked":"Cleave+1","floor":20.0},{"not_picked":["Iron Wave+1","Clash","Sever Soul+1"],"picked":"SKIP","floor":24.0},{"not_picked":["Cleave","Searing Blow"],"picked":"Shrug It Off+1","floor":25.0},{"not_picked":["Twin Strike+1","Armaments","Clash"],"picked":"SKIP","floor":30.0},{"not_picked":["Brutality","Juggernaut"],"picked":"Feed","floor":33.0},{"not_picked":["Pommel Strike","Feel No Pain+1"],"picked":"Flex","floor":35.0},{"not_picked":["Warcry+1","Sentinel+1","Havoc+1"],"picked":"SKIP","floor":37},{"not_picked":["Dual Wield+1","Bloodletting+1","Power Through+1"],"picked":"SKIP","floor":38},{"not_picked":["Second Wind","Wild Strike+1"],"picked":"Reaper","floor":40},{"not_picked":["Flex","Clash+1"],"picked":"Shrug It Off+1","floor":42},{"not_picked":["Bloodletting+1","Headbutt"],"picked":"True Grit+1","floor":48},{"not_picked":["Perfected Strike+1","Headbutt"],"picked":"Disarm","floor":49}],"player_experience":624228,"relics_obtained":[{"floor":6.0,"key":"Omamori"},{"floor":9.0,"key":"Blood Vial"},{"floor":13.0,"key":"PreservedInsect"},{"floor":20.0,"key":"Red Mask"},{"floor":24.0,"key":"Dream Catcher"},{"floor":26.0,"key":"Ornamental Fan"},{"floor":40,"key":"Dodecahedron"},{"floor":42,"key":"Bronze Scales"},{"floor":43,"key":"Whetstone"}],"event_choices":[{"damage_healed":0.0,"max_hp_gain":0.0,"max_hp_loss":0.0,"gold_gain":0.0,"event_name":"WeMeetAgain","player_choice":"Paid Gold","floor":3.0,"gold_loss":71.0,"damage_taken":0.0,"relics_obtained":["Pantograph"]},{"cards_removed":["Defend_R"],"damage_healed":0.0,"max_hp_gain":0.0,"max_hp_loss":0.0,"gold_gain":0.0,"event_name":"The Cleric","player_choice":"Card Removal","floor":12.0,"gold_loss":50.0,"damage_taken":0.0},{"cards_removed":["Strike_R"],"damage_healed":0.0,"max_hp_gain":0.0,"max_hp_loss":0.0,"gold_gain":0.0,"event_name":"Beggar","player_choice":"Gave Gold","floor":19.0,"gold_loss":75.0,"damage_taken":0.0},{"damage_healed":0.0,"max_hp_gain":0.0,"max_hp_loss":0.0,"gold_gain":0.0,"event_name":"Masked Bandits","player_choice":"Fought Bandits","floor":20.0,"gold_loss":0.0,"damage_taken":0.0},{"damage_healed":0.0,"max_hp_gain":0.0,"max_hp_loss":0.0,"gold_gain":0.0,"event_name":"Drug Dealer","player_choice":"Inject Mutagens","floor":22.0,"gold_loss":0.0,"damage_taken":0.0,"relics_obtained":["MutagenicStrength"]},{"damage_healed":0.0,"max_hp_gain":0.0,"max_hp_loss":0.0,"gold_gain":0.0,"event_name":"Match and Keep!","player_choice":"2 cards matched","floor":28.0,"gold_loss":0.0,"damage_taken":0.0,"cards_obtained":["Bludgeon","Fire Breathing"]},{"damage_healed":0.0,"max_hp_gain":0.0,"max_hp_loss":0.0,"gold_gain":0.0,"event_name":"Vampires","player_choice":"Ignored","floor":31.0,"gold_loss":0.0,"damage_taken":0.0},{"damage_healed":0.0,"max_hp_gain":0.0,"max_hp_loss":5.0,"gold_gain":0.0,"event_name":"Winding Halls","player_choice":"Max HP","floor":36.0,"gold_loss":0.0,"damage_taken":0.0},{"damage_healed":0,"gold_gain":222,"player_choice":"Wore Mask","damage_taken":0,"max_hp_gain":0,"max_hp_loss":0,"event_name":"Tomb of Lord Red Mask","floor":39,"gold_loss":0},{"damage_healed":0,"gold_gain":0,"player_choice":"Memory 1","damage_taken":0,"max_hp_gain":0,"max_hp_loss":0,"event_name":"SensoryStone","floor":46,"gold_loss":0},{"cards_removed":["Fire Breathing"],"damage_healed":0,"gold_gain":0,"player_choice":"Removed Power","damage_taken":0,"max_hp_gain":0,"max_hp_loss":0,"event_name":"Falling","floor":47,"gold_loss":0}],"is_beta":false,"boss_relics":[{"not_picked":["Black Blood","Ectoplasm"],"picked":"Philosopher\u0027s Stone"},{"not_picked":["White Beast Statue","Coffee Dripper"],"picked":"Tiny House"}],"items_purged_floors":[21,45],"is_endless":false,"potions_floor_spawned":[4,6,11,14,20,30,33,35,37,38,48],"ascension_level":0}