{"gold_per_floor":[109,122,11,27,45,45,220,220,220,220,220,240,280,555,555,555],"floor_reached":16,"playtime":1393,"items_purged":[],"score":120,"play_id":"afb1ad1c-a459-40fc-854b-30ae0bf1e65c","local_time":"20190330164501","is_ascension_mode":true,"campfire_choices":[{"floor":6,"key":"REST"},{"data":"Underhanded Strike","floor":8,"key":"SMITH"},{"data":"Neutralize","floor":10,"key":"SMITH"},{"floor":15,"key":"REST"}],"neow_cost":"NONE","seed_source_timestamp":87294261633300,"circlet_count":0,"master_deck":["Defend_G","Defend_G","Defend_G","Defend_G","Defend_G","Strike_G","Strike_G","Strike_G","Strike_G","Strike_G","Survivor","Neutralize+1","Distraction","Underhanded Strike+1","Backstab","Predator","Poisoned Stab","Blur","Doubt","Eviscerate","Regret"],"relics":["HoveringKite","Orichalcum","Golden Idol","Blue Candle"],"potions_floor_usage":[2,13,16],"damage_taken":[{"damage":4,"enemies":"Jaw Worm","floor":1,"turns":9},{"damage":3,"enemies":"Small Slimes","floor":2,"turns":5},{"damage":0,"enemies":"2 Louse","floor":4,"turns":1},{"damage":39,"enemies":"Exordium Thugs","floor":5,"turns":7},{"damage":5,"enemies":"Lots of Slimes","floor":12,"turns":5},{"damage":14,"enemies":"3 Sentries","floor":13,"turns":9},{"damage":45,"enemies":"Slime Boss","floor":16,"turns":10}],"seed_played":"-6274152550397538034","potions_obtained":[{"floor":1,"key":"Poison Potion"},{"floor":5,"key":"SpeedPotion"},{"floor":12,"key":"SkillPotion"},{"floor":13,"key":"Block Potion"}],"is_trial":false,"path_per_floor":["M","M","$","M","M","R","?","R","T","R","?","M","E","?","R","B"],"character_chosen":"THE_SILENT","items_purchased":["Backstab","Predator"],"campfire_rested":2,"item_purchase_floors":[3,3],"current_hp_per_floor":[66,63,63,63,24,45,45,45,45,45,45,40,26,26,45,0],"gold":555,"neow_bonus":"BOSS_RELIC","is_prod":false,"is_daily":false,"chose_seed":false,"campfire_upgraded":2,"win_rate":0,"timestamp":1553960701,"path_taken":["M","M","$","M","M","R","?","R","T","R","?","M","E","?","R","BOSS"],"build_version":"2019-01-23","purchased_purges":0,"victory":false,"max_hp_per_floor":[70,70,70,70,70,70,70,70,70,70,65,65,65,65,65,65],"card_choices":[{"not_picked":["Finisher","Accuracy"],"picked":"Distraction","floor":1},{"not_picked":["Catalyst","Prepared"],"picked":"Underhanded Strike","floor":2},{"not_picked":["Backflip","Blade Dance"],"picked":"Poisoned Stab","floor":4},{"not_picked":["Deadly Poison","Wraith Form v2"],"picked":"Blur","floor":5},{"not_picked":["Bane","Cloak And Dagger","Predator"],"picked":"SKIP","floor":12},{"not_picked":["Sucker Punch","Distraction"],"picked":"Eviscerate","floor":13}],"player_experience":475711,"relics_obtained":[{"floor":9,"key":"Orichalcum"},{"floor":13,"key":"Blue Candle"}],"event_choices":[{"damage_healed":0,"gold_gain":175,"player_choice":"AGREE","damage_taken":0,"max_hp_gain":0,"max_hp_loss":0,"event_name":"Liars Game","floor":7,"gold_loss":0,"cards_obtained":["Doubt"]},{"damage_healed":0,"gold_gain":0,"player_choice":"Lose Max HP","damage_taken":0,"relics_obtained":["Golden Idol"],"max_hp_gain":0,"max_hp_loss":5,"event_name":"Golden Idol","floor":11,"gold_loss":0},{"damage_healed":0,"gold_gain":275,"player_choice":"Desecrate","damage_taken":0,"max_hp_gain":0,"max_hp_loss":0,"event_name":"Golden Shrine","floor":14,"gold_loss":0,"cards_obtained":["Regret"]}],"is_beta":false,"boss_relics":[],"items_purged_floors":[],"is_endless":false,"potions_floor_spawned":[1,5,12,13],"killed_by":"Slime Boss","ascension_level":4}