{"gold_per_floor":[111,121,121,121,121,121,137,137,164,11,11,29,29,55,55,160,160,171,190,204,14,14,14,32,48,73,73,73,73,87,87,87,186,186,199,215,238,238,253,270,280,280,305,323,323,323,38,48,48,48],"floor_reached":50,"playtime":3122,"items_purged":["Strike_B","FTL"],"score":459,"play_id":"b73998db-0fe3-434f-9fb8-31509b199c70","local_time":"20180722013757","is_ascension_mode":false,"campfire_choices":[{"data":"Dualcast","floor":6,"key":"SMITH"},{"data":"Rebound","floor":11,"key":"SMITH"},{"data":"Reboot","floor":13,"key":"SMITH"},{"data":"Self Repair","floor":15,"key":"SMITH"},{"data":"Storm","floor":23,"key":"SMITH"},{"data":"Buffer","floor":28,"key":"SMITH"},{"data":"Thunder Strike","floor":32,"key":"SMITH"},{"floor":42,"key":"REST"},{"data":"Streamline","floor":45,"key":"SMITH"},{"data":"Loop","floor":49,"key":"SMITH"}],"neow_cost":"NONE","seed_source_timestamp":191968758712278,"circlet_count":0,"master_deck":["Defend_B+1","Zap+1","Dualcast+1","Hologram+1","Rip and Tear","Rebound+1","Leap+1","Reboot+1","Self Repair+1","Thunder Strike+1","Streamline+1","Sweeping Beam","Hello World+1","Storm+1","Conserve Battery+1","Buffer+1","Bite","Bite","Bite","Bite","Machine Learning","FTL+1","Compile Driver+1","Loop+1","Redo+1","Ball Lightning+1","Beam Cell+1","Flash of Steel","Master of Strategy","Go for the Eyes+1"],"relics":["Cracked Core","Kunai","Art of War","Odd Mushroom","Sozu","Omamori","Orichalcum","Pear","Astrolabe","War Paint","Potion Belt"],"potions_floor_usage":[14,16,50],"damage_taken":[{"damage":2,"enemies":"Small Slimes","floor":1,"turns":4},{"damage":0,"enemies":"Cultist","floor":2,"turns":2},{"damage":0,"enemies":"Jaw Worm","floor":7,"turns":2},{"damage":4,"enemies":"3 Louse","floor":12,"turns":3},{"damage":1,"floor":14,"turns":3},{"damage":21,"enemies":"Slime Boss","floor":16,"turns":8},{"damage":14,"enemies":"Shell Parasite","floor":18,"turns":5},{"damage":0,"enemies":"Spheric Guardian","floor":19,"turns":3},{"damage":13,"enemies":"Snecko","floor":20,"turns":4},{"damage":20,"enemies":"Snake Plant","floor":24,"turns":3},{"damage":10,"enemies":"Chosen and Byrds","floor":25,"turns":5},{"damage":11,"enemies":"3 Cultists","floor":30,"turns":4},{"damage":29,"enemies":"Champ","floor":33,"turns":13},{"damage":17,"enemies":"Flame Bruiser 1 Orb","floor":35,"turns":4},{"damage":46,"enemies":"3 Darklings","floor":36,"turns":6},{"damage":4,"enemies":"Spire Growth","floor":39,"turns":5},{"damage":30,"enemies":"Sphere and 2 Shapes","floor":40,"turns":4},{"damage":22,"enemies":"Flame Bruiser 2 Orb","floor":41,"turns":5},{"damage":27,"enemies":"Maw","floor":44,"turns":7},{"damage":12,"enemies":"4 Shapes","floor":48,"turns":4},{"damage":56,"enemies":"Donu and Deca","floor":50,"turns":9}],"seed_played":"3157397796722172629","potions_obtained":[{"floor":1,"key":"LiquidBronze"},{"floor":7,"key":"PowerPotion"},{"floor":16,"key":"Ancient Potion"}],"is_trial":false,"path_per_floor":["M","M","?","?","?","R","M","T","T","$","R","M","R","?","R","B",null,"M","M","M","$","?","R","M","M","T","?","R","T","M","?","R","B",null,"M","M","T","?","M","M","M","R","T","M","R","?","$","M","R"],"character_chosen":"DEFECT","items_purchased":["Rebound","Leap","Storm","Omamori","Master of Strategy"],"campfire_rested":1,"item_purchase_floors":[10,10,21,21,47],"current_hp_per_floor":[73,73,73,73,58,58,58,58,58,58,58,54,54,53,53,42,75,71,75,72,72,72,72,62,62,62,48,48,58,57,57,57,49,63,57,31,31,31,49,25,25,43,43,38,38,38,38,42,42,0],"gold":48,"neow_bonus":"REMOVE_CARD","is_prod":false,"is_daily":false,"chose_seed":false,"campfire_upgraded":9,"win_rate":0.0,"timestamp":1532194677,"path_taken":["M","M","?","?","?","R","M","?","T","$","R","M","R","?","R","BOSS","M","M","M","$","?","R","M","M","T","?","R","?","M","?","R","BOSS","M","M","?","?","M","M","M","R","T","?","R","?","$","M","R","BOSS"],"build_version":"2018-07-19v2","purchased_purges":2,"victory":false,"max_hp_per_floor":[75,75,75,75,75,75,75,75,75,75,75,75,75,75,75,75,75,75,75,75,75,75,75,75,75,75,80,80,90,90,63,63,63,63,63,63,63,63,63,63,63,63,63,63,63,63,63,63,63,63],"card_choices":[{"not_picked":["Cold Snap","Leap"],"picked":"FTL","floor":1},{"not_picked":["Coolheaded","Compile Driver"],"picked":"Hologram","floor":2},{"not_picked":["Steam","Hologram"],"picked":"Rip and Tear","floor":7},{"not_picked":["Cold Snap","BootSequence"],"picked":"Reboot","floor":12},{"not_picked":["Lockon","Undo"],"picked":"Self Repair","floor":14},{"not_picked":["Amplify","All For One"],"picked":"Thunder Strike","floor":16},{"not_picked":["Gash","Leap"],"picked":"Streamline","floor":18},{"not_picked":["Barrage","Steam"],"picked":"Sweeping Beam","floor":19},{"not_picked":["Leap","Auto Shields"],"picked":"Hello World+1","floor":20},{"not_picked":["Heatsinks+1","Undo"],"picked":"Conserve Battery+1","floor":24},{"not_picked":["Force Field","Cold Snap"],"picked":"Buffer","floor":25},{"not_picked":["Cold Snap","Lockon","Stack"],"picked":"SKIP","floor":30},{"not_picked":["Fission","Amplify"],"picked":"Machine Learning","floor":33},{"not_picked":["Ball Lightning+1","Leap"],"picked":"Loop","floor":35},{"not_picked":["Gash+1","BootSequence","Steam+1"],"picked":"SKIP","floor":36},{"not_picked":["Doom and Gloom+1","Hologram+1"],"picked":"Redo+1","floor":39},{"not_picked":["Sweeping Beam+1","FTL"],"picked":"Ball Lightning+1","floor":40},{"not_picked":["Rip and Tear","Stack+1","Fusion"],"picked":"SKIP","floor":41},{"not_picked":["Cold Snap","Redo"],"picked":"Beam Cell+1","floor":44},{"not_picked":["Mind Blast","Jack Of All Trades"],"picked":"Flash of Steel","floor":46},{"not_picked":["Hologram","Darkness"],"picked":"Go for the Eyes+1","floor":48}],"player_experience":682549,"relics_obtained":[{"floor":8,"key":"Kunai"},{"floor":9,"key":"Art of War"},{"floor":14,"key":"Odd Mushroom"},{"floor":26,"key":"Orichalcum"},{"floor":29,"key":"Pear"},{"floor":37,"key":"War Paint"},{"floor":43,"key":"Potion Belt"}],"event_choices":[{"event_name":"Accursed Blacksmith","player_choice":"Forge","floor":3,"damage_taken":0},{"event_name":"Purifier","player_choice":"One Purge","floor":4,"damage_taken":0},{"event_name":"Shining Light","player_choice":"Entered Light","floor":5,"damage_taken":0},{"event_name":"Mushrooms","player_choice":"Fought Mushrooms","floor":14,"damage_taken":0},{"event_name":"Back to Basics","player_choice":"Elegance","floor":22,"damage_taken":0},{"event_name":"Forgotten Altar","player_choice":"Shed Blood","floor":27,"damage_taken":0},{"event_name":"Vampires","player_choice":"Became a vampire","floor":31,"damage_taken":0},{"event_name":"Purifier","player_choice":"One Purge","floor":38,"damage_taken":0},{"event_name":"SensoryStone","player_choice":"Memory 1","floor":46,"damage_taken":0}],"is_beta":false,"boss_relics":[{"not_picked":["Busted Crown","Pandora\u0027s Box"],"picked":"Sozu"},{"not_picked":["Philosopher\u0027s Stone","Runic Dome"],"picked":"Astrolabe"}],"items_purged_floors":[10,47],"is_endless":false,"potions_floor_spawned":[1,7,16,18,19,20,36,39,41,48],"killed_by":"Donu and Deca","ascension_level":0}