{"gold_per_floor":[115,125,144,162,173,173,203,203,203,233,14,27,40,40,40,143,143,157,157,87,68,68],"floor_reached":22,"playtime":801,"items_purged":["Strike_B"],"score":198,"play_id":"05438824-2f38-4563-a088-b99e5192743e","local_time":"20190405231051","is_ascension_mode":false,"campfire_choices":[{"data":"Zap","floor":6,"key":"SMITH"},{"data":"Dualcast","floor":8,"key":"SMITH"},{"floor":15,"key":"REST"}],"neow_cost":"NONE","seed_source_timestamp":260363013183409,"circlet_count":0,"master_deck":["Strike_B","Strike_B","Strike_B","Defend_B","Defend_B","Defend_B","Defend_B","Zap+1","Dualcast+1","All For One","Cold Snap","Ball Lightning","Loop","White Noise","Darkness","Redo","Capacitor","Hologram","Machine Learning","Self Repair","Loop"],"relics":["Cracked Core","Kunai","StoneCalendar","Bag of Preparation","Busted Crown"],"potions_floor_usage":[7,16],"damage_taken":[{"damage":1,"enemies":"2 Louse","floor":1,"turns":2},{"damage":0,"enemies":"Small Slimes","floor":2,"turns":4},{"damage":0,"enemies":"Cultist","floor":3,"turns":3},{"damage":18,"enemies":"3 Louse","floor":4,"turns":3},{"damage":0,"enemies":"2 Fungi Beasts","floor":5,"turns":4},{"damage":24,"enemies":"3 Sentries","floor":7,"turns":6},{"damage":20,"enemies":"Gremlin Nob","floor":10,"turns":4},{"damage":2,"enemies":"Blue Slaver","floor":12,"turns":3},{"damage":0,"enemies":"Looter","floor":13,"turns":3},{"damage":28,"enemies":"Slime Boss","floor":16,"turns":6},{"damage":2,"enemies":"Spheric Guardian","floor":18,"turns":3},{"damage":27,"enemies":"2 Thieves","floor":21,"turns":4},{"damage":31,"enemies":"Snake Plant","floor":22,"turns":3}],"seed_played":"-7116202914303842131","potions_obtained":[{"floor":3,"key":"LiquidBronze"},{"floor":5,"key":"Swift Potion"},{"floor":13,"key":"PowerPotion"},{"floor":16,"key":"LiquidBronze"}],"is_trial":false,"path_per_floor":["M","M","M","M","M","R","E","R","T","E","$","M","M","?","R","B",null,"M","?","$","M","M"],"character_chosen":"DEFECT","items_purchased":["Bag of Preparation","Self Repair"],"campfire_rested":1,"item_purchase_floors":[11,20],"current_hp_per_floor":[74,74,74,56,56,56,32,32,32,12,12,10,10,10,32,4,75,73,73,73,53,22],"gold":68,"neow_bonus":"ONE_RANDOM_RARE_CARD","is_prod":false,"is_daily":false,"chose_seed":false,"campfire_upgraded":2,"win_rate":0,"timestamp":1554477051,"path_taken":["M","M","M","M","M","R","E","R","T","E","$","M","M","?","R","BOSS","M","?","$","M","M"],"build_version":"2019-01-23","purchased_purges":1,"victory":false,"max_hp_per_floor":[75,75,75,75,75,75,75,75,75,75,75,75,75,75,75,75,75,75,75,75,75,75],"card_choices":[{"not_picked":["Leap","Ball Lightning"],"picked":"Cold Snap","floor":1},{"not_picked":["Consume","Sweeping Beam"],"picked":"Ball Lightning","floor":2},{"not_picked":["Blizzard","Coolheaded"],"picked":"Loop","floor":3},{"not_picked":["Sweeping Beam","Coolheaded"],"picked":"White Noise","floor":4},{"not_picked":["Meteor Strike","Reprogram"],"picked":"Darkness","floor":5},{"not_picked":["Gash","Coolheaded","Stack"],"picked":"SKIP","floor":7},{"not_picked":["Conserve Battery","Turbo"],"picked":"Redo","floor":10},{"not_picked":["Cold Snap","Tempest"],"picked":"Capacitor","floor":12},{"not_picked":["Reinforced Body","Ball Lightning"],"picked":"Hologram","floor":13},{"not_picked":["Seek","Hyperbeam"],"picked":"Machine Learning","floor":16},{"not_picked":["Rip and Tear"],"picked":"SKIP","floor":18},{"not_picked":[],"picked":"Loop","floor":21}],"player_experience":916969,"relics_obtained":[{"floor":7,"key":"Kunai"},{"floor":10,"key":"StoneCalendar"}],"event_choices":[{"damage_healed":0,"gold_gain":0,"player_choice":"Fled","damage_taken":0,"max_hp_gain":0,"max_hp_loss":0,"event_name":"Scrap Ooze","floor":14,"gold_loss":0},{"damage_healed":0,"gold_gain":0,"player_choice":"Ignored","damage_taken":0,"max_hp_gain":0,"max_hp_loss":0,"event_name":"Vampires","floor":19,"gold_loss":0}],"is_beta":false,"boss_relics":[{"not_picked":["Runic Pyramid","Cursed Key"],"picked":"Busted Crown"}],"items_purged_floors":[11],"is_endless":false,"potions_floor_spawned":[3,5,13,16],"killed_by":"Snake Plant","ascension_level":0}