{"gold_per_floor":[210,220,42,52,52,84,84,109,109,138,138,152,168,180,180,276,276,286,300,9,9,9,9,25,25,25,71,71,146,164,189,189,286,286,306,112,127,52,71,71,84,84,84,84,184,184,194,69,69,69],"floor_reached":50,"playtime":3118,"items_purged":["Strike_B","Strike_B","Sweeping Beam"],"score":601,"play_id":"92d44c1e-5dd4-4006-88b6-ef34eeabccd6","local_time":"20181109203218","is_ascension_mode":true,"campfire_choices":[{"floor":7,"key":"REST"},{"floor":11,"key":"REST"},{"data":"Hologram","floor":15,"key":"SMITH"},{"floor":23,"key":"REST"},{"data":"Gash","floor":25,"key":"SMITH"},{"data":"Zap","floor":28,"key":"SMITH"},{"floor":32,"key":"REST"},{"data":"Dualcast","floor":40,"key":"SMITH"},{"data":"Auto Shields","floor":42,"key":"SMITH"},{"data":"Go for the Eyes","floor":44,"key":"SMITH"},{"data":"Defend_B","floor":46,"key":"PURGE"},{"data":"Leap","floor":49,"key":"SMITH"}],"neow_cost":"NONE","seed_source_timestamp":2551354021798800,"circlet_count":0,"master_deck":["Strike_B","Strike_B","Defend_B","Defend_B","Defend_B","Zap+1","Dualcast+1","Gash+1","Scrape+1","FTL+1","Leap+1","Go for the Eyes+1","Hologram+1","Go for the Eyes+1","BootSequence+1","Hologram+1","Auto Shields+1","All For One","Beam Cell+1","Gash+1","Steam+1","Fission","Skim+1","FTL+1","BootSequence"],"relics":["Cracked Core","Ancient Tea Set","Bottled Flame","Pantograph","Whetstone","Meat on the Bone","Sozu","ClockworkSouvenir","Pear","Bag of Marbles","Pen Nib","Philosopher\u0027s Stone","DollysMirror","Ornamental Fan","Peace Pipe"],"potions_floor_usage":[8,16,16,16,41],"damage_taken":[{"damage":4,"enemies":"Jaw Worm","floor":1,"turns":4},{"damage":0,"enemies":"Cultist","floor":2,"turns":3},{"damage":2,"enemies":"2 Louse","floor":4,"turns":2},{"damage":30,"enemies":"Lagavulin","floor":6,"turns":6},{"damage":28,"enemies":"Gremlin Nob","floor":8,"turns":4},{"damage":25,"enemies":"Lagavulin","floor":10,"turns":5},{"damage":0,"enemies":"Blue Slaver","floor":12,"turns":3},{"damage":6,"enemies":"3 Louse","floor":13,"turns":2},{"damage":0,"enemies":"Gremlin Gang","floor":14,"turns":2},{"damage":56,"enemies":"The Guardian","floor":16,"turns":9},{"damage":3,"enemies":"3 Byrds","floor":18,"turns":5},{"damage":19,"enemies":"Shell Parasite","floor":19,"turns":6},{"damage":0,"enemies":"Cultist and Chosen","floor":24,"turns":5},{"damage":13,"enemies":"Centurion and Healer","floor":30,"turns":7},{"damage":24,"enemies":"Slavers","floor":31,"turns":7},{"damage":67,"enemies":"Champ","floor":33,"turns":14},{"damage":5,"enemies":"3 Shapes","floor":35,"turns":5},{"damage":9,"enemies":"3 Darklings","floor":37,"turns":6},{"damage":11,"enemies":"Jaw Worm Horde","floor":39,"turns":4},{"damage":1,"enemies":"Sphere and 2 Shapes","floor":41,"turns":4},{"damage":0,"enemies":"Mind Bloom Boss Battle","floor":45,"turns":6},{"damage":0,"enemies":"3 Darklings","floor":47,"turns":3},{"damage":97,"enemies":"Time Eater","floor":50,"turns":14}],"seed_played":"3114207909637473441","potions_obtained":[{"floor":1,"key":"SteroidPotion"},{"floor":6,"key":"Block Potion"},{"floor":10,"key":"AttackPotion"},{"floor":12,"key":"SkillPotion"},{"floor":16,"key":"Energy Potion"}],"is_trial":false,"path_per_floor":["M","M","$","M","?","E","R","E","T","E","R","M","M","M","R","B",null,"M","M","$","?","?","R","M","R","T","T","R","?","M","E","R","B",null,"M","$","M","$","M","R","M","R","T","R","?","R","M","$","R","B"],"character_chosen":"DEFECT","items_purchased":["Capacitor","Scrape","ClockworkSouvenir","DollysMirror","Fission"],"campfire_rested":4,"item_purchase_floors":[3,3,20,36,38],"current_hp_per_floor":[71,71,71,69,69,39,61,33,33,8,30,42,48,48,48,29,75,72,53,53,39,39,63,63,63,73,73,73,64,51,39,66,35,90,85,85,76,76,65,65,64,64,64,64,89,89,89,89,89,0],"gold":69,"neow_bonus":"HUNDRED_GOLD","is_prod":false,"is_daily":false,"chose_seed":false,"campfire_upgraded":7,"win_rate":0,"timestamp":1541791938,"path_taken":["M","M","$","M","?","E","R","E","T","E","R","M","M","?","R","BOSS","M","M","$","?","?","R","M","R","T","?","R","?","?","E","R","BOSS","M","$","M","$","M","R","M","R","T","R","?","R","M","$","R","BOSS"],"build_version":"2018-11-08","purchased_purges":3,"victory":false,"max_hp_per_floor":[75,75,75,75,75,75,75,75,75,75,75,75,75,75,75,75,75,75,75,75,80,80,80,80,80,90,90,90,90,90,90,90,90,90,90,90,90,90,90,90,90,90,90,90,90,90,90,90,90,90],"card_choices":[{"not_picked":["Heatsinks","Steam"],"picked":"Gash","floor":1},{"not_picked":["Hello World","Aggregate","Darkness"],"picked":"SKIP","floor":2},{"not_picked":["Compile Driver","Recycle"],"picked":"Sweeping Beam","floor":4},{"not_picked":["Barrage","Stack","Genetic Algorithm"],"picked":"SKIP","floor":6},{"not_picked":["Barrage","Stack","Genetic Algorithm"],"picked":"SKIP","floor":6},{"not_picked":["Streamline","Redo"],"picked":"FTL","floor":8},{"not_picked":["Stack","Seek"],"picked":"Leap","floor":10},{"not_picked":["Sweeping Beam","Doom and Gloom"],"picked":"Go for the Eyes","floor":12},{"not_picked":["Capacitor","Stack","Sunder"],"picked":"SKIP","floor":13},{"not_picked":["Steam","Glacier"],"picked":"Hologram","floor":14},{"not_picked":["Chaos","Streamline+1"],"picked":"Go for the Eyes+1","floor":18},{"not_picked":["Tempest","Barrage+1"],"picked":"BootSequence+1","floor":19},{"not_picked":["Go for the Eyes","Darkness+1"],"picked":"Hologram+1","floor":24},{"not_picked":["Steam","Undo"],"picked":"Auto Shields","floor":30},{"not_picked":["Ball Lightning","Sweeping Beam+1","Stack"],"picked":"SKIP","floor":31},{"not_picked":["Biased Cognition","Hyperbeam"],"picked":"All For One","floor":33},{"not_picked":["Force Field+1","Redo+1"],"picked":"Beam Cell+1","floor":35},{"not_picked":["Chaos+1","Redo"],"picked":"Steam+1","floor":37},{"not_picked":["Streamline","Darkness+1"],"picked":"Skim+1","floor":39},{"not_picked":["Rebound","Streamline","Coolheaded+1"],"picked":"SKIP","floor":41},{"not_picked":["Tempest","Rebound"],"picked":"FTL+1","floor":45},{"not_picked":["Ball Lightning+1","Skim"],"picked":"BootSequence","floor":47}],"player_experience":194241,"relics_obtained":[{"floor":6,"key":"Bottled Flame"},{"floor":8,"key":"Pantograph"},{"floor":9,"key":"Whetstone"},{"floor":10,"key":"Meat on the Bone"},{"floor":26,"key":"Pear"},{"floor":27,"key":"Bag of Marbles"},{"floor":31,"key":"Pen Nib"},{"floor":43,"key":"Ornamental Fan"},{"floor":45,"key":"Peace Pipe"}],"event_choices":[{"cards_removed":["Capacitor"],"damage_healed":0,"gold_gain":0,"player_choice":"Gave Card","damage_taken":0,"relics_obtained":["Ancient Tea Set"],"max_hp_gain":0,"max_hp_loss":0,"event_name":"WeMeetAgain","floor":5,"gold_loss":0},{"damage_healed":0,"gold_gain":0,"player_choice":"Shed Blood","damage_taken":19,"max_hp_gain":5,"max_hp_loss":0,"event_name":"Forgotten Altar","floor":21,"gold_loss":0},{"damage_healed":0,"gold_gain":0,"player_choice":"Ignored","damage_taken":0,"max_hp_gain":0,"max_hp_loss":0,"event_name":"Beggar","floor":22,"gold_loss":0},{"damage_healed":0,"gold_gain":75,"player_choice":"Touch","damage_taken":9,"max_hp_gain":0,"max_hp_loss":0,"event_name":"FaceTrader","floor":29,"gold_loss":0},{"damage_healed":0,"gold_gain":0,"player_choice":"Fight","damage_taken":0,"max_hp_gain":0,"max_hp_loss":0,"event_name":"MindBloom","floor":45,"gold_loss":0}],"is_beta":false,"boss_relics":[{"not_picked":["Pandora\u0027s Box","Busted Crown"],"picked":"Sozu"},{"not_picked":["Velvet Choker","Empty Cage"],"picked":"Philosopher\u0027s Stone"}],"items_purged_floors":[3,20,48],"is_endless":false,"potions_floor_spawned":[1,6,10,12,16,18,19,30,35,47],"killed_by":"Time Eater","ascension_level":4}