{"gold_per_floor":[115,127,402,227,246,277,277,292,340,351,351,364,302,336,336,336],"floor_reached":16,"playtime":620,"items_purged":["Regret"],"score":207,"play_id":"9692609e-8e83-4faf-86c7-9bc9b14cd71d","local_time":"20190202164614","is_ascension_mode":true,"campfire_choices":[{"floor":7,"key":"REST"},{"data":"Zap","floor":11,"key":"SMITH"},{"floor":15,"key":"REST"}],"neow_cost":"NONE","seed_source_timestamp":781350320735600,"circlet_count":0,"master_deck":["AscendersBane","Strike_B","Strike_B","Strike_B","Strike_B","Defend_B","Defend_B","Defend_B","Defend_B","Zap+1","Dualcast","Rebound","BootSequence","Panacea","Loop","Go for the Eyes","Undo","Reboot"],"relics":["Cracked Core","Ornamental Fan","PreservedInsect","Bag of Marbles"],"potions_floor_usage":[6,16],"damage_taken":[{"damage":12,"enemies":"Small Slimes","floor":1,"turns":4},{"damage":1,"enemies":"Cultist","floor":2,"turns":3},{"damage":3,"enemies":"2 Louse","floor":5,"turns":3},{"damage":30,"enemies":"3 Sentries","floor":6,"turns":8},{"damage":6,"enemies":"Looter","floor":8,"turns":3},{"damage":11,"enemies":"Gremlin Gang","floor":10,"turns":7},{"damage":0,"enemies":"Red Slaver","floor":12,"turns":3},{"damage":12,"enemies":"Lagavulin","floor":14,"turns":5},{"damage":33,"enemies":"Slime Boss","floor":16,"turns":7}],"seed_played":"-3195172326424433009","potions_obtained":[{"floor":1,"key":"GamblersBrew"},{"floor":2,"key":"Explosive Potion"},{"floor":12,"key":"Energy Potion"}],"is_trial":false,"path_per_floor":["M","M","?","$","M","E","R","M","T","M","R","M","?","E","R","B"],"character_chosen":"DEFECT","items_purchased":["Panacea"],"campfire_rested":2,"item_purchase_floors":[4],"current_hp_per_floor":[52,51,51,51,48,18,39,33,33,22,22,22,22,10,31,0],"gold":336,"neow_bonus":"THREE_CARDS","is_prod":false,"is_daily":false,"chose_seed":false,"campfire_upgraded":1,"win_rate":0,"timestamp":1549122374,"path_taken":["M","M","?","$","M","E","R","M","T","?","R","M","?","E","R","BOSS"],"build_version":"2019-01-23","purchased_purges":1,"victory":false,"max_hp_per_floor":[71,71,71,71,71,71,71,71,71,71,71,71,71,71,71,71],"card_choices":[{"not_picked":["Static Discharge","Aggregate"],"picked":"Rebound","floor":0},{"not_picked":["Static Discharge","Hologram"],"picked":"BootSequence","floor":1},{"not_picked":["Gash","Storm","Darkness"],"picked":"SKIP","floor":2},{"not_picked":["Barrage","Rebound","Aggregate"],"picked":"SKIP","floor":5},{"not_picked":["Coolheaded","Undo"],"picked":"Loop","floor":6},{"not_picked":["Redo","Beam Cell","White Noise"],"picked":"SKIP","floor":8},{"not_picked":["Aggregate","Stack"],"picked":"Go for the Eyes","floor":10},{"not_picked":["Turbo","Barrage"],"picked":"Undo","floor":12},{"not_picked":["Steam Power","Redo"],"picked":"Reboot","floor":14}],"player_experience":438677,"relics_obtained":[{"floor":6,"key":"Ornamental Fan"},{"floor":9,"key":"PreservedInsect"},{"floor":14,"key":"Bag of Marbles"}],"event_choices":[{"damage_healed":0,"gold_gain":275,"player_choice":"Desecrate","damage_taken":0,"max_hp_gain":0,"max_hp_loss":0,"event_name":"Golden Shrine","floor":3,"gold_loss":0,"cards_obtained":["Regret"]},{"damage_healed":0,"gold_gain":0,"player_choice":"Left Gold","damage_taken":0,"max_hp_gain":0,"max_hp_loss":0,"event_name":"World of Goop","floor":13,"gold_loss":62}],"is_beta":false,"boss_relics":[],"items_purged_floors":[4],"is_endless":false,"potions_floor_spawned":[1,2,12],"killed_by":"Slime Boss","ascension_level":17}