{"gold_per_floor":[113,132,146,163,178,178,213,213,295,324,342,342,361,394,394,469,469,483,483,483,500,440,440,469,44,44,44,44,75,75,88,88,88],"floor_reached":33,"playtime":1476,"items_purged":["Writhe","Strike_G"],"score":715,"play_id":"705f080f-2125-40b5-a9aa-9a1c01579728","local_time":"20190216145900","is_ascension_mode":true,"campfire_choices":[{"floor":6,"key":"REST"},{"data":"Catalyst","floor":8,"key":"SMITH"},{"floor":12,"key":"REST"},{"floor":15,"key":"REST"},{"floor":23,"key":"REST"},{"floor":28,"key":"REST"},{"data":"Noxious Fumes","floor":30,"key":"SMITH"},{"floor":32,"key":"REST"}],"neow_cost":"NONE","seed_source_timestamp":110124862174900,"circlet_count":0,"master_deck":["AscendersBane","Defend_G","Defend_G","Defend_G","Defend_G","Defend_G","Strike_G","Strike_G","Strike_G","Strike_G","Survivor","Neutralize","Purity","Flying Knee","Noxious Fumes+1","Catalyst+1","PiercingWail+1","Deadly Poison","Deadly Poison","Well Laid Plans","Deadly Poison","Catalyst+1","Deadly Poison","Glass Knife","Crippling Poison","Dodge and Roll","PiercingWail","Deflect+1","Dodge and Roll+1","Cloak And Dagger+1","Deadly Poison+1","Bouncing Flask+1","Backflip+1","Sucker Punch","Deflect+1"],"relics":["Ring of the Snake","The Courier","Tiny Chest","Paper Crane","Dream Catcher","Lizard Tail","Oddly Smooth Stone","War Paint","Toxic Egg 2","Ornamental Fan","Centennial Puzzle","Orichalcum"],"potions_floor_usage":[5,7,13,24,31],"damage_taken":[{"damage":0,"enemies":"2 Louse","floor":1,"turns":4},{"damage":3,"enemies":"Jaw Worm","floor":2,"turns":5},{"damage":5,"enemies":"Cultist","floor":3,"turns":4},{"damage":12,"enemies":"Blue Slaver","floor":4,"turns":6},{"damage":26,"enemies":"Exordium Thugs","floor":5,"turns":7},{"damage":12,"enemies":"Gremlin Nob","floor":7,"turns":4},{"damage":20,"enemies":"3 Sentries","floor":10,"turns":7},{"damage":0,"enemies":"Large Slime","floor":11,"turns":5},{"damage":15,"enemies":"Blue Slaver","floor":13,"turns":3},{"damage":13,"enemies":"Lagavulin","floor":14,"turns":6},{"damage":0,"enemies":"The Guardian","floor":16,"turns":6},{"damage":1,"enemies":"Chosen","floor":18,"turns":4},{"damage":12,"enemies":"3 Byrds","floor":21,"turns":6},{"damage":34,"enemies":"Slavers","floor":24,"turns":8},{"damage":61,"enemies":"Gremlin Leader","floor":29,"turns":6},{"damage":0,"enemies":"Snecko","floor":31,"turns":3},{"damage":50,"enemies":"Collector","floor":33,"turns":6}],"seed_played":"-3578125628036929234","potions_obtained":[{"floor":4,"key":"Regen Potion"},{"floor":5,"key":"Poison Potion"},{"floor":7,"key":"FearPotion"},{"floor":11,"key":"FairyPotion"},{"floor":13,"key":"SteroidPotion"},{"floor":21,"key":"SkillPotion"},{"floor":29,"key":"Explosive Potion"}],"is_trial":false,"path_per_floor":["M","M","M","M","M","R","E","R","T","E","M","R","M","E","R","B",null,"M","?","?","M","$","R","E","$","T","T","R","E","R","M","R","B"],"character_chosen":"THE_SILENT","items_purchased":["Toxic Egg 2","Deflect+1","Dodge and Roll+1","Cloak And Dagger+1","Deadly Poison+1"],"campfire_rested":6,"item_purchase_floors":[25,25,25,25,25],"current_hp_per_floor":[59,56,51,39,22,41,29,29,29,9,9,28,13,6,25,25,56,55,55,55,43,43,62,28,28,28,28,47,20,20,20,39,0],"gold":88,"neow_bonus":"RANDOM_COLORLESS","is_prod":false,"is_daily":false,"chose_seed":false,"campfire_upgraded":2,"win_rate":0,"timestamp":1550325540,"path_taken":["M","M","M","M","M","R","E","R","T","E","M","R","M","E","R","BOSS","M","?","?","M","?","R","E","$","T","?","R","E","R","M","R","BOSS"],"build_version":"2019-01-23","purchased_purges":2,"victory":false,"max_hp_per_floor":[66,66,66,66,66,66,66,66,66,66,66,66,66,66,66,66,66,66,66,66,66,66,66,66,66,66,66,66,66,66,66,66,66],"card_choices":[{"not_picked":["Deflect","Acrobatics"],"picked":"Flying Knee","floor":1},{"not_picked":["Distraction","Slice"],"picked":"Noxious Fumes","floor":2},{"not_picked":["Deadly Poison","A Thousand Cuts"],"picked":"Catalyst","floor":3},{"not_picked":["All Out Attack","Masterful Stab"],"picked":"PiercingWail","floor":4},{"not_picked":["Cloak And Dagger","Flying Knee"],"picked":"Deadly Poison","floor":5},{"not_picked":["Flying Knee","Backflip"],"picked":"Deadly Poison","floor":7},{"not_picked":["A Thousand Cuts","Acrobatics"],"picked":"Well Laid Plans","floor":10},{"not_picked":["Concentrate","Slice","Underhanded Strike"],"picked":"SKIP","floor":11},{"not_picked":["Underhanded Strike","Quick Slash"],"picked":"Deadly Poison","floor":13},{"not_picked":["Flying Knee","Noxious Fumes"],"picked":"Catalyst","floor":14},{"not_picked":["Sucker Punch","Dodge and Roll"],"picked":"Deadly Poison","floor":15},{"not_picked":["Unload","Venomology"],"picked":"Glass Knife","floor":16},{"not_picked":["Slice","Riddle With Holes","Underhanded Strike"],"picked":"SKIP","floor":18},{"not_picked":["Well Laid Plans","Catalyst"],"picked":"Crippling Poison","floor":21},{"not_picked":["Dash","Reflex+1"],"picked":"Dodge and Roll","floor":23},{"not_picked":["Underhanded Strike","Slice"],"picked":"PiercingWail","floor":24},{"not_picked":["Dodge and Roll+1","Calculated Gamble+1"],"picked":"Bouncing Flask+1","floor":28},{"not_picked":["All Out Attack","Underhanded Strike+1"],"picked":"Backflip+1","floor":29},{"not_picked":["Accuracy","A Thousand Cuts"],"picked":"Sucker Punch","floor":31},{"not_picked":["Dagger Spray","Caltrops+1"],"picked":"Deflect+1","floor":32}],"player_experience":503949,"relics_obtained":[{"floor":7,"key":"The Courier"},{"floor":9,"key":"Tiny Chest"},{"floor":10,"key":"Paper Crane"},{"floor":14,"key":"Dream Catcher"},{"floor":24,"key":"War Paint"},{"floor":26,"key":"Ornamental Fan"},{"floor":27,"key":"Centennial Puzzle"},{"floor":29,"key":"Orichalcum"}],"event_choices":[{"damage_healed":0,"gold_gain":0,"player_choice":"Opened","damage_taken":0,"relics_obtained":["Oddly Smooth Stone"],"max_hp_gain":0,"max_hp_loss":0,"event_name":"The Mausoleum","floor":19,"gold_loss":0,"cards_obtained":["Writhe"]},{"damage_healed":0,"gold_gain":0,"player_choice":"Ignored","damage_taken":0,"max_hp_gain":0,"max_hp_loss":0,"event_name":"Ghosts","floor":20,"gold_loss":0}],"is_beta":false,"boss_relics":[{"not_picked":["Calling Bell","Ectoplasm"],"picked":"Lizard Tail"}],"items_purged_floors":[22,25],"is_endless":false,"potions_floor_spawned":[4,5,7,11,13,21,29],"killed_by":"Collector","ascension_level":15}