{"path_per_floor":["M","M","$","M","?","E","R","M","T","?","M","M","M","M","R","B",null,"M","M","$","M","?","R","$","M","T","R","M","?","M"],"character_chosen":"IRONCLAD","items_purchased":["Shrug It Off","Madness"],"gold_per_floor":[115,131,2,22,22,53,53,69,69,69,85,95,109,125,125,224,224,243,254,53,66,66,66,66,84,108,108,128,43,63],"floor_reached":31,"campfire_rested":1,"playtime":2443,"current_hp_per_floor":[80,80,80,80,80,67,67,65,65,70,74,71,65,66,66,45,95,73,63,63,48,32,32,32,10,10,38,20,20,18],"items_purged":["Defend_R","Strike_R"],"gold":63,"score":268,"play_id":"23517ff1-7393-41a6-abe7-1a3b2bff9af5","is_prod":false,"is_daily":false,"is_ascension_mode":false,"campfire_upgraded":3,"path_taken":["M","M","$","M","?","E","R","M","T","?","M","M","M","M","R","BOSS","M","M","$","M","?","R","$","M","T","R","M","?","M","M"],"build_version":"2018-02-22-PROD2","purchased_purges":2,"victory":false,"master_deck":["Strike_R","Strike_R","Strike_R","Strike_R","Defend_R","Defend_R","Defend_R","Bash+1","Headbutt","Anger+1","Shrug It Off","Headbutt","Battle Trance","Brutality","Havoc","Hemokinesis","True Grit","Armaments+1","Demon Form+1","Feel No Pain+1","Heavy Blade","Madness","Bloodletting","Shrug It Off+1","Body Slam+1","Thunderclap"],"max_hp_per_floor":[80,80,80,80,80,90,90,90,90,95,95,95,95,95,95,95,95,95,95,95,95,95,95,95,95,95,95,95,95,95],"relics":["Burning Blood","Bag of Preparation","Pear","Champion Belt","Mark of Pain","Enchiridion","Happy Flower","Prayer Wheel"],"card_choices":[{"not_picked":["Perfected Strike","Clothesline"],"picked":"Headbutt"},{"not_picked":["Clothesline","Second Wind"],"picked":"Anger"},{"not_picked":["Cleave","Intimidate"],"picked":"Headbutt"},{"not_picked":["Metallicize","Entrench"],"picked":"Battle Trance"},{"not_picked":["Feel No Pain","Entrench"],"picked":"Brutality"},{"not_picked":["Thunderclap","Headbutt"],"picked":"Havoc"},{"not_picked":["Warcry","Havoc"],"picked":"Hemokinesis"},{"not_picked":["Cleave","Flex"],"picked":"True Grit"},{"not_picked":["Seeing Red","Sword Boomerang"],"picked":"Armaments"},{"not_picked":["Fiend Fire","Berserk"],"picked":"Demon Form"},{"not_picked":["True Grit","Shrug It Off"],"picked":"Feel No Pain"},{"not_picked":["Evolve","Headbutt"],"picked":"Heavy Blade"},{"not_picked":["Whirlwind","Body Slam"],"picked":"Bloodletting"},{"not_picked":["Bloodletting","Clothesline"],"picked":"Shrug It Off"},{"not_picked":["Headbutt","Rage"],"picked":"Body Slam"},{"not_picked":["Flame Barrier","Combust"],"picked":"Thunderclap"}],"player_experience":166800,"potions_floor_usage":[13,16,21,25,28],"damage_taken":[{"damage":3,"enemies":"2 Louse","floor":1,"turns":4},{"damage":1,"enemies":"Cultist","floor":2,"turns":3},{"damage":3,"enemies":"Jaw Worm","floor":4,"turns":4},{"damage":29,"enemies":"Lagavulin","floor":6,"turns":6},{"damage":8,"enemies":"2 Fungi Beasts","floor":8,"turns":4},{"damage":2,"enemies":"Exordium Wildlife","floor":11,"turns":3},{"damage":9,"enemies":"3 Louse","floor":12,"turns":3},{"damage":12,"enemies":"Exordium Thugs","floor":13,"turns":3},{"damage":5,"enemies":"Looter","floor":14,"turns":2},{"damage":27,"enemies":"Slime Boss","floor":16,"turns":7},{"damage":28,"enemies":"2 Thieves","floor":18,"turns":4},{"damage":16,"enemies":"Spheric Guardian","floor":19,"turns":5},{"damage":21,"enemies":"Snake Plant","floor":21,"turns":5},{"damage":28,"enemies":"Snecko","floor":25,"turns":4},{"damage":36,"enemies":"3 Cultists","floor":28,"turns":6},{"damage":8,"enemies":"Snake Plant","floor":30,"turns":3},{"damage":26,"enemies":"Snecko","floor":31,"turns":3}],"event_choices":[{"event_name":"Upgrade Shrine","player_choice":"Upgraded","floor":5,"damage_taken":0},{"event_name":"Big Fish","player_choice":"Donut","floor":10,"damage_taken":0},{"event_name":"Cursed Tome","player_choice":"Obtained Book","floor":22,"damage_taken":0},{"event_name":"Addict","player_choice":"Obtained Relic","floor":29,"damage_taken":0}],"boss_relics":[{"not_picked":["Runic Dome","Tiny House"],"picked":"Mark of Pain"}],"potions_floor_spawned":[6,8,14,21,25],"seed_played":"-6749854804610068040","killed_by":"Snecko","ascension_level":0,"is_trial":false}