{"path_per_floor":["M","M","M","M","?","R","M","M","T","R","?","M","$","M","R","B",null,"M","$","M","M","M","R","M","M","T","R","M","?","M","M","R"],"character_chosen":"IRONCLAD","items_purchased":["Molten Egg 2","Clash"],"gold_per_floor":[118,136,155,166,166,166,182,197,249,249,324,338,70,89,89,194,194,209,134,148,160,179,179,197,217,217,217,227,227,247,261,261],"floor_reached":33,"campfire_rested":1,"playtime":8695,"current_hp_per_floor":[80,80,77,80,62,62,64,57,57,57,46,52,52,54,78,59,80,80,80,72,59,65,65,49,74,74,74,78,56,40,56,56],"items_purged":["Strike_R"],"gold":261,"score":275,"play_id":"e005d47d-074e-42f3-bda7-a8b24c57de53","is_prod":false,"is_daily":false,"is_ascension_mode":false,"campfire_upgraded":5,"path_taken":["M","?","?","M","?","R","M","M","T","R","?","M","$","M","R","BOSS","M","$","?","M","M","R","M","M","T","R","M","?","M","?","R","BOSS"],"build_version":"2018-02-22-PROD2","purchased_purges":3,"victory":false,"master_deck":["Defend_R","Defend_R","Defend_R+1","Defend_R","Bash+1","Cleave","Seeing Red+1","Anger","Spot Weakness+1","Reckless Charge","Iron Wave","Inflame","Clash+1","Inflame+1","Reaper+1","Sword Boomerang+1","Shrug It Off","Metallicize+1","Fiend Fire+1","Havoc","Anger+1","Fire Breathing+1","Bite+1","Bite+1","Bite+1","Bite+1","Bite+1","Uppercut+1","Inflame"],"max_hp_per_floor":[80,80,80,80,80,80,80,80,80,80,80,80,80,80,80,80,80,80,80,80,80,80,80,80,80,80,80,80,56,56,56,56],"relics":["Burning Blood","Orichalcum","War Paint","Molten Egg 2","Sozu","Mummified Hand"],"card_choices":[{"not_picked":["True Grit","Flex"],"picked":"Cleave"},{"not_picked":["Headbutt","Limit Break"],"picked":"Seeing Red"},{"not_picked":["Clothesline","Perfected Strike"],"picked":"Anger"},{"not_picked":["True Grit","Rampage"],"picked":"Spot Weakness"},{"not_picked":["Rupture","Heavy Blade"],"picked":"Reckless Charge"},{"not_picked":["Flex","Heavy Blade"],"picked":"Iron Wave"},{"not_picked":["Wild Strike","Uppercut"],"picked":"Inflame"},{"not_picked":["Rupture","Iron Wave"],"picked":"Inflame"},{"not_picked":["Dark Embrace","Fiend Fire"],"picked":"Reaper"},{"not_picked":["Havoc","Anger"],"picked":"Sword Boomerang"},{"not_picked":["Anger","Reckless Charge"],"picked":"Shrug It Off"},{"not_picked":["Anger","Fire Breathing"],"picked":"Metallicize"},{"not_picked":["Combust","Perfected Strike"],"picked":"Fiend Fire"},{"not_picked":["Corruption","Metallicize"],"picked":"Havoc"},{"not_picked":["Searing Blow","Second Wind"],"picked":"Anger"},{"not_picked":["Twin Strike","Havoc"],"picked":"Fire Breathing"},{"not_picked":["Flex","Twin Strike"],"picked":"Uppercut"},{"not_picked":["Sentinel","Intimidate"],"picked":"Inflame"}],"player_experience":136386,"potions_floor_usage":[12,16],"damage_taken":[{"damage":1,"enemies":"Cultist","floor":1,"turns":3},{"damage":2,"enemies":"2 Louse","floor":2,"turns":3},{"damage":9,"enemies":"Jaw Worm","floor":3,"turns":4},{"damage":2,"enemies":"2 Fungi Beasts","floor":4,"turns":3},{"damage":4,"enemies":"Looter","floor":7,"turns":3},{"damage":13,"enemies":"Exordium Thugs","floor":8,"turns":5},{"damage":0,"enemies":"Lots of Slimes","floor":12,"turns":2},{"damage":4,"enemies":"Looter","floor":14,"turns":2},{"damage":25,"enemies":"Hexaghost","floor":16,"turns":6},{"damage":0,"enemies":"Chosen","floor":18,"turns":4},{"damage":28,"enemies":"2 Thieves","floor":20,"turns":3},{"damage":28,"enemies":"Cultist and Chosen","floor":21,"turns":5},{"damage":17,"enemies":"3 Cultists","floor":22,"turns":5},{"damage":28,"enemies":"Snake Plant","floor":24,"turns":4},{"damage":6,"enemies":"Centurion and Healer","floor":25,"turns":3},{"damage":11,"enemies":"Sentry and Sphere","floor":28,"turns":5},{"damage":27,"enemies":"Snecko","floor":30,"turns":5},{"damage":9,"enemies":"3 Cultists","floor":31,"turns":4},{"damage":79,"enemies":"Collector","floor":33,"turns":7}],"event_choices":[{"event_name":"Scrap Ooze","player_choice":"success","floor":5,"damage_taken":18},{"event_name":"World of Goop","player_choice":"Gather Gold","floor":11,"damage_taken":0},{"event_name":"Vampires","player_choice":"Became a vampire","floor":29,"damage_taken":0}],"boss_relics":[{"not_picked":["White Beast Statue","Snecko Eye"],"picked":"Sozu"}],"potions_floor_spawned":[2,4,8,12,14,18,20,21,30],"seed_played":"8699079704885780143","killed_by":"Collector","ascension_level":0,"is_trial":false}