{"gold_per_floor":[118,43,43,61,72,72,84,84,84,41,41,51,70,96,96,170,170,190,190,200,216,226,226,226,226,297,317,331,346,346,346,346,346],"floor_reached":33,"playtime":1527,"items_purged":[],"score":497,"play_id":"dbb409b7-a4c5-4651-a144-5b792b01902a","local_time":"20181229175235","is_ascension_mode":true,"campfire_choices":[{"data":"Zap","floor":6,"key":"SMITH"},{"data":"Go for the Eyes","floor":8,"key":"SMITH"},{"data":"Chaos","floor":11,"key":"SMITH"},{"data":"Blizzard","floor":15,"key":"SMITH"},{"data":"Fission","floor":23,"key":"SMITH"},{"data":"Dualcast","floor":25,"key":"SMITH"},{"data":"Go for the Eyes","floor":30,"key":"SMITH"},{"floor":32,"key":"REST"}],"neow_cost":"TEN_PERCENT_HP_LOSS","seed_source_timestamp":723929154185700,"circlet_count":0,"master_deck":["AscendersBane","Strike_B","Strike_B","Strike_B","Defend_B","Defend_B","Defend_B","Zap+1","Dualcast+1","Undo","Chaos+1","Go for the Eyes+1","Cold Snap","Glacier","Blizzard+1","Cold Snap","Cold Snap","Electrodynamics","Fission+1","Coolheaded","Go for the Eyes+1","Ball Lightning","Turbo","Self Repair","Decay","Compile Driver","Chill"],"relics":["Cracked Core","Torii","Pocketwatch","Ginger","Orrery","Letter Opener","Sundial"],"potions_floor_usage":[14,22,27,33],"damage_taken":[{"damage":0,"enemies":"2 Louse","floor":1,"turns":2},{"damage":2,"enemies":"Jaw Worm","floor":4,"turns":4},{"damage":1,"enemies":"Cultist","floor":5,"turns":4},{"damage":0,"enemies":"Exordium Wildlife","floor":7,"turns":4},{"damage":1,"enemies":"Looter","floor":12,"turns":3},{"damage":0,"enemies":"Blue Slaver","floor":13,"turns":4},{"damage":0,"enemies":"3 Sentries","floor":14,"turns":5},{"damage":10,"enemies":"Slime Boss","floor":16,"turns":8},{"damage":10,"enemies":"2 Thieves","floor":18,"turns":3},{"damage":12,"enemies":"Colosseum Slavers","floor":19,"turns":4},{"damage":0,"enemies":"Chosen","floor":20,"turns":4},{"damage":1,"enemies":"3 Cultists","floor":21,"turns":3},{"damage":0,"enemies":"Centurion and Healer","floor":22,"turns":9},{"damage":16,"enemies":"Snake Plant","floor":27,"turns":5},{"damage":2,"enemies":"3 Cultists","floor":28,"turns":4},{"damage":9,"enemies":"Shelled Parasite and Fungi","floor":29,"turns":5},{"damage":46,"enemies":"Collector","floor":33,"turns":11}],"seed_played":"2417284181556550583","potions_obtained":[{"floor":4,"key":"Weak Potion"},{"floor":12,"key":"Explosive Potion"},{"floor":14,"key":"GamblersBrew"},{"floor":18,"key":"SkillPotion"},{"floor":22,"key":"SkillPotion"},{"floor":29,"key":"Energy Potion"}],"is_trial":false,"path_per_floor":["M","?","?","M","M","R","M","R","T","$","R","M","M","E","R","B",null,"M","?","M","M","M","R","?","R","T","M","M","M","R","T","R","B"],"character_chosen":"DEFECT","items_purchased":["Blizzard"],"campfire_rested":1,"item_purchase_floors":[10],"current_hp_per_floor":[64,64,64,62,61,61,61,61,61,61,61,60,60,60,60,50,61,51,39,39,38,38,38,38,38,38,22,20,18,18,18,37,0],"gold":346,"neow_bonus":"ONE_RARE_RELIC","is_prod":false,"is_daily":false,"chose_seed":false,"campfire_upgraded":7,"win_rate":0,"timestamp":1546102355,"path_taken":["M","?","?","M","M","R","M","R","T","$","R","?","M","E","R","BOSS","M","?","M","M","M","R","?","R","T","M","M","M","R","?","R","BOSS"],"build_version":"2018-12-20","purchased_purges":0,"victory":false,"max_hp_per_floor":[64,64,64,64,64,64,64,64,64,64,64,64,64,64,64,64,64,64,64,64,64,64,64,64,64,64,64,64,64,64,64,64,64],"card_choices":[{"not_picked":["Steam","Hologram"],"picked":"Undo","floor":1},{"not_picked":["Leap","Steam Power"],"picked":"Go for the Eyes","floor":4},{"not_picked":["Stack","Sweeping Beam"],"picked":"Cold Snap","floor":5},{"not_picked":["Meteor Strike","Capacitor"],"picked":"Glacier","floor":7},{"not_picked":["Leap","BootSequence"],"picked":"Cold Snap","floor":12},{"not_picked":["Auto Shields","Go for the Eyes"],"picked":"Cold Snap","floor":13},{"not_picked":["Force Field","Streamline","Stack"],"picked":"SKIP","floor":14},{"not_picked":["Core Surge","Reboot"],"picked":"Electrodynamics","floor":16},{"not_picked":["Rip and Tear","Doom and Gloom"],"picked":"Fission","floor":17},{"not_picked":["White Noise","Hello World"],"picked":"Coolheaded","floor":17},{"not_picked":["Leap","Stack"],"picked":"Go for the Eyes","floor":17},{"not_picked":["Rebound","Conserve Battery"],"picked":"Ball Lightning","floor":17},{"not_picked":["Stack","Go for the Eyes","Heatsinks"],"picked":"SKIP","floor":18},{"not_picked":["Auto Shields","Fusion"],"picked":"Turbo","floor":20},{"not_picked":["Streamline+1","Steam","Turbo"],"picked":"SKIP","floor":21},{"not_picked":["Storm","Creative AI"],"picked":"Self Repair","floor":22},{"not_picked":["Barrage","Auto Shields"],"picked":"Compile Driver","floor":27},{"not_picked":["Melter+1","Compile Driver"],"picked":"Chill","floor":28},{"not_picked":["Turbo","Undo","Gash"],"picked":"SKIP","floor":29}],"player_experience":323870,"relics_obtained":[{"floor":9,"key":"Pocketwatch"},{"floor":14,"key":"Ginger"},{"floor":26,"key":"Letter Opener"},{"floor":31,"key":"Sundial"}],"event_choices":[{"cards_removed":["Strike_B"],"damage_healed":0,"gold_gain":0,"player_choice":"Card Removal","damage_taken":0,"max_hp_gain":0,"max_hp_loss":0,"event_name":"The Cleric","floor":2,"gold_loss":75},{"damage_healed":0,"gold_gain":0,"cards_transformed":["Defend_B"],"player_choice":"Transformed","damage_taken":0,"max_hp_gain":0,"max_hp_loss":0,"event_name":"Transmorgrifier","floor":3,"gold_loss":0,"cards_obtained":["Chaos"]},{"damage_healed":0,"gold_gain":0,"player_choice":"Fight","damage_taken":0,"max_hp_gain":0,"max_hp_loss":0,"event_name":"Colosseum","floor":19,"gold_loss":0},{"damage_healed":0,"gold_gain":0,"player_choice":"Fled From Nobs","damage_taken":0,"max_hp_gain":0,"max_hp_loss":0,"event_name":"Colosseum","floor":19,"gold_loss":0},{"damage_healed":0,"gold_gain":0,"player_choice":"Smashed Altar","damage_taken":0,"max_hp_gain":0,"max_hp_loss":0,"event_name":"Forgotten Altar","floor":24,"gold_loss":0,"cards_obtained":["Decay"]}],"is_beta":false,"boss_relics":[{"not_picked":["Ectoplasm","Runic Pyramid"],"picked":"Orrery"}],"items_purged_floors":[],"is_endless":false,"potions_floor_spawned":[4,12,13,14,18,20,22,29],"killed_by":"Collector","ascension_level":16}