{"gold_per_floor":[217,233,251,265,275,275,292,292,349,349,361,33,45,62,62,162,162],"floor_reached":17,"playtime":630,"items_purged":["Strike_R"],"score":153,"play_id":"c663eedd-faf8-4a6f-a8f8-62979aa89236","local_time":"20190305230306","is_ascension_mode":false,"campfire_choices":[{"data":"Searing Blow","floor":6,"key":"SMITH"},{"data":"Searing Blow+1","floor":10,"key":"SMITH"},{"data":"Searing Blow+2","floor":15,"key":"SMITH"}],"neow_cost":"NONE","seed_source_timestamp":894125699713345,"circlet_count":0,"master_deck":["Strike_R","Strike_R","Strike_R","Defend_R","Defend_R","Defend_R","Defend_R","Bash","Entrench","Twin Strike","Cleave","Searing Blow+3","Battle Trance","Whirlwind","Shrug It Off","Reaper"],"relics":["Burning Blood","Tiny Chest","Kunai","Mark of Pain"],"potions_floor_usage":[13,16,16],"damage_taken":[{"damage":1,"enemies":"Cultist","floor":1,"turns":3},{"damage":7,"enemies":"Jaw Worm","floor":2,"turns":5},{"damage":10,"enemies":"Small Slimes","floor":3,"turns":4},{"damage":6,"enemies":"3 Louse","floor":4,"turns":3},{"damage":10,"enemies":"2 Fungi Beasts","floor":5,"turns":3},{"damage":8,"enemies":"Large Slime","floor":7,"turns":4},{"damage":5,"enemies":"Looter","floor":11,"turns":3},{"damage":11,"enemies":"Exordium Wildlife","floor":13,"turns":2},{"damage":5,"enemies":"3 Louse","floor":14,"turns":4},{"damage":23,"enemies":"Slime Boss","floor":16,"turns":9}],"seed_played":"-1278727036489503616","potions_obtained":[{"floor":2,"key":"Ancient Potion"},{"floor":4,"key":"Energy Potion"},{"floor":5,"key":"SneckoOil"},{"floor":7,"key":"GamblersBrew"},{"floor":13,"key":"FearPotion"}],"is_trial":false,"path_per_floor":["M","M","M","M","M","R","M","?","T","R","M","$","M","M","R","B",null],"character_chosen":"IRONCLAD","items_purchased":["Kunai"],"campfire_rested":0,"item_purchase_floors":[12],"current_hp_per_floor":[80,79,75,75,71,71,69,62,62,62,63,63,58,59,59,42,80],"gold":162,"neow_bonus":"HUNDRED_GOLD","is_prod":false,"is_daily":false,"chose_seed":false,"campfire_upgraded":3,"win_rate":0,"timestamp":1551798186,"path_taken":["M","M","M","M","?","R","M","?","T","R","M","$","M","M","R","BOSS"],"build_version":"2019-01-23","purchased_purges":1,"victory":false,"max_hp_per_floor":[80,80,80,80,80,80,80,80,80,80,80,80,80,80,80,80,80],"card_choices":[{"not_picked":["Sword Boomerang","Thunderclap"],"picked":"Entrench","floor":1},{"not_picked":["Sword Boomerang","Perfected Strike"],"picked":"Twin Strike","floor":2},{"not_picked":["Warcry","Ghostly Armor"],"picked":"Cleave","floor":3},{"not_picked":["Twin Strike","Clash"],"picked":"Searing Blow","floor":4},{"not_picked":["Sword Boomerang","Metallicize"],"picked":"Battle Trance","floor":5},{"not_picked":["Clothesline","Dual Wield"],"picked":"Whirlwind","floor":7},{"not_picked":["Hemokinesis","Carnage","Shockwave"],"picked":"SKIP","floor":11},{"not_picked":["Juggernaut","Wild Strike","Infernal Blade"],"picked":"SKIP","floor":13},{"not_picked":["Perfected Strike","Twin Strike"],"picked":"Shrug It Off","floor":14},{"not_picked":["Barricade","Berserk"],"picked":"Reaper","floor":16}],"player_experience":759588,"relics_obtained":[{"floor":9,"key":"Tiny Chest"}],"event_choices":[{"cards_removed":["Strike_R"],"damage_healed":0,"gold_gain":0,"player_choice":"Card Removal","damage_taken":7,"max_hp_gain":0,"max_hp_loss":0,"event_name":"Golden Wing","floor":8,"gold_loss":0}],"is_beta":false,"boss_relics":[{"not_picked":["Runic Pyramid","Snecko Eye"],"picked":"Mark of Pain"}],"items_purged_floors":[12],"is_endless":false,"potions_floor_spawned":[2,4,5,7,13],"ascension_level":0}