{"gold_per_floor":[114,114,131,131,81,114,126,126,181,195,225,225,253,328,328,433,433,445,20,36,36,51,51,51,51,77,95,122,122,46,62,62,159,159,171,183,197,213,313,313,344,344,344,344,359,359,359,41,41,41],"floor_reached":50,"playtime":3607,"items_purged":["Strike_R"],"score":823,"play_id":"4bc72cf9-f1f7-4313-aa39-053f7b26ff23","local_time":"20190401232726","is_ascension_mode":true,"campfire_choices":[{"data":"Uppercut","floor":8,"key":"SMITH"},{"data":"Pommel Strike","floor":15,"key":"SMITH"},{"data":"Carnage","floor":23,"key":"SMITH"},{"data":"Seeing Red","floor":29,"key":"SMITH"},{"data":"Armaments","floor":32,"key":"SMITH"},{"data":"Flame Barrier","floor":40,"key":"SMITH"},{"data":"Fiend Fire","floor":42,"key":"SMITH"},{"data":"Rampage","floor":44,"key":"SMITH"},{"data":"Flame Barrier","floor":49,"key":"SMITH"}],"neow_cost":"NONE","seed_source_timestamp":301273513372885,"circlet_count":0,"master_deck":["Strike_R","Strike_R+1","Defend_R+1","Defend_R+1","Defend_R","Defend_R","Bash+1","Uppercut+1","Ghostly Armor","Pommel Strike+1","Reaper+1","Headbutt","Offering","Carnage+1","Seeing Red+1","Double Tap","Flame Barrier+1","Armaments+1","Fiend Fire+1","Carnage+1","True Grit+1","Rampage+1","Intimidate","Shrug It Off+1","Infernal Blade+1","Pommel Strike","Double Tap","Fiend Fire","Shrug It Off+1","Flame Barrier+1","Shrug It Off"],"relics":["Burning Blood","NeowsBlessing","Bronze Scales","Charon\u0027s Ashes","Potion Belt","Juzu Bracelet","Pear","Coffee Dripper","PreservedInsect","War Paint","Blood Vial","Dodecahedron","Centennial Puzzle","Whetstone","Orrery","Red Skull","Mango","Orichalcum"],"potions_floor_usage":[13,16,16,27,33,33,37,38,50,50,50,50],"damage_taken":[{"damage":0,"enemies":"Jaw Worm","floor":1,"turns":1},{"damage":0,"enemies":"Small Slimes","floor":3,"turns":1},{"damage":0,"enemies":"Lagavulin","floor":6,"turns":1},{"damage":7,"enemies":"2 Louse","floor":7,"turns":2},{"damage":2,"enemies":"2 Fungi Beasts","floor":10,"turns":4},{"damage":16,"enemies":"Gremlin Nob","floor":11,"turns":4},{"damage":20,"enemies":"3 Sentries","floor":13,"turns":5},{"damage":76,"enemies":"The Guardian","floor":16,"turns":13},{"damage":7,"enemies":"Spheric Guardian","floor":18,"turns":3},{"damage":12,"enemies":"Shell Parasite","floor":20,"turns":4},{"damage":21,"enemies":"Centurion and Healer","floor":22,"turns":5},{"damage":6,"enemies":"3 Cultists","floor":27,"turns":3},{"damage":10,"enemies":"Book of Stabbing","floor":28,"turns":4},{"damage":6,"enemies":"Snecko","floor":31,"turns":2},{"damage":44,"enemies":"Champ","floor":33,"turns":14},{"damage":18,"enemies":"3 Shapes","floor":35,"turns":6},{"damage":23,"enemies":"3 Darklings","floor":36,"turns":4},{"damage":23,"enemies":"Writhing Mass","floor":37,"turns":2},{"damage":32,"enemies":"Maw","floor":38,"turns":5},{"damage":36,"enemies":"Nemesis","floor":41,"turns":5},{"damage":6,"enemies":"3 Darklings","floor":45,"turns":3},{"damage":88,"enemies":"Time Eater","floor":50,"turns":9}],"seed_played":"-4547914366880401398","potions_obtained":[{"floor":3,"key":"BloodPotion"},{"floor":7,"key":"LiquidBronze"},{"floor":10,"key":"Strength Potion"},{"floor":11,"key":"FearPotion"},{"floor":20,"key":"PowerPotion"},{"floor":31,"key":"AttackPotion"},{"floor":33,"key":"Fruit Juice"},{"floor":36,"key":"Ancient Potion"},{"floor":37,"key":"Strength Potion"}],"is_trial":false,"path_per_floor":["M","?","M","?","?","E","M","R","T","M","E","?","E","?","R","B",null,"M","$","M","?","M","R","?","T","T","M","E","R","$","M","R","B",null,"M","M","M","M","?","R","E","R","T","R","M","?","?","$","R","B"],"character_chosen":"IRONCLAD","items_purchased":["PreservedInsect","War Paint","Block Potion","Flame Barrier","Flame Barrier","Block Potion","Energy Potion","Orichalcum","Shrug It Off"],"campfire_rested":0,"item_purchase_floors":[19,19,19,30,48,48,48,48,48],"current_hp_per_floor":[78,78,80,77,77,80,79,79,79,80,70,75,81,70,70,15,75,74,74,72,53,46,46,46,46,46,64,66,66,66,75,75,58,93,86,100,92,73,73,73,45,45,59,59,61,61,61,61,61,0],"gold":41,"neow_bonus":"THREE_ENEMY_KILL","is_prod":false,"is_daily":false,"chose_seed":false,"campfire_upgraded":9,"win_rate":0,"timestamp":1554179246,"path_taken":["M","?","M","?","?","E","M","R","T","M","E","?","E","?","R","BOSS","M","$","M","?","M","R","?","?","T","M","E","R","$","M","R","BOSS","M","M","M","M","?","R","E","R","T","R","M","?","?","$","R","BOSS"],"build_version":"2019-01-23","purchased_purges":1,"victory":false,"max_hp_per_floor":[80,80,80,80,80,80,80,80,80,80,80,85,95,95,95,95,95,95,95,95,100,100,100,100,100,100,100,100,100,100,100,100,105,105,105,105,105,105,105,105,105,105,119,119,119,119,119,119,119,119],"card_choices":[{"not_picked":["Wild Strike","Havoc","Clash"],"picked":"SKIP","floor":1},{"not_picked":["Burning Pact","Dark Embrace"],"picked":"Uppercut","floor":3},{"not_picked":["Twin Strike","Warcry","Entrench"],"picked":"SKIP","floor":6},{"not_picked":["Clothesline","Armaments"],"picked":"Ghostly Armor","floor":7},{"not_picked":["Flex","Exhume"],"picked":"Pommel Strike","floor":10},{"not_picked":["Sword Boomerang","Thunderclap"],"picked":"Reaper","floor":11},{"not_picked":["Iron Wave","Power Through"],"picked":"Headbutt","floor":13},{"not_picked":["Fiend Fire","Berserk"],"picked":"Offering","floor":16},{"not_picked":["Fire Breathing","Headbutt","True Grit"],"picked":"SKIP","floor":18},{"not_picked":["Rage","Iron Wave+1"],"picked":"Carnage","floor":20},{"not_picked":["Havoc","Perfected Strike","Wild Strike"],"picked":"SKIP","floor":22},{"not_picked":["Intimidate+1","Bloodletting+1"],"picked":"Seeing Red","floor":27},{"not_picked":["Burning Pact","Rage+1"],"picked":"Double Tap","floor":28},{"not_picked":["Perfected Strike","Twin Strike"],"picked":"Armaments","floor":31},{"not_picked":["Juggernaut","Offering"],"picked":"Fiend Fire","floor":33},{"not_picked":["Hemokinesis+1","Anger"],"picked":"Carnage+1","floor":34},{"not_picked":["Warcry","Rupture"],"picked":"True Grit+1","floor":34},{"not_picked":["Clothesline","Perfected Strike"],"picked":"Rampage","floor":34},{"not_picked":["Heavy Blade","Flex"],"picked":"Intimidate","floor":34},{"not_picked":["Fire Breathing+1","Seeing Red"],"picked":"Shrug It Off+1","floor":35},{"not_picked":["Armaments","Anger"],"picked":"Infernal Blade+1","floor":36},{"not_picked":["Sword Boomerang+1","Dropkick"],"picked":"Pommel Strike","floor":37},{"not_picked":["Inflame","Anger+1"],"picked":"Double Tap","floor":38},{"not_picked":["Rage","Warcry"],"picked":"Fiend Fire","floor":41},{"not_picked":["Iron Wave","Twin Strike+1","Armaments"],"picked":"SKIP","floor":45}],"player_experience":385742,"relics_obtained":[{"floor":6,"key":"Charon\u0027s Ashes"},{"floor":9,"key":"Potion Belt"},{"floor":11,"key":"Juzu Bracelet"},{"floor":13,"key":"Pear"},{"floor":25,"key":"Dodecahedron"},{"floor":26,"key":"Centennial Puzzle"},{"floor":28,"key":"Whetstone"},{"floor":41,"key":"Red Skull"},{"floor":43,"key":"Mango"}],"event_choices":[{"damage_healed":0,"gold_gain":0,"player_choice":"Grow","damage_taken":0,"max_hp_gain":0,"max_hp_loss":0,"event_name":"Living Wall","floor":2,"gold_loss":0,"cards_upgraded":["Bash"]},{"damage_healed":0,"gold_gain":0,"player_choice":"Success","damage_taken":3,"relics_obtained":["Bronze Scales"],"max_hp_gain":0,"max_hp_loss":0,"event_name":"Scrap Ooze","floor":4,"gold_loss":0},{"cards_removed":["Strike_R"],"damage_healed":0,"gold_gain":0,"player_choice":"Card Removal","damage_taken":0,"max_hp_gain":0,"max_hp_loss":0,"event_name":"The Cleric","floor":5,"gold_loss":50},{"damage_healed":0,"gold_gain":0,"player_choice":"Donut","damage_taken":0,"max_hp_gain":5,"max_hp_loss":0,"event_name":"Big Fish","floor":12,"gold_loss":0},{"damage_healed":0,"gold_gain":75,"player_choice":"Gather Gold","damage_taken":11,"max_hp_gain":0,"max_hp_loss":0,"event_name":"World of Goop","floor":14,"gold_loss":0},{"damage_healed":0,"gold_gain":0,"player_choice":"Shed Blood","damage_taken":24,"max_hp_gain":5,"max_hp_loss":0,"event_name":"Forgotten Altar","floor":21,"gold_loss":0},{"damage_healed":0,"gold_gain":0,"player_choice":"Opened","damage_taken":0,"relics_obtained":["Blood Vial"],"max_hp_gain":0,"max_hp_loss":0,"event_name":"The Mausoleum","floor":24,"gold_loss":0},{"damage_healed":0,"gold_gain":100,"player_choice":"Pray","damage_taken":0,"max_hp_gain":0,"max_hp_loss":0,"event_name":"Golden Shrine","floor":39,"gold_loss":0},{"cards_removed":["Strike_R"],"damage_healed":0,"gold_gain":0,"player_choice":"Removed Attack","damage_taken":0,"max_hp_gain":0,"max_hp_loss":0,"event_name":"Falling","floor":46,"gold_loss":0},{"damage_healed":0,"gold_gain":0,"player_choice":"Copied","damage_taken":0,"max_hp_gain":0,"max_hp_loss":0,"event_name":"Duplicator","floor":47,"gold_loss":0,"cards_obtained":["Shrug It Off"]}],"is_beta":false,"boss_relics":[{"not_picked":["Busted Crown","Velvet Choker"],"picked":"Coffee Dripper"},{"not_picked":["Tiny House","Sozu"],"picked":"Orrery"}],"items_purged_floors":[19],"is_endless":false,"potions_floor_spawned":[3,7,10,11,20,31,33,36,37],"killed_by":"Time Eater","ascension_level":9}