{"gold_per_floor":[118,88,104,120,130,130,164,164,164,164,179,207,207],"floor_reached":13,"playtime":421,"items_purged":[],"score":176,"play_id":"46a73ebd-a73f-4423-9428-db67836e7a0d","local_time":"20190202153433","is_ascension_mode":true,"campfire_choices":[{"data":"Zap","floor":6,"key":"SMITH"},{"floor":8,"key":"REST"},{"floor":10,"key":"REST"}],"neow_cost":"NONE","seed_source_timestamp":777248793794800,"circlet_count":0,"master_deck":["AscendersBane","Strike_B","Strike_B","Strike_B","Strike_B","Defend_B","Defend_B","Defend_B","Defend_B","Zap+1","Dualcast","Echo Form","Sweeping Beam","Leap","Go for the Eyes","Rip and Tear","Cold Snap","Darkness"],"relics":["Cracked Core","Ginger","Shovel","Thread and Needle"],"potions_floor_usage":[5,12],"damage_taken":[{"damage":16,"enemies":"Small Slimes","floor":1,"turns":3},{"damage":1,"enemies":"Cultist","floor":3,"turns":4},{"damage":2,"enemies":"2 Louse","floor":4,"turns":3},{"damage":3,"enemies":"Lots of Slimes","floor":5,"turns":2},{"damage":40,"enemies":"3 Sentries","floor":7,"turns":6},{"damage":6,"enemies":"Looter","floor":11,"turns":3},{"damage":30,"enemies":"Gremlin Nob","floor":12,"turns":4},{"damage":17,"enemies":"Gremlin Gang","floor":13,"turns":2}],"seed_played":"1193342419029500010","potions_obtained":[{"floor":2,"key":"FairyPotion"},{"floor":2,"key":"SkillPotion"},{"floor":7,"key":"FearPotion"},{"floor":11,"key":"SkillPotion"},{"floor":12,"key":"FocusPotion"}],"is_trial":false,"path_per_floor":["M","?","M","M","M","R","E","R","T","R","M","E","M"],"character_chosen":"DEFECT","items_purchased":[],"campfire_rested":2,"item_purchase_floors":[],"current_hp_per_floor":[48,48,47,45,42,42,2,23,23,44,38,8,0],"gold":207,"neow_bonus":"ONE_RANDOM_RARE_CARD","is_prod":false,"is_daily":false,"chose_seed":false,"campfire_upgraded":1,"win_rate":0,"timestamp":1549118073,"path_taken":["M","?","M","M","M","R","E","R","T","R","M","E","?"],"build_version":"2019-01-23","purchased_purges":0,"victory":false,"max_hp_per_floor":[71,71,71,71,71,71,71,71,71,71,71,71,71],"card_choices":[{"not_picked":["Rebound","Compile Driver"],"picked":"Sweeping Beam","floor":1},{"not_picked":["Cold Snap","Scrape"],"picked":"Leap","floor":3},{"not_picked":["Rebound","Hologram","Gash"],"picked":"SKIP","floor":4},{"not_picked":["Steam","Rebound"],"picked":"Go for the Eyes","floor":5},{"not_picked":["Scrape","Sweeping Beam"],"picked":"Rip and Tear","floor":7},{"not_picked":["Stack","Rebound"],"picked":"Cold Snap","floor":11},{"not_picked":["Hyperbeam","Hologram"],"picked":"Darkness","floor":12}],"player_experience":436179,"relics_obtained":[{"floor":7,"key":"Ginger"},{"floor":9,"key":"Shovel"},{"floor":12,"key":"Thread and Needle"}],"event_choices":[{"damage_healed":0,"gold_gain":0,"player_choice":"Bought 2 Potions","damage_taken":0,"max_hp_gain":0,"max_hp_loss":0,"event_name":"The Woman in Blue","floor":2,"gold_loss":0}],"is_beta":false,"boss_relics":[],"items_purged_floors":[],"is_endless":false,"potions_floor_spawned":[3,7,11,12],"killed_by":"Gremlin Gang","ascension_level":17}