{"gold_per_floor":[109,128,147,157,82,82,82,107,130,130,156,172,201,201,201,306,306,321,221,232,266,278,278,278,294,317,267,280,129,129,143,143,240,240,253,271,81,100,113,113,132,152,175,195,209,222,222,242,242,242],"floor_reached":50,"playtime":10656,"items_purged":["Strike_R","Defend_R","Defend_R","Havoc+1"],"score":472,"play_id":"ae13be57-1017-4f36-94cc-993afeebcbbb","local_time":"20190205184938","is_ascension_mode":false,"campfire_choices":[{"data":"Pommel Strike","floor":6.0,"key":"SMITH"},{"floor":15.0,"key":"REST"},{"data":"Double Tap","floor":23.0,"key":"SMITH"},{"data":"Shrug It Off","floor":30,"key":"SMITH"},{"data":"Pommel Strike","floor":32,"key":"SMITH"},{"data":"Battle Trance","floor":40,"key":"SMITH"},{"data":"Headbutt","floor":47,"key":"SMITH"},{"data":"Bash","floor":49,"key":"SMITH"}],"neow_cost":"NONE","seed_source_timestamp":0,"circlet_count":0,"master_deck":["Strike_R+1","Strike_R+1","Strike_R","Defend_R+1","Defend_R","Bash+1","Pommel Strike+1","Shrug It Off+1","Evolve","Battle Trance+1","Pommel Strike+1","Double Tap+1","Shrug It Off+1","Demon Form","Warcry+1","Burning Pact+1","Metallicize","Warcry+1","Flex+1","Parasite","Headbutt+1"],"special_seed":0,"relics":["Burning Blood","Bag of Marbles","Centennial Puzzle","Blood Vial","Whetstone","Gambling Chip","Philosopher\u0027s Stone","Red Mask","Anchor","Coffee Dripper","Lantern"],"potions_floor_usage":[31,33,33,41,48,50,50],"damage_taken":[{"damage":2.0,"enemies":"2 Louse","floor":1.0,"turns":3.0},{"damage":5.0,"enemies":"Jaw Worm","floor":2.0,"turns":4.0},{"damage":3.0,"enemies":"Small Slimes","floor":3.0,"turns":3.0},{"damage":6.0,"enemies":"Blue Slaver","floor":4.0,"turns":6.0},{"damage":14.0,"enemies":"3 Sentries","floor":8.0,"turns":10.0},{"damage":2.0,"enemies":"Lagavulin","floor":11.0,"turns":5.0},{"damage":1.0,"enemies":"2 Fungi Beasts","floor":12.0,"turns":4.0},{"damage":29.0,"enemies":"Gremlin Nob","floor":13.0,"turns":5.0},{"damage":52.0,"enemies":"Hexaghost","floor":16.0,"turns":10.0},{"damage":9.0,"enemies":"Shell Parasite","floor":18.0,"turns":3.0},{"damage":3.0,"enemies":"Spheric Guardian","floor":20.0,"turns":3.0},{"damage":5.0,"enemies":"Masked Bandits","floor":21.0,"turns":5.0},{"damage":7.0,"enemies":"Cultist and Chosen","floor":22.0,"turns":5.0},{"damage":19.0,"enemies":"Shelled Parasite and Fungi","floor":25.0,"turns":5.0},{"damage":18.0,"enemies":"Centurion and Healer","floor":28.0,"turns":5.0},{"damage":8,"enemies":"3 Cultists","floor":31,"turns":5},{"damage":55,"enemies":"Champ","floor":33,"turns":13},{"damage":3,"enemies":"3 Shapes","floor":35,"turns":4},{"damage":5,"enemies":"3 Darklings","floor":36,"turns":4},{"damage":8,"enemies":"4 Shapes","floor":38,"turns":5},{"damage":3,"enemies":"Jaw Worm Horde","floor":39,"turns":4},{"damage":22,"enemies":"Spire Growth","floor":41,"turns":5},{"damage":19,"enemies":"Sphere and 2 Shapes","floor":42,"turns":5},{"damage":10,"enemies":"Writhing Mass","floor":44,"turns":5},{"damage":17,"enemies":"3 Darklings","floor":45,"turns":3},{"damage":0,"enemies":"Spire Growth","floor":46,"turns":3},{"damage":11,"enemies":"Sphere and 2 Shapes","floor":48,"turns":4},{"damage":75,"enemies":"Time Eater","floor":50,"turns":5}],"seed_played":"-3660363489386310971","potions_obtained":[{"floor":2.0,"key":"GamblersBrew"},{"floor":3.0,"key":"AttackPotion"},{"floor":8.0,"key":"EntropicBrew"},{"floor":13.0,"key":"FearPotion"},{"floor":18.0,"key":"Poison Potion"},{"floor":21.0,"key":"Regen Potion"},{"floor":28.0,"key":"Weak Potion"},{"floor":36,"key":"Ancient Potion"},{"floor":39,"key":"PowerPotion"},{"floor":45,"key":"Dexterity Potion"},{"floor":46,"key":"Weak Potion"},{"floor":48,"key":"BloodPotion"}],"is_trial":false,"path_per_floor":["M","M","M","M","$","R","?","E","T","?","E","M","E","?","R","B",null,"M","$","M","?","M","R","?","M","T","?","M","$","R","M","R","B",null,"M","M","$","M","M","R","M","M","T","M","M","M","R","M","R","B"],"character_chosen":"IRONCLAD","items_purchased":["Shrug It Off","Metallicize"],"campfire_rested":1,"item_purchase_floors":[29,37],"current_hp_per_floor":[88,88,88,88,88,88,76,68,68,50,56,63,42,42,68,24,88,85,85,88,88,87,87,87,75,75,75,65,65,65,79,79,32,88,88,88,88,86,88,88,72,61,61,59,50,58,58,55,55,0],"gold":242,"neow_bonus":"TEN_PERCENT_HP_BONUS","is_prod":false,"is_daily":false,"chose_seed":false,"campfire_upgraded":7,"win_rate":0.0,"timestamp":1549414178,"path_taken":["M","M","M","M","$","R","?","E","T","?","E","M","E","?","R","BOSS","M","$","M","?","M","R","?","M","T","?","M","$","R","M","R","BOSS","M","?","$","M","?","R","M","M","T","M","M","M","R","M","R","BOSS"],"build_version":"2019-01-23","purchased_purges":4,"victory":false,"max_hp_per_floor":[88,88,88,88,88,88,88,88,88,88,88,88,88,88,88,88,88,88,88,88,88,88,88,88,88,88,88,88,88,88,88,88,88,88,88,88,88,88,88,88,88,88,88,88,88,88,88,88,88,88],"card_choices":[{"not_picked":["Sword Boomerang","Clothesline"],"picked":"Pommel Strike","floor":1.0},{"not_picked":["Dark Embrace","Body Slam"],"picked":"Shrug It Off","floor":2.0},{"not_picked":["Armaments","Twin Strike"],"picked":"Evolve","floor":3.0},{"not_picked":["Rage","Fire Breathing"],"picked":"Battle Trance","floor":4.0},{"not_picked":["Thunderclap","Blood for Blood","Sword Boomerang"],"picked":"SKIP","floor":8.0},{"not_picked":["Uppercut","Iron Wave","Searing Blow"],"picked":"SKIP","floor":11.0},{"not_picked":["Perfected Strike","Armaments","Iron Wave"],"picked":"SKIP","floor":12.0},{"not_picked":["Seeing Red","Entrench"],"picked":"Pommel Strike","floor":13.0},{"not_picked":["Bludgeon","Impervious"],"picked":"Double Tap","floor":16.0},{"not_picked":["Flex","Dropkick+1","Pommel Strike"],"picked":"SKIP","floor":18.0},{"not_picked":["Flame Barrier+1","Clothesline+1","Dual Wield"],"picked":"SKIP","floor":20.0},{"not_picked":["Wild Strike","Body Slam","Burning Pact"],"picked":"SKIP","floor":22.0},{"not_picked":["Perfected Strike+1","Clothesline","Dropkick"],"picked":"SKIP","floor":25.0},{"not_picked":["Feel No Pain+1","Anger","Armaments"],"picked":"SKIP","floor":28.0},{"not_picked":["Heavy Blade","Berserk"],"picked":"Havoc+1","floor":31},{"not_picked":["Immolate","Bludgeon"],"picked":"Demon Form","floor":33},{"not_picked":["Flame Barrier+1","Clash+1"],"picked":"Warcry+1","floor":35},{"not_picked":["Heavy Blade","Twin Strike"],"picked":"Burning Pact+1","floor":36},{"not_picked":["Shockwave","Perfected Strike+1"],"picked":"Warcry+1","floor":38},{"not_picked":["Combust","Bloodletting","Spot Weakness"],"picked":"SKIP","floor":39},{"not_picked":["Flame Barrier","Burning Pact+1"],"picked":"Flex+1","floor":41},{"not_picked":["Armaments+1","Iron Wave+1","Sword Boomerang"],"picked":"SKIP","floor":42},{"not_picked":["Wild Strike+1","Twin Strike+1"],"picked":"Headbutt","floor":44},{"not_picked":["Flex+1","Reckless Charge+1","Entrench"],"picked":"SKIP","floor":45},{"not_picked":["Sentinel","Shockwave+1","Armaments"],"picked":"SKIP","floor":46},{"not_picked":["Corruption+1","Sentinel","Havoc+1"],"picked":"SKIP","floor":48}],"player_experience":55605,"relics_obtained":[{"floor":8.0,"key":"Centennial Puzzle"},{"floor":9.0,"key":"Blood Vial"},{"floor":11.0,"key":"Whetstone"},{"floor":13.0,"key":"Gambling Chip"},{"floor":21.0,"key":"Red Mask"},{"floor":26.0,"key":"Anchor"},{"floor":43,"key":"Lantern"}],"event_choices":[{"damage_healed":0.0,"max_hp_gain":0.0,"max_hp_loss":0.0,"gold_gain":0.0,"event_name":"Scrap Ooze","player_choice":"Success","floor":7.0,"gold_loss":0.0,"damage_taken":12.0,"relics_obtained":["Bag of Marbles"]},{"damage_healed":0.0,"max_hp_gain":0.0,"max_hp_loss":0.0,"gold_gain":0.0,"event_name":"Shining Light","player_choice":"Entered Light","floor":10.0,"gold_loss":0.0,"damage_taken":18.0,"cards_upgraded":["Shrug It Off","Defend_R"]},{"damage_healed":0.0,"max_hp_gain":0.0,"max_hp_loss":0.0,"gold_gain":0.0,"event_name":"Liars Game","player_choice":"Ignored","floor":14.0,"gold_loss":0.0,"damage_taken":0.0},{"damage_healed":0.0,"max_hp_gain":0.0,"max_hp_loss":0.0,"gold_gain":0.0,"event_name":"Masked Bandits","player_choice":"Fought Bandits","floor":21.0,"gold_loss":0.0,"damage_taken":0.0},{"cards_removed":["Strike_R"],"damage_healed":0.0,"max_hp_gain":0.0,"max_hp_loss":0.0,"gold_gain":0.0,"event_name":"Back to Basics","player_choice":"Elegance","floor":24.0,"gold_loss":0.0,"damage_taken":0.0},{"damage_healed":0.0,"max_hp_gain":0.0,"max_hp_loss":0.0,"gold_gain":0.0,"event_name":"The Joust","player_choice":"Bet on Owner","floor":27.0,"gold_loss":50.0,"damage_taken":0.0}],"is_beta":false,"boss_relics":[{"not_picked":["Calling Bell","Black Star"],"picked":"Philosopher\u0027s Stone"},{"not_picked":["Runic Cube","Eternal Feather"],"picked":"Coffee Dripper"}],"items_purged_floors":[5,19,29,37],"is_endless":false,"potions_floor_spawned":[2,3,8,13,18,21,28,36,39,45,46,48],"killed_by":"Time Eater","ascension_level":0}