{"gold_per_floor":[116,126,28,45,58,58,76,76,76,36,36,36,36,100,100,198,198,213,41,60,75,87,87,87,87,87,87,87,187,30,30,30,131,131,142,142,142,17,37,37,37,37,37,37,37,53,53,71,71,71],"floor_reached":50,"playtime":2359,"items_purged":["Strike_B","Strike_B"],"score":601,"play_id":"89cd9dd9-ad32-4c6d-a206-609701257ec1","local_time":"20180722160649","is_ascension_mode":false,"campfire_choices":[{"data":"Zap","floor":6,"key":"SMITH"},{"data":"Seek","floor":8,"key":"SMITH"},{"data":"Static Discharge","floor":11,"key":"SMITH"},{"floor":15,"key":"REST"},{"data":"Self Repair","floor":23,"key":"SMITH"},{"data":"Thunder Strike","floor":27,"key":"SMITH"},{"data":"Dualcast","floor":32,"key":"SMITH"},{"data":"Panacea","floor":40,"key":"SMITH"},{"data":"Static Discharge","floor":42,"key":"SMITH"},{"data":"Biased Cognition","floor":44,"key":"SMITH"},{"data":"Madness","floor":47,"key":"SMITH"},{"data":"Go for the Eyes","floor":49,"key":"SMITH"}],"neow_cost":"NONE","seed_source_timestamp":244859876788771,"circlet_count":0,"master_deck":["Defend_B","Defend_B","Defend_B","Defend_B","Zap+1","Dualcast+1","Biased Cognition+1","Ball Lightning","Seek+1","Skim","Static Discharge+1","Meteor Strike","Thunder Strike+1","Double Energy+1","Static Discharge+1","FTL+1","Self Repair+1","Beam Cell+1","Bite","Bite","Bite","Bite","Bite","Electrodynamics+1","Hologram+1","Defragment+1","Self Repair+1","Panacea+1","BootSequence+1","Madness+1","Reprogram+1","Leap","Go for the Eyes+1"],"relics":["Cracked Core","Anchor","Juzu Bracelet","Coffee Dripper","Nilry\u0027s Codex","Frozen Egg 2","Oddly Smooth Stone","Empty Cage","Prayer Wheel","NlothsMask"],"potions_floor_usage":[16,22,33,33,33,39,39,50],"damage_taken":[{"damage":6,"enemies":"Jaw Worm","floor":1,"turns":4},{"damage":5,"enemies":"2 Louse","floor":2,"turns":2},{"damage":3,"enemies":"Small Slimes","floor":4,"turns":3},{"damage":10,"enemies":"2 Fungi Beasts","floor":5,"turns":3},{"damage":3,"enemies":"Red Slaver","floor":7,"turns":2},{"damage":26,"enemies":"Lagavulin Event","floor":14,"turns":4},{"damage":33,"enemies":"Hexaghost","floor":16,"turns":6},{"damage":0,"enemies":"Chosen","floor":18,"turns":3},{"damage":3,"enemies":"3 Byrds","floor":20,"turns":2},{"damage":9,"enemies":"Snake Plant","floor":21,"turns":2},{"damage":11,"enemies":"Slaver and Parasite","floor":22,"turns":3},{"damage":43,"enemies":"Automaton","floor":33,"turns":8},{"damage":30,"enemies":"3 Darklings","floor":35,"turns":3},{"damage":22,"floor":36,"turns":5},{"damage":19,"enemies":"Flame Bruiser 1 Orb","floor":39,"turns":4},{"damage":2,"enemies":"Maw","floor":46,"turns":6},{"damage":22,"enemies":"Flame Bruiser 2 Orb","floor":48,"turns":4},{"damage":70,"enemies":"Awakened One","floor":50,"turns":6}],"seed_played":"8011049383885094600","potions_obtained":[{"floor":2,"key":"Regen Potion"},{"floor":5,"key":"Block Potion"},{"floor":7,"key":"AttackPotion"},{"floor":18,"key":"FearPotion"},{"floor":21,"key":"Energy Potion"},{"floor":22,"key":"Strength Potion"},{"floor":33,"key":"FocusPotion"},{"floor":35,"key":"Poison Potion"},{"floor":36,"key":"FocusPotion"}],"is_trial":false,"path_per_floor":["M","M","$","M","M","R","M","R","T","$","R","?","$","?","R","B",null,"M","$","M","M","M","R","?","?","T","R","?","?","$","?","R","B",null,"M","?","$","$","M","R","?","R","T","R","?","M","R","M","R"],"character_chosen":"DEFECT","items_purchased":["Cold Snap","Static Discharge","Static Discharge","Oddly Smooth Stone","Self Repair+1","Panacea"],"campfire_rested":1,"item_purchase_floors":[3,10,19,30,38,38],"current_hp_per_floor":[69,64,64,61,51,51,48,48,48,48,48,48,48,22,44,26,75,75,75,72,63,59,59,43,43,43,43,35,35,35,35,35,18,57,39,39,39,39,36,36,36,36,36,36,36,57,57,57,57,0],"gold":71,"neow_bonus":"ONE_RANDOM_RARE_CARD","is_prod":false,"is_daily":false,"chose_seed":false,"campfire_upgraded":11,"win_rate":0.0,"timestamp":1532246809,"path_taken":["M","M","$","M","M","R","M","R","T","$","R","?","$","?","R","BOSS","M","$","M","M","M","R","?","?","T","R","?","?","?","?","R","BOSS","M","?","?","$","M","R","?","R","T","R","?","M","R","M","R","BOSS"],"build_version":"2018-07-19v2","purchased_purges":2,"victory":false,"max_hp_per_floor":[75,75,75,75,75,75,75,75,75,75,75,75,75,75,75,75,75,75,75,75,75,75,75,75,52,52,52,57,57,57,57,57,57,57,57,57,57,57,57,57,57,57,57,57,57,57,57,57,57,57],"card_choices":[{"not_picked":["Beam Cell","Heatsinks"],"picked":"Ball Lightning","floor":1},{"not_picked":["Fusion","Barrage","Consume"],"picked":"SKIP","floor":2},{"not_picked":["Turbo","Lockon"],"picked":"Coolheaded","floor":4},{"not_picked":["Fusion","Conserve Battery"],"picked":"Seek","floor":5},{"not_picked":["Gash","Streamline"],"picked":"Skim","floor":7},{"not_picked":["Amplify","Machine Learning"],"picked":"Thunder Strike","floor":16},{"not_picked":["Steam","Stack"],"picked":"Double Energy+1","floor":18},{"not_picked":["Streamline","Blizzard"],"picked":"FTL+1","floor":20},{"not_picked":["Leap","Compile Driver"],"picked":"Self Repair","floor":21},{"not_picked":["Cold Snap+1","Glacier+1"],"picked":"Beam Cell+1","floor":22},{"not_picked":["Multi-Cast","Rainbow"],"picked":"Electrodynamics+1","floor":33},{"not_picked":["Scrape","Cold Snap"],"picked":"Hologram+1","floor":35},{"not_picked":["Cold Snap","Rebound+1"],"picked":"Defragment+1","floor":36},{"not_picked":["Coolheaded","Chill"],"picked":"BootSequence+1","floor":39},{"not_picked":["Storm+1","Streamline","Turbo"],"picked":"SKIP","floor":39},{"not_picked":["Panacea","Dramatic Entrance"],"picked":"Madness","floor":45},{"not_picked":["Doom and Gloom+1","Storm+1"],"picked":"Reprogram+1","floor":46},{"not_picked":["Turbo","Gash+1","Stack"],"picked":"SKIP","floor":46},{"not_picked":["Sweeping Beam+1","Gash"],"picked":"Leap","floor":48},{"not_picked":["Loop+1","Beam Cell+1"],"picked":"Go for the Eyes","floor":48}],"player_experience":685671,"relics_obtained":[{"floor":9,"key":"Anchor"},{"floor":14,"key":"Juzu Bracelet"},{"floor":24,"key":"Nilry\u0027s Codex"},{"floor":26,"key":"Frozen Egg 2"},{"floor":36,"key":"Prayer Wheel"}],"event_choices":[{"event_name":"Living Wall","player_choice":"Change","floor":12,"damage_taken":0},{"event_name":"Dead Adventurer","player_choice":"Searched \u00271\u0027 times","floor":14,"damage_taken":0},{"event_name":"Cursed Tome","player_choice":"Obtained Book","floor":24,"damage_taken":0},{"event_name":"Vampires","player_choice":"Became a vampire","floor":25,"damage_taken":0},{"event_name":"Forgotten Altar","player_choice":"Shed Blood","floor":28,"damage_taken":0},{"event_name":"Golden Shrine","player_choice":"Pray","floor":29,"damage_taken":0},{"event_name":"Ghosts","player_choice":"Ignored","floor":31,"damage_taken":0},{"event_name":"MindBloom","player_choice":"Fight","floor":36,"damage_taken":0},{"event_name":"FaceTrader","player_choice":"Trade","floor":41,"damage_taken":0},{"event_name":"SensoryStone","player_choice":"Memory 1","floor":45,"damage_taken":0}],"is_beta":false,"boss_relics":[{"not_picked":["Runic Pyramid","Fusion Hammer"],"picked":"Coffee Dripper"},{"not_picked":["Philosopher\u0027s Stone","Nuclear Battery"],"picked":"Empty Cage"}],"items_purged_floors":[3,19],"is_endless":false,"potions_floor_spawned":[2,5,7,18,21,22,33,35,36],"killed_by":"Awakened One","ascension_level":0}