{"gold_per_floor":[115,129,142,156,156,156,181,181,181,200,212,232,232,244,244,343,343,359,139,54,54,66,66],"floor_reached":23,"playtime":1170,"items_purged":["Strike_B"],"score":195,"play_id":"826fa966-6818-4103-92e9-b115a0022bdf","local_time":"20181130192624","is_ascension_mode":false,"campfire_choices":[{"data":"Zap","floor":6,"key":"SMITH"},{"floor":15,"key":"REST"}],"neow_cost":"NONE","seed_source_timestamp":1341131917632600,"circlet_count":0,"master_deck":["Strike_B+1","Strike_B","Defend_B","Defend_B+1","Defend_B","Defend_B","Zap+1","Dualcast","Dramatic Entrance","Redo","Coolheaded","Barrage","White Noise","Redo","Leap","Echo Form","Creative AI","Defragment","FTL","Barrage"],"relics":["Cracked Core","Bag of Preparation","Mummified Hand","Sozu","Toxic Egg 2"],"potions_floor_usage":[7,7,16,23],"damage_taken":[{"damage":1,"enemies":"Jaw Worm","floor":1,"turns":2},{"damage":0,"enemies":"2 Louse","floor":2,"turns":1},{"damage":0,"enemies":"Cultist","floor":3,"turns":2},{"damage":8,"enemies":"Exordium Wildlife","floor":4,"turns":7},{"damage":27,"enemies":"Gremlin Nob","floor":7,"turns":4},{"damage":9,"enemies":"Large Slime","floor":10,"turns":4},{"damage":0,"enemies":"Gremlin Gang","floor":11,"turns":3},{"damage":0,"enemies":"Lots of Slimes","floor":12,"turns":1},{"damage":0,"enemies":"Exordium Thugs","floor":14,"turns":4},{"damage":35,"enemies":"Slime Boss","floor":16,"turns":12},{"damage":0,"enemies":"Spheric Guardian","floor":18,"turns":4},{"damage":0,"enemies":"Chosen","floor":22,"turns":4},{"damage":78,"enemies":"Slavers","floor":23,"turns":4}],"seed_played":"5657484916096066769","potions_obtained":[{"floor":1,"key":"Energy Potion"},{"floor":2,"key":"Energy Potion"},{"floor":11,"key":"Energy Potion"},{"floor":12,"key":"Regen Potion"},{"floor":16,"key":"GamblersBrew"}],"is_trial":false,"path_per_floor":["M","M","M","M","?","R","E","?","T","M","M","M","?","M","R","B",null,"M","$","?","?","M","E"],"character_chosen":"DEFECT","items_purchased":["Defragment","FTL"],"campfire_rested":1,"item_purchase_floors":[19,19],"current_hp_per_floor":[74,74,74,66,59,59,32,17,17,8,8,8,8,8,30,10,75,75,75,75,75,75,0],"gold":66,"neow_bonus":"RANDOM_COLORLESS","is_prod":false,"is_daily":false,"chose_seed":false,"campfire_upgraded":1,"win_rate":0,"timestamp":1543602384,"path_taken":["M","M","M","M","?","R","E","?","T","M","M","M","?","M","R","BOSS","M","$","?","?","M","E"],"build_version":"2018-11-15","purchased_purges":1,"victory":false,"max_hp_per_floor":[75,75,75,75,75,75,75,75,75,75,75,75,75,75,75,75,75,75,75,75,75,75,75],"card_choices":[{"not_picked":["Scrape","Tempest"],"picked":"Redo","floor":1},{"not_picked":["Steam","Doom and Gloom"],"picked":"Coolheaded","floor":2},{"not_picked":["Hello World","Force Field","Ball Lightning"],"picked":"SKIP","floor":3},{"not_picked":["Go for the Eyes","Compile Driver"],"picked":"Barrage","floor":4},{"not_picked":["Meteor Strike","Gash"],"picked":"White Noise","floor":7},{"not_picked":["Coolheaded","Beam Cell"],"picked":"Redo","floor":10},{"not_picked":["Force Field","Ball Lightning","Go for the Eyes"],"picked":"SKIP","floor":11},{"not_picked":["Skim","Go for the Eyes"],"picked":"Leap","floor":12},{"not_picked":["Barrage","Chill"],"picked":"Echo Form","floor":14},{"not_picked":["Meteor Strike","Seek"],"picked":"Creative AI","floor":16},{"not_picked":["Streamline","Steam+1","Compile Driver"],"picked":"SKIP","floor":18},{"not_picked":["Auto Shields+1","Scrape+1"],"picked":"Barrage","floor":22}],"player_experience":221922,"relics_obtained":[{"floor":7,"key":"Bag of Preparation"}],"event_choices":[{"cards_removed":["Strike_B"],"damage_healed":0,"gold_gain":0,"player_choice":"Card Removal","damage_taken":7,"max_hp_gain":0,"max_hp_loss":0,"event_name":"Golden Wing","floor":5,"gold_loss":0},{"damage_healed":0,"gold_gain":0,"player_choice":"Entered Light","damage_taken":15,"max_hp_gain":0,"max_hp_loss":0,"event_name":"Shining Light","floor":8,"gold_loss":0,"cards_upgraded":["Defend_B","Strike_B"]},{"damage_healed":0,"gold_gain":0,"player_choice":"Searched \u00272\u0027 times","damage_taken":0,"relics_obtained":["Mummified Hand"],"max_hp_gain":0,"max_hp_loss":0,"event_name":"Dead Adventurer","floor":13,"gold_loss":0},{"damage_healed":0,"gold_gain":0,"player_choice":"Obtained Relic","damage_taken":0,"relics_obtained":["Toxic Egg 2"],"max_hp_gain":0,"max_hp_loss":0,"event_name":"Addict","floor":20,"gold_loss":85},{"damage_healed":0,"gold_gain":0,"player_choice":"Ignored","damage_taken":0,"max_hp_gain":0,"max_hp_loss":0,"event_name":"Ghosts","floor":21,"gold_loss":0}],"is_beta":false,"boss_relics":[{"not_picked":["Cursed Key","Black Star"],"picked":"Sozu"}],"items_purged_floors":[19],"is_endless":false,"potions_floor_spawned":[1,2,11,12,16,18],"killed_by":"Slavers","ascension_level":0}