{"path_per_floor":["M","M","M","M","$","R","M","M","T","R","?","E","M","M","R","B",null,"M","M","$","M","M","R","M","$","T","?","R","M","M","M","R","B",null,"M","$","?","M","M","R","M","R","T","?","M","M","R","M","R","B"],"character_chosen":"IRONCLAD","items_purchased":["Shrug It Off","Evolve"],"gold_per_floor":[112,122,139,149,74,74,93,111,164,164,164,196,211,226,226,324,324,335,350,224,236,252,252,271,146,191,191,191,207,222,233,233,338,338,358,131,131,144,164,164,180,180,180,180,191,201,201,214,214,214],"floor_reached":51,"campfire_rested":5,"playtime":2619,"current_hp_per_floor":[77,80,80,76,76,76,80,75,75,75,75,52,49,57,57,17,80,69,77,77,70,68,68,40,40,40,25,50,40,48,54,54,42,85,63,63,63,36,13,38,17,42,42,31,36,33,58,30,55,13],"items_purged":["Strike_R","Defend_R","Strike_R","Strike_R"],"gold":214,"score":661,"play_id":"e04c469d-106a-41d1-85ec-0c32a33f877c","local_time":"20180323011316","is_prod":false,"is_daily":false,"is_ascension_mode":false,"campfire_upgraded":5,"timestamp":1521738796,"path_taken":["M","M","M","M","$","R","M","M","T","R","?","E","M","M","R","BOSS","M","?","$","M","M","R","M","$","T","?","R","M","M","M","R","BOSS","M","$","?","M","M","R","M","R","T","?","M","M","R","?","R","BOSS"],"build_version":"2018-03-15v3","purchased_purges":4,"victory":true,"master_deck":["Strike_R","Strike_R","Defend_R","Defend_R","Defend_R","Bash+1","Cleave+1","Double Tap+1","Armaments+1","Thunderclap","Pommel Strike+1","Battle Trance","Demon Form+1","Sword Boomerang+1","Shrug It Off+1","Shrug It Off","Seeing Red","Spot Weakness","Intimidate+1","Warcry+1","Iron Wave","Impervious","Evolve","Ghostly Armor","Second Wind","Madness","Madness","Spot Weakness+1","Power Through+1","Cleave"],"max_hp_per_floor":[80,80,80,80,80,80,80,80,80,80,80,80,80,80,80,80,80,80,80,80,80,80,80,80,80,80,85,85,85,85,85,85,85,85,85,85,85,85,85,85,85,85,85,85,85,85,85,85,85,85],"relics":["Burning Blood","Blood Vial","Ice Cream","Mark of Pain","Bag of Marbles","Runic Pyramid","Unceasing Top"],"card_choices":[{"not_picked":["Warcry","Pummel"],"picked":"Cleave"},{"not_picked":["Pommel Strike","Corruption"],"picked":"Double Tap"},{"not_picked":["Clothesline","Metallicize"],"picked":"Armaments"},{"not_picked":["Uppercut","Sword Boomerang"],"picked":"Thunderclap"},{"not_picked":["Headbutt","Sword Boomerang"],"picked":"Pommel Strike"},{"not_picked":["Perfected Strike","Inflame"],"picked":"Battle Trance"},{"not_picked":["Juggernaut","Impervious"],"picked":"Demon Form"},{"not_picked":["Thunderclap","Sentinel"],"picked":"Sword Boomerang"},{"not_picked":["Perfected Strike","Pommel Strike"],"picked":"Shrug It Off"},{"not_picked":["Clash","Thunderclap"],"picked":"Seeing Red"},{"not_picked":["Iron Wave","Headbutt"],"picked":"Spot Weakness"},{"not_picked":["Carnage","Havoc"],"picked":"Intimidate"},{"not_picked":["Clothesline","Power Through"],"picked":"Warcry"},{"not_picked":["Uppercut","Havoc"],"picked":"Iron Wave"},{"not_picked":["Immolate","Dark Embrace"],"picked":"Impervious"},{"not_picked":["Rupture","Clothesline"],"picked":"Ghostly Armor"},{"not_picked":["Clothesline","Wild Strike"],"picked":"Second Wind"},{"not_picked":["Anger","Evolve"],"picked":"Spot Weakness"},{"not_picked":["Carnage","Perfected Strike"],"picked":"Power Through"},{"not_picked":["Clothesline","Inflame"],"picked":"Cleave"}],"player_experience":366747,"potions_floor_usage":[19,31,33,33,48,50,50],"damage_taken":[{"damage":9,"enemies":"Jaw Worm","floor":1,"turns":4},{"damage":1,"enemies":"Cultist","floor":2,"turns":3},{"damage":3,"enemies":"Small Slimes","floor":3,"turns":2},{"damage":10,"enemies":"Looter","floor":4,"turns":3},{"damage":1,"enemies":"2 Fungi Beasts","floor":7,"turns":3},{"damage":11,"enemies":"Exordium Wildlife","floor":8,"turns":6},{"damage":31,"enemies":"Lagavulin","floor":12,"turns":7},{"damage":11,"enemies":"Red Slaver","floor":13,"turns":3},{"damage":0,"enemies":"2 Fungi Beasts","floor":14,"turns":2},{"damage":48,"enemies":"Slime Boss","floor":16,"turns":11},{"damage":17,"enemies":"Spheric Guardian","floor":18,"turns":4},{"damage":0,"enemies":"Shell Parasite","floor":19,"turns":4},{"damage":15,"enemies":"3 Cultists","floor":21,"turns":4},{"damage":10,"enemies":"Centurion and Healer","floor":22,"turns":4},{"damage":36,"enemies":"Slaver and Parasite","floor":24,"turns":5},{"damage":18,"enemies":"Snake Plant","floor":29,"turns":3},{"damage":0,"enemies":"Cultist and Chosen","floor":30,"turns":3},{"damage":11,"enemies":"Snecko","floor":31,"turns":4},{"damage":20,"enemies":"Collector","floor":33,"turns":5},{"damage":28,"enemies":"Orb Walker","floor":35,"turns":5},{"damage":35,"enemies":"3 Darklings","floor":38,"turns":6},{"damage":31,"enemies":"4 Shapes","floor":39,"turns":7},{"damage":29,"enemies":"Sphere and 2 Shapes","floor":41,"turns":5},{"damage":3,"enemies":"Maw","floor":45,"turns":6},{"damage":11,"enemies":"4 Shapes","floor":46,"turns":3},{"damage":42,"enemies":"3 Darklings","floor":48,"turns":4},{"damage":50,"enemies":"Time Eater","floor":50,"turns":11}],"event_choices":[{"event_name":"Upgrade Shrine","player_choice":"Upgraded","floor":11,"damage_taken":0},{"event_name":"Forgotten Altar","player_choice":"Shed Blood","floor":27,"damage_taken":0},{"event_name":"Mysterious Sphere","player_choice":"Ignore","floor":37,"damage_taken":0},{"event_name":"Winding Halls","player_choice":"Embrace Madness","floor":44,"damage_taken":0}],"boss_relics":[{"not_picked":["Orrery","Tiny House"],"picked":"Mark of Pain"},{"not_picked":["Philosopher\u0027s Stone","Black Blood"],"picked":"Runic Pyramid"}],"potions_floor_spawned":[2,3,8,13,14,18,21,24,30,33,38,39,41,48],"seed_played":"-8611751776078975708","ascension_level":0,"is_trial":false}