{"gold_per_floor":[119,136,146,156,106,106,138,159,236,236,271,284,284,11,11,116,116,134,134,314,328,328,328,363,363,363,166,181,195,195,211,211,307,357,369,299,351,226,301,301,321,78,147,147,147,167,167,167,167,167,167,167,42,70,70],"floor_reached":55,"playtime":2253,"items_purged":["Strike_R","Doubt","Strike_R+1"],"score":766,"play_id":"945a88dd-dba6-4158-a480-84625af9fd9c","local_time":"20190310235040","is_ascension_mode":false,"campfire_choices":[{"data":"Bash","floor":6,"key":"SMITH"},{"data":"Shrug It Off","floor":10,"key":"SMITH"},{"data":"Sword Boomerang","floor":13,"key":"SMITH"},{"data":"Flex","floor":15,"key":"SMITH"},{"data":"Limit Break","floor":23,"key":"SMITH"},{"data":"Feed","floor":25,"key":"SMITH"},{"data":"Inflame","floor":30,"key":"SMITH"},{"data":"Spot Weakness","floor":32,"key":"SMITH"},{"floor":40,"key":"RECALL"},{"floor":45,"key":"DIG"},{"data":"Pain","floor":47,"key":"PURGE"},{"data":"Regret","floor":49,"key":"PURGE"},{"floor":52,"key":"DIG"}],"neow_cost":"NONE","seed_source_timestamp":1327326900358963,"circlet_count":0,"master_deck":["Strike_R+1","Strike_R+1","Defend_R+1","Defend_R+1","Defend_R+1","Defend_R+1","Bash+1","Headbutt+1","Flex+1","Shrug It Off+1","Spot Weakness+1","Sword Boomerang+1","Feed+1","Twin Strike","Limit Break+1","Inflame+1","Twin Strike+1","Whirlwind+1","Pommel Strike+1","Flame Barrier+1","Shrug It Off+1","Reaper+1","Headbutt+1","Pummel+1","Body Slam+1"],"relics":["Burning Blood","Bag of Preparation","Champion Belt","Odd Mushroom","Mummified Hand","Blood Vial","Lee\u0027s Waffle","Cursed Key","MutagenicStrength","Molten Egg 2","WingedGreaves","Tiny House","Shovel","Pantograph","Boot","Peace Pipe","Pear","Happy Flower"],"potions_floor_usage":[8,16,24,24,37,50,55,55,55],"damage_taken":[{"damage":5,"enemies":"Jaw Worm","floor":1,"turns":4},{"damage":0,"enemies":"2 Louse","floor":2,"turns":4},{"damage":1,"enemies":"Cultist","floor":3,"turns":3},{"damage":15,"enemies":"Looter","floor":4,"turns":3},{"damage":18,"enemies":"Gremlin Nob","floor":7,"turns":4},{"damage":10,"enemies":"The Mushroom Lair","floor":8,"turns":4},{"damage":20,"enemies":"3 Sentries","floor":11,"turns":6},{"damage":5,"enemies":"Large Slime","floor":12,"turns":4},{"damage":0,"enemies":"Slime Boss","floor":16,"turns":7},{"damage":20,"enemies":"2 Thieves","floor":18,"turns":2},{"damage":2,"enemies":"Chosen","floor":21,"turns":2},{"damage":14,"enemies":"Gremlin Leader","floor":24,"turns":5},{"damage":2,"enemies":"Sentry and Sphere","floor":28,"turns":3},{"damage":5,"enemies":"Snake Plant","floor":29,"turns":4},{"damage":15,"enemies":"Snecko","floor":31,"turns":3},{"damage":23,"enemies":"Automaton","floor":33,"turns":6},{"damage":0,"enemies":"Orb Walker","floor":35,"turns":2},{"damage":21,"enemies":"2 Orb Walkers","floor":37,"turns":3},{"damage":7,"enemies":"3 Darklings","floor":41,"turns":3},{"damage":0,"enemies":"Sphere and 2 Shapes","floor":46,"turns":2},{"damage":43,"enemies":"Time Eater","floor":50,"turns":5},{"damage":97,"enemies":"Shield and Spear","floor":54,"turns":6},{"damage":107,"enemies":"The Heart","floor":55,"turns":6}],"seed_played":"-581589197921395104","potions_obtained":[{"floor":1,"key":"SkillPotion"},{"floor":7,"key":"Strength Potion"},{"floor":11,"key":"Regen Potion"},{"floor":18,"key":"FearPotion"},{"floor":21,"key":"Poison Potion"},{"floor":33,"key":"Regen Potion"},{"floor":34,"key":"Ancient Potion"},{"floor":41,"key":"Poison Potion"}],"is_trial":false,"path_per_floor":["M","M","M","M","?","R","E","?","T","R","E","M","R","$","R","B",null,"M","?","?","M","?","R","E","R","T","$","M","M","R","M","R","B",null,"M","$","?","$","?","R","M","$","T","T","R","M","R","?","R","B",null,"R","$","E","B"],"character_chosen":"IRONCLAD","items_purchased":["Lee\u0027s Waffle","Strength Potion","Pommel Strike+1","Pummel+1","Pantograph","Ancient Potion","SpeedPotion"],"campfire_rested":0,"item_purchase_floors":[14,27,27,36,42,53,53],"current_hp_per_floor":[80,80,80,71,71,71,59,55,55,55,41,44,44,87,87,90,90,76,76,49,55,55,55,61,61,61,61,71,74,74,67,67,56,103,107,107,111,111,100,100,101,101,101,101,101,113,113,113,113,78,115,125,125,69,0],"gold":70,"neow_bonus":"RANDOM_COMMON_RELIC","is_prod":false,"is_daily":false,"chose_seed":false,"campfire_upgraded":8,"win_rate":0,"timestamp":1552233040,"path_taken":["M","M","M","M","?","R","E","?","T","R","E","M","R","$","R","BOSS","M","?","?","?","?","R","E","R","T","$","M","M","R","M","R","BOSS","M","$","?","$","?","R","?","?","T","?","R","M","R","?","R","BOSS","R","$","E","BOSS"],"build_version":"2019-01-23","purchased_purges":3,"victory":false,"max_hp_per_floor":[80,80,80,80,80,80,80,80,80,80,80,80,80,87,87,90,90,90,90,90,90,90,90,90,90,90,90,94,94,94,94,94,98,103,107,107,111,111,111,111,111,111,111,111,111,115,115,115,115,115,115,125,125,125,125],"card_choices":[{"not_picked":["Dual Wield","Corruption"],"picked":"Headbutt","floor":1},{"not_picked":["Clothesline","True Grit"],"picked":"Flex","floor":2},{"not_picked":["Sever Soul","Wild Strike","Fire Breathing"],"picked":"SKIP","floor":3},{"not_picked":["Anger","Sword Boomerang"],"picked":"Shrug It Off","floor":4},{"not_picked":["Heavy Blade","Corruption"],"picked":"Spot Weakness","floor":7},{"not_picked":["Clash","True Grit"],"picked":"Sword Boomerang","floor":8},{"not_picked":["Fiend Fire","Clash"],"picked":"Feed","floor":11},{"not_picked":["Body Slam","True Grit"],"picked":"Twin Strike","floor":12},{"not_picked":["Reaper","Offering"],"picked":"Limit Break","floor":16},{"not_picked":["Havoc","Rupture"],"picked":"Inflame","floor":18},{"not_picked":["Dual Wield","Flex"],"picked":"Twin Strike+1","floor":21},{"not_picked":["Feel No Pain","Hemokinesis"],"picked":"Whirlwind","floor":24},{"not_picked":["Whirlwind+1","Clothesline+1"],"picked":"Flame Barrier+1","floor":28},{"not_picked":["Ghostly Armor+1","Perfected Strike+1","Fire Breathing"],"picked":"SKIP","floor":29},{"not_picked":["Rage+1","Clash+1"],"picked":"Shrug It Off+1","floor":31},{"not_picked":["Bludgeon+1","Barricade"],"picked":"Reaper+1","floor":33},{"not_picked":["Twin Strike+1","Power Through"],"picked":"Headbutt+1","floor":34},{"not_picked":["Rupture","Entrench","Shrug It Off"],"picked":"SKIP","floor":35},{"not_picked":["Rampage+1","Warcry"],"picked":"Body Slam+1","floor":37},{"not_picked":["Clash+1","Ghostly Armor","True Grit"],"picked":"SKIP","floor":41},{"not_picked":["Wild Strike+1","Iron Wave+1","Pommel Strike+1"],"picked":"SKIP","floor":46},{"not_picked":["Immolate+1","Whirlwind+1","Rampage+1"],"picked":"SKIP","floor":54}],"player_experience":803291,"relics_obtained":[{"floor":7,"key":"Champion Belt"},{"floor":8,"key":"Odd Mushroom"},{"floor":9,"key":"Mummified Hand"},{"floor":11,"key":"Blood Vial"},{"floor":24,"key":"Molten Egg 2"},{"floor":26,"key":"WingedGreaves"},{"floor":37,"key":"Shovel"},{"floor":44,"key":"Boot"},{"floor":45,"key":"Peace Pipe"},{"floor":52,"key":"Pear"},{"floor":54,"key":"Happy Flower"}],"event_choices":[{"cards_removed":["Strike_R"],"damage_healed":0,"gold_gain":0,"player_choice":"Card Removal","damage_taken":0,"max_hp_gain":0,"max_hp_loss":0,"event_name":"The Cleric","floor":5,"gold_loss":50},{"damage_healed":0,"gold_gain":0,"player_choice":"Fought Mushrooms","damage_taken":0,"max_hp_gain":0,"max_hp_loss":0,"event_name":"Mushrooms","floor":8,"gold_loss":0},{"damage_healed":0,"gold_gain":0,"player_choice":"Simplicity","damage_taken":0,"max_hp_gain":0,"max_hp_loss":0,"event_name":"Back to Basics","floor":19,"gold_loss":0,"cards_upgraded":["Strike_R","Strike_R","Strike_R","Defend_R","Defend_R","Defend_R","Defend_R"]},{"damage_healed":0,"gold_gain":180,"player_choice":"GOLD GOLD ","damage_taken":27,"max_hp_gain":0,"max_hp_loss":0,"event_name":"Knowing Skull","floor":20,"potions_obtained":[],"gold_loss":0,"cards_obtained":[]},{"damage_healed":0,"gold_gain":0,"player_choice":"Inject Mutagens","damage_taken":0,"relics_obtained":["MutagenicStrength"],"max_hp_gain":0,"max_hp_loss":0,"event_name":"Drug Dealer","floor":22,"gold_loss":0},{"damage_healed":0,"gold_gain":0,"player_choice":"Fight","damage_taken":0,"max_hp_gain":0,"max_hp_loss":0,"event_name":"Mysterious Sphere","floor":37,"gold_loss":0},{"damage_healed":0,"gold_gain":75,"player_choice":"Touch","damage_taken":11,"max_hp_gain":0,"max_hp_loss":0,"event_name":"FaceTrader","floor":39,"gold_loss":0},{"damage_healed":0,"gold_gain":0,"player_choice":"0 cards matched","damage_taken":0,"max_hp_gain":0,"max_hp_loss":0,"event_name":"Match and Keep!","floor":48,"gold_loss":0,"cards_obtained":[]}],"is_beta":false,"boss_relics":[{"not_picked":["Ectoplasm","Runic Dome"],"picked":"Cursed Key"},{"not_picked":["Mark of Pain","Runic Cube"],"picked":"Tiny House"}],"items_purged_floors":[14,27,38],"is_endless":false,"potions_floor_spawned":[1,7,11,18,21,33,41],"killed_by":"The Heart","ascension_level":0}