{"gold_per_floor":[118,138,151,151,163,198,198,226,226,244,244,244,272,284,284,284],"floor_reached":16,"playtime":667,"items_purged":[],"score":174,"play_id":"ce4bc7ca-856b-42e0-ae37-911eb4d651fd","local_time":"20190127104826","is_ascension_mode":true,"campfire_choices":[{"data":"Cloak And Dagger","floor":7,"key":"SMITH"},{"data":"Neutralize","floor":11,"key":"SMITH"},{"floor":15,"key":"REST"}],"neow_cost":"NONE","seed_source_timestamp":241207238437200,"circlet_count":0,"master_deck":["AscendersBane","Defend_G","Defend_G","Defend_G","Defend_G","Defend_G","Strike_G","Strike_G","Strike_G","Strike_G","Strike_G","Survivor","Neutralize+1","Backstab","Escape Plan","All Out Attack","Finisher","Regret","Flying Knee","Cloak And Dagger+1","Choke","Deadly Poison","Dodge and Roll","Flying Knee"],"special_seed":0,"relics":["Ring of the Snake","Potion Belt","Ancient Tea Set","Dodecahedron","Smiling Mask","Anchor","Odd Mushroom"],"potions_floor_usage":[6,14,16],"damage_taken":[{"damage":0.0,"enemies":"Small Slimes","floor":1.0,"turns":3.0},{"damage":1.0,"enemies":"Jaw Worm","floor":2.0,"turns":4.0},{"damage":0.0,"enemies":"2 Louse","floor":3.0,"turns":1.0},{"damage":0.0,"enemies":"Exordium Wildlife","floor":5.0,"turns":2.0},{"damage":15,"enemies":"Gremlin Nob","floor":6,"turns":3},{"damage":17,"enemies":"3 Sentries","floor":8,"turns":8},{"damage":0,"enemies":"Blue Slaver","floor":10,"turns":1},{"damage":6,"enemies":"The Mushroom Lair","floor":13,"turns":3},{"damage":0,"enemies":"Exordium Thugs","floor":14,"turns":3},{"damage":35,"enemies":"Slime Boss","floor":16,"turns":9}],"seed_played":"9125128647757598451","potions_obtained":[{"floor":1.0,"key":"Energy Potion"},{"floor":2.0,"key":"FearPotion"},{"floor":8,"key":"Block Potion"},{"floor":13,"key":"SkillPotion"},{"floor":14,"key":"Explosive Potion"}],"is_trial":false,"path_per_floor":["M","M","M","?","M","E","R","E","T","M","R","?","?","M","R","B"],"character_chosen":"THE_SILENT","items_purchased":[],"campfire_rested":1,"item_purchase_floors":[],"current_hp_per_floor":[63,62,62,62,62,47,47,30,30,30,30,18,12,12,33,0],"gold":284,"neow_bonus":"THREE_CARDS","is_prod":false,"is_daily":false,"chose_seed":false,"campfire_upgraded":2,"win_rate":0,"timestamp":1548582506,"path_taken":["M","M","M","?","M","E","R","E","T","M","R","?","?","M","R","BOSS"],"build_version":"2019-01-23","purchased_purges":0,"victory":false,"max_hp_per_floor":[70,70,70,70,70,70,70,70,70,70,70,70,70,70,70,70],"card_choices":[{"not_picked":["Flying Knee","Slice"],"picked":"Backstab","floor":0.0},{"not_picked":["Eviscerate","Prepared"],"picked":"Escape Plan","floor":1.0},{"not_picked":["Dodge and Roll","Deadly Poison"],"picked":"All Out Attack","floor":2.0},{"not_picked":["Prepared","Expertise"],"picked":"Finisher","floor":3.0},{"not_picked":["Deadly Poison","Poisoned Stab"],"picked":"Flying Knee","floor":5.0},{"not_picked":["Phantasmal Killer","Poisoned Stab"],"picked":"Cloak And Dagger","floor":6},{"not_picked":["Endless Agony","Bane"],"picked":"Choke","floor":8},{"not_picked":["Predator","Setup"],"picked":"Deadly Poison","floor":10},{"not_picked":["Expertise","PiercingWail"],"picked":"Dodge and Roll","floor":13},{"not_picked":["Blade Dance","Distraction"],"picked":"Flying Knee","floor":14}],"player_experience":396948,"relics_obtained":[{"floor":6,"key":"Ancient Tea Set"},{"floor":8,"key":"Dodecahedron"},{"floor":9,"key":"Smiling Mask"},{"floor":13,"key":"Odd Mushroom"}],"event_choices":[{"damage_healed":0.0,"max_hp_gain":0.0,"max_hp_loss":0.0,"gold_gain":0.0,"event_name":"Big Fish","player_choice":"Box","floor":4.0,"gold_loss":0.0,"damage_taken":0.0,"relics_obtained":["Potion Belt"],"cards_obtained":["Regret"]},{"damage_healed":0,"gold_gain":0,"player_choice":"Success","damage_taken":12,"relics_obtained":["Anchor"],"max_hp_gain":0,"max_hp_loss":0,"event_name":"Scrap Ooze","floor":12,"gold_loss":0},{"damage_healed":0,"gold_gain":0,"player_choice":"Fought Mushrooms","damage_taken":0,"max_hp_gain":0,"max_hp_loss":0,"event_name":"Mushrooms","floor":13,"gold_loss":0}],"is_beta":false,"boss_relics":[],"items_purged_floors":[],"is_endless":false,"potions_floor_spawned":[1,2,8,13,14],"killed_by":"Slime Boss","ascension_level":11}