{"gold_per_floor":[118,129,129,149,167,167,194,204,204,77,112,131,131,131,131,229,229,249,249,266,10,23,53,70,86,86,12,12,24,24],"floor_reached":30,"playtime":2867,"items_purged":["Strike_G","Strike_G"],"score":277,"play_id":"b2554e45-86fa-4f4c-93bc-fcd3fa69c0b6","local_time":"20190228211602","is_ascension_mode":true,"campfire_choices":[{"data":"Unload","floor":6,"key":"SMITH"},{"floor":13,"key":"REST"},{"floor":15,"key":"REST"}],"neow_cost":"TEN_PERCENT_HP_LOSS","seed_source_timestamp":8866872056800,"circlet_count":0,"master_deck":["Defend_G","Defend_G","Defend_G+1","Defend_G","Strike_G+1","Survivor","Neutralize","Reflex","Underhanded Strike","Poisoned Stab+1","Unload+1","Poisoned Stab","Acrobatics","Crippling Poison","Catalyst","Poisoned Stab+1","Crippling Poison","Dodge and Roll","Die Die Die","Deadly Poison+1","Concentrate+1","Doppelganger","A Thousand Cuts","Distraction","Quick Slash+1","Noxious Fumes"],"relics":["Ring of the Snake","Question Card","Whetstone","Fusion Hammer","Nloth\u0027s Gift","Happy Flower","Shovel","Paper Crane","Potion Belt"],"potions_floor_usage":[5,7,11,11,16,16,22,23,29],"damage_taken":[{"damage":0,"enemies":"Jaw Worm","floor":1,"turns":5},{"damage":0,"enemies":"Small Slimes","floor":2,"turns":3},{"damage":5,"enemies":"2 Louse","floor":4,"turns":3},{"damage":13,"enemies":"Lots of Slimes","floor":5,"turns":4},{"damage":14,"enemies":"Gremlin Nob","floor":7,"turns":4},{"damage":16,"enemies":"3 Louse","floor":8,"turns":4},{"damage":13,"enemies":"3 Sentries","floor":11,"turns":6},{"damage":0,"enemies":"Large Slime","floor":12,"turns":4},{"damage":11,"enemies":"The Guardian","floor":16,"turns":11},{"damage":8,"enemies":"3 Byrds","floor":18,"turns":4},{"damage":2,"enemies":"Shell Parasite","floor":20,"turns":4},{"damage":3,"enemies":"Snake Plant","floor":22,"turns":4},{"damage":5,"enemies":"Book of Stabbing","floor":23,"turns":6},{"damage":19,"enemies":"Centurion and Healer","floor":24,"turns":4},{"damage":6,"enemies":"Snecko","floor":25,"turns":5},{"damage":18,"enemies":"Shelled Parasite and Fungi","floor":29,"turns":4},{"damage":7,"enemies":"Gremlin Leader","floor":30,"turns":4}],"seed_played":"-9031823520457105576","potions_obtained":[{"floor":2,"key":"SteroidPotion"},{"floor":4,"key":"SpeedPotion"},{"floor":5,"key":"AttackPotion"},{"floor":8,"key":"Ancient Potion"},{"floor":12,"key":"Swift Potion"},{"floor":18,"key":"Swift Potion"},{"floor":20,"key":"AttackPotion"},{"floor":25,"key":"AttackPotion"}],"is_trial":false,"path_per_floor":["M","M","?","M","M","R","E","M","T","$","E","M","R","?","R","B",null,"M","?","M","$","M","E","M","M","T","$","T","M","E"],"character_chosen":"THE_SILENT","items_purchased":["Block Potion","Happy Flower","Noxious Fumes"],"campfire_rested":2,"item_purchase_floors":[10,21,27],"current_hp_per_floor":[63,63,63,58,45,45,31,15,15,15,2,2,20,7,25,14,63,55,55,53,53,50,45,26,20,20,20,20,2,0],"gold":24,"neow_bonus":"TRANSFORM_TWO_CARDS","is_prod":false,"is_daily":false,"chose_seed":false,"campfire_upgraded":1,"win_rate":0,"timestamp":1551384962,"path_taken":["M","M","?","M","M","R","E","M","T","$","E","M","R","?","R","BOSS","M","?","M","$","?","E","M","M","T","$","?","M","E"],"build_version":"2019-01-23","purchased_purges":2,"victory":false,"max_hp_per_floor":[63,63,63,63,63,63,63,63,63,63,63,63,63,63,63,63,63,63,63,63,63,63,63,63,63,63,63,63,63,63],"card_choices":[{"not_picked":["Prepared","Underhanded Strike"],"picked":"Poisoned Stab","floor":1},{"not_picked":["Predator","PiercingWail"],"picked":"Unload","floor":2},{"not_picked":["Outmaneuver","Riddle With Holes"],"picked":"Acrobatics","floor":4},{"not_picked":["Choke","Underhanded Strike"],"picked":"Crippling Poison","floor":5},{"not_picked":["Deflect","Infinite Blades"],"picked":"Catalyst","floor":7},{"not_picked":["Slice","Outmaneuver","Deflect"],"picked":"Poisoned Stab","floor":8},{"not_picked":["Dodge and Roll","Slice","Flechettes"],"picked":"Crippling Poison","floor":11},{"not_picked":["Flying Knee","Dagger Throw","Cloak And Dagger"],"picked":"Dodge and Roll","floor":12},{"not_picked":["Venomology","Doppelganger","Malaise"],"picked":"Die Die Die","floor":16},{"not_picked":["Quick Slash","Backflip","Endless Agony"],"picked":"Deadly Poison+1","floor":18},{"not_picked":["Bane","Deadly Poison","Poisoned Stab"],"picked":"Concentrate+1","floor":20},{"not_picked":["Blade Dance","Outmaneuver","Dodge and Roll"],"picked":"Doppelganger","floor":22},{"not_picked":["Prepared","Envenom","Grand Finale"],"picked":"A Thousand Cuts","floor":23},{"not_picked":["Sucker Punch+1","Deflect","Cloak And Dagger"],"picked":"Distraction","floor":24},{"not_picked":["Cloak And Dagger","Dodge and Roll","Dagger Throw"],"picked":"Quick Slash+1","floor":25},{"not_picked":["Distraction","Expertise","Backflip","Prepared"],"picked":"SKIP","floor":29}],"player_experience":289868,"relics_obtained":[{"floor":7,"key":"Question Card"},{"floor":9,"key":"Blue Candle"},{"floor":11,"key":"Whetstone"},{"floor":23,"key":"Shovel"},{"floor":26,"key":"Paper Crane"},{"floor":28,"key":"Potion Belt"}],"event_choices":[{"damage_healed":0,"gold_gain":0,"cards_transformed":["Strike_G"],"player_choice":"Change","damage_taken":0,"max_hp_gain":0,"max_hp_loss":0,"event_name":"Living Wall","floor":3,"gold_loss":0,"cards_obtained":["Poisoned Stab"]},{"damage_healed":0,"gold_gain":0,"player_choice":"Entered Light","damage_taken":13,"max_hp_gain":0,"max_hp_loss":0,"event_name":"Shining Light","floor":14,"gold_loss":0,"cards_upgraded":["Strike_G","Defend_G"]},{"damage_healed":0,"gold_gain":0,"player_choice":"Traded Relic","damage_taken":0,"relics_obtained":["Nloth\u0027s Gift"],"max_hp_gain":0,"max_hp_loss":0,"event_name":"N\u0027loth","floor":19,"relics_lost":["Blue Candle"],"gold_loss":0}],"is_beta":false,"boss_relics":[{"not_picked":["Velvet Choker","Philosopher\u0027s Stone"],"picked":"Fusion Hammer"}],"items_purged_floors":[10,21],"is_endless":false,"potions_floor_spawned":[2,4,5,8,12,18,20,25],"killed_by":"Gremlin Leader","ascension_level":1}