{"gold_per_floor":[413,413,432,186,201,201,232,232,256,256,324,374,374,424,424,549,549,570,745,58,77,127,127,151,151,151,164,183,183,203,78,78,209,209,227,246,296,71,179,179,192,213,265,280,33,147,162,177,177,177],"floor_reached":51,"playtime":4505,"items_purged":["Strike_R","Strike_R","Strike_R","Strike_R","Defend_R"],"score":676,"play_id":"be6e49b6-7093-4dcd-9607-dd58c33b8590","local_time":"20190219225111","is_ascension_mode":false,"campfire_choices":[{"data":"Havoc","floor":6.0,"key":"SMITH"},{"floor":13.0,"key":"REST"},{"floor":15.0,"key":"REST"},{"floor":23.0,"key":"REST"},{"floor":25.0,"key":"REST"},{"data":"Apotheosis","floor":29.0,"key":"SMITH"},{"data":"Fiend Fire","floor":32.0,"key":"SMITH"},{"floor":40.0,"key":"REST"},{"floor":49,"key":"REST"}],"neow_cost":"PERCENT_DAMAGE","seed_source_timestamp":160977531229100,"circlet_count":0,"master_deck":["Strike_R","Defend_R+1","Defend_R","Defend_R","Bash","Cleave","Battle Trance","Iron Wave+1","Havoc+1","Feel No Pain","Body Slam+1","Headbutt","Pommel Strike","Exhume","Rampage","Apotheosis+1","Shrug It Off","Reaper","Iron Wave","Corruption+1","Fiend Fire+1","Havoc+1","Exhume","Entrench+1","Disarm","Madness","Madness","Anger","Second Wind+1","Dual Wield","Bloodletting+1","Shockwave","Blind","True Grit+1","Infernal Blade+1"],"special_seed":0,"relics":["Burning Blood","Old Coin","Golden Idol","Bag of Preparation","Oddly Smooth Stone","SsserpentHead","WingedGreaves","Runic Pyramid","Thread and Needle","Shuriken","Letter Opener","Nilry\u0027s Codex","Bottled Lightning","Fusion Hammer","Champion Belt","Bag of Marbles"],"potions_floor_usage":[],"damage_taken":[{"damage":12.0,"enemies":"Cultist","floor":1.0,"turns":5.0},{"damage":1.0,"enemies":"2 Louse","floor":3.0,"turns":2.0},{"damage":0.0,"enemies":"Small Slimes","floor":5.0,"turns":3.0},{"damage":19.0,"enemies":"3 Sentries","floor":7.0,"turns":6.0},{"damage":0.0,"enemies":"Gremlin Gang","floor":11.0,"turns":3.0},{"damage":43.0,"enemies":"Hexaghost","floor":16.0,"turns":11.0},{"damage":2.0,"enemies":"3 Byrds","floor":18.0,"turns":5.0},{"damage":19.0,"enemies":"Colosseum Slavers","floor":19.0,"turns":6.0},{"damage":39.0,"enemies":"Colosseum Nobs","floor":19.0,"turns":5.0},{"damage":10.0,"enemies":"Shell Parasite","floor":21.0,"turns":7.0},{"damage":3.0,"enemies":"Shelled Parasite and Fungi","floor":24.0,"turns":5.0},{"damage":20.0,"enemies":"Snecko","floor":27.0,"turns":7.0},{"damage":7.0,"enemies":"3 Cultists","floor":28.0,"turns":7.0},{"damage":0.0,"enemies":"Sentry and Sphere","floor":30.0,"turns":3.0},{"damage":2.0,"enemies":"Champ","floor":33.0,"turns":10.0},{"damage":3.0,"enemies":"Orb Walker","floor":35.0,"turns":2.0},{"damage":0.0,"enemies":"3 Shapes","floor":36.0,"turns":3.0},{"damage":34.0,"enemies":"2 Orb Walkers","floor":39.0,"turns":5.0},{"damage":17.0,"enemies":"Writhing Mass","floor":41.0,"turns":6.0},{"damage":0.0,"enemies":"Maw","floor":42.0,"turns":7.0},{"damage":0.0,"enemies":"Spire Growth","floor":44.0,"turns":3.0},{"damage":3.0,"enemies":"Jaw Worm Horde","floor":46.0,"turns":5.0},{"damage":3,"enemies":"3 Darklings","floor":47,"turns":3},{"damage":7,"enemies":"4 Shapes","floor":48,"turns":5},{"damage":62,"enemies":"Time Eater","floor":50,"turns":9}],"seed_played":"-591638069910888716","potions_obtained":[{"floor":3.0,"key":"Fire Potion"},{"floor":5.0,"key":"Explosive Potion"},{"floor":7.0,"key":"Swift Potion"},{"floor":16.0,"key":"Block Potion"},{"floor":21.0,"key":"Explosive Potion"},{"floor":24.0,"key":"BloodPotion"},{"floor":30.0,"key":"Block Potion"},{"floor":36.0,"key":"EssenceOfSteel"},{"floor":42.0,"key":"FearPotion"},{"floor":44.0,"key":"Regen Potion"}],"is_trial":false,"path_per_floor":["M","?","M","$","M","R","E","?","T","?","M","?","R","?","R","B",null,"M","?","$","M","?","R","M","R","T","M","M","R","M","$","R","B",null,"M","M","?","$","?","R","M","M","T","M","$","M","M","M","R","B",null],"character_chosen":"IRONCLAD","items_purchased":["Iron Wave","Havoc","Feel No Pain","Apotheosis","Shrug It Off","Reaper","Letter Opener","Regen Potion","Shockwave","Blind"],"campfire_rested":6,"item_purchase_floors":[4,4,4,20,20,20,20,38,45,45],"current_hp_per_floor":[50,50,55,55,61,61,48,33,33,33,39,27,49,49,71,34,74,74,28,28,24,8,30,33,55,55,55,72,72,74,74,74,74,74,74,74,65,65,62,74,74,74,74,74,74,74,74,74,74,28],"gold":177,"neow_bonus":"ONE_RARE_RELIC","is_prod":false,"is_daily":false,"chose_seed":false,"campfire_upgraded":3,"win_rate":0,"timestamp":1550613071,"path_taken":["M","?","M","$","M","R","E","?","T","?","?","?","R","?","R","BOSS","M","?","$","M","?","R","M","R","T","M","M","R","M","$","R","BOSS","M","M","?","$","?","R","M","M","T","M","?","?","M","M","R","BOSS"],"build_version":"2019-01-23","purchased_purges":5,"victory":true,"max_hp_per_floor":[80,74,74,74,74,74,74,74,74,74,74,74,74,74,74,74,74,74,74,74,74,74,74,74,74,74,74,74,74,74,74,74,74,74,74,74,74,74,74,74,74,74,74,74,74,74,74,74,74,74],"card_choices":[{"not_picked":["Perfected Strike","Sword Boomerang"],"picked":"Cleave","floor":1.0},{"not_picked":["Wild Strike","Flex"],"picked":"Battle Trance","floor":3.0},{"not_picked":["Warcry","Sword Boomerang"],"picked":"Body Slam","floor":5.0},{"not_picked":["Clash","Anger"],"picked":"Headbutt","floor":7.0},{"not_picked":["Heavy Blade","Wild Strike"],"picked":"Pommel Strike","floor":11.0},{"not_picked":["Demon Form","Feed"],"picked":"Exhume","floor":16.0},{"not_picked":["Havoc","Cleave","Iron Wave"],"picked":"SKIP","floor":18.0},{"not_picked":["Shrug It Off","Combust"],"picked":"Rampage","floor":19.0},{"not_picked":["Havoc","Uppercut"],"picked":"Iron Wave","floor":21.0},{"not_picked":["Clothesline","Headbutt"],"picked":"Corruption+1","floor":24.0},{"not_picked":["Thunderclap","Battle Trance+1"],"picked":"Fiend Fire","floor":27.0},{"not_picked":["Havoc","Shrug It Off","Warcry"],"picked":"SKIP","floor":28.0},{"not_picked":["Shockwave","Carnage"],"picked":"Havoc+1","floor":30.0},{"not_picked":["Reaper","Berserk"],"picked":"Exhume","floor":33.0},{"not_picked":["Pommel Strike","Battle Trance"],"picked":"Entrench+1","floor":35.0},{"not_picked":["Heavy Blade","Wild Strike+1"],"picked":"Disarm","floor":36.0},{"not_picked":["Sword Boomerang","Corruption+1"],"picked":"Anger","floor":39.0},{"not_picked":["Whirlwind","Pummel+1"],"picked":"Second Wind+1","floor":41.0},{"not_picked":["Heavy Blade+1","Wild Strike+1"],"picked":"Dual Wield","floor":42.0},{"not_picked":["Pummel","Armaments+1"],"picked":"Bloodletting+1","floor":44.0},{"not_picked":["Feed","Cleave"],"picked":"True Grit+1","floor":46},{"not_picked":["Headbutt+1","Pommel Strike"],"picked":"Infernal Blade+1","floor":47},{"not_picked":["True Grit","Rage+1","Reckless Charge+1"],"picked":"SKIP","floor":48}],"player_experience":184474,"relics_obtained":[{"floor":7.0,"key":"Bag of Preparation"},{"floor":9.0,"key":"Oddly Smooth Stone"},{"floor":19.0,"key":"Thread and Needle"},{"floor":19.0,"key":"Shuriken"},{"floor":22.0,"key":"Nilry\u0027s Codex"},{"floor":26.0,"key":"Bottled Lightning"},{"floor":39.0,"key":"Champion Belt"},{"floor":43.0,"key":"Bag of Marbles"}],"event_choices":[{"damage_healed":0.0,"max_hp_gain":0.0,"max_hp_loss":6.0,"gold_gain":0.0,"event_name":"Golden Idol","player_choice":"Lose Max HP","floor":2.0,"gold_loss":0.0,"damage_taken":0.0,"relics_obtained":["Golden Idol"]},{"damage_healed":0.0,"max_hp_gain":0.0,"max_hp_loss":0.0,"gold_gain":0.0,"event_name":"Shining Light","player_choice":"Entered Light","floor":8.0,"gold_loss":0.0,"damage_taken":15.0,"cards_upgraded":["Defend_R","Body Slam"]},{"damage_healed":0.0,"max_hp_gain":0.0,"max_hp_loss":0.0,"gold_gain":0.0,"event_name":"FaceTrader","player_choice":"Trade","floor":10.0,"gold_loss":0.0,"damage_taken":0.0,"relics_obtained":["SsserpentHead"]},{"damage_healed":0.0,"max_hp_gain":0.0,"max_hp_loss":0.0,"gold_gain":0.0,"event_name":"Scrap Ooze","player_choice":"Success","floor":12.0,"gold_loss":0.0,"damage_taken":12.0,"relics_obtained":["WingedGreaves"]},{"damage_healed":0.0,"max_hp_gain":0.0,"max_hp_loss":0.0,"gold_gain":0.0,"event_name":"Upgrade Shrine","player_choice":"Upgraded","floor":14.0,"gold_loss":0.0,"damage_taken":0.0,"cards_upgraded":["Iron Wave"]},{"damage_healed":0.0,"max_hp_gain":0.0,"max_hp_loss":0.0,"gold_gain":0.0,"event_name":"Colosseum","player_choice":"Fight","floor":19.0,"gold_loss":0.0,"damage_taken":0.0},{"damage_healed":0.0,"max_hp_gain":0.0,"max_hp_loss":0.0,"gold_gain":0.0,"event_name":"Colosseum","player_choice":"Fought Nobs","floor":19.0,"gold_loss":0.0,"damage_taken":0.0},{"damage_healed":0.0,"max_hp_gain":0.0,"max_hp_loss":0.0,"gold_gain":0.0,"event_name":"Cursed Tome","player_choice":"Obtained Book","floor":22.0,"gold_loss":0.0,"damage_taken":16.0},{"damage_healed":0.0,"max_hp_gain":0.0,"max_hp_loss":0.0,"gold_gain":0.0,"event_name":"Winding Halls","player_choice":"Embrace Madness","floor":37.0,"gold_loss":0.0,"damage_taken":9.0,"cards_obtained":["Madness","Madness"]},{"damage_healed":0.0,"max_hp_gain":0.0,"max_hp_loss":0.0,"gold_gain":0.0,"event_name":"Mysterious Sphere","player_choice":"Fight","floor":39.0,"gold_loss":0.0,"damage_taken":0.0}],"is_beta":false,"boss_relics":[{"not_picked":["Tiny House","Eternal Feather"],"picked":"Runic Pyramid"},{"not_picked":["Black Blood","Cursed Key"],"picked":"Fusion Hammer"}],"items_purged_floors":[4,20,31,38,45],"is_endless":false,"potions_floor_spawned":[3,5,7,16,21,24,30,36,42,44,48],"ascension_level":0}