{"gold_per_floor":[111,124,139,60,79,79,97,97,143,158,168,168,180,208,208,312,312],"floor_reached":17,"playtime":973,"items_purged":[],"score":161,"play_id":"0a83300b-3b0a-4b59-83d2-aef9ebaf4376","local_time":"20190316215231","is_ascension_mode":false,"campfire_choices":[{"data":"Cloak And Dagger","floor":6,"key":"SMITH"},{"data":"Neutralize","floor":8,"key":"SMITH"},{"data":"Terror","floor":12,"key":"SMITH"},{"data":"Well Laid Plans","floor":15,"key":"SMITH"}],"neow_cost":"NONE","seed_source_timestamp":1839879594498079,"circlet_count":0,"master_deck":["Defend_G","Defend_G","Defend_G","Defend_G","Defend_G","Strike_G","Strike_G","Strike_G","Strike_G","Strike_G","Survivor","Neutralize+1","Dramatic Entrance","Cloak And Dagger+1","Blade Dance","Flying Knee","Well Laid Plans+1","Finisher","Malaise","Escape Plan","Terror+1","Escape Plan","Infinite Blades","Tools of the Trade"],"relics":["Ring of the Snake","Omamori","Sundial","Runic Pyramid"],"potions_floor_usage":[14,14],"damage_taken":[{"damage":2,"enemies":"Jaw Worm","floor":1,"turns":8},{"damage":0,"enemies":"Cultist","floor":2,"turns":5},{"damage":0,"enemies":"Small Slimes","floor":3,"turns":2},{"damage":0,"enemies":"3 Louse","floor":5,"turns":4},{"damage":0,"enemies":"Looter","floor":7,"turns":3},{"damage":2,"enemies":"Exordium Thugs","floor":10,"turns":5},{"damage":3,"enemies":"Lots of Slimes","floor":11,"turns":2},{"damage":0,"enemies":"Large Slime","floor":13,"turns":4},{"damage":5,"enemies":"Lagavulin","floor":14,"turns":5},{"damage":33,"enemies":"Slime Boss","floor":16,"turns":12}],"seed_played":"-1118900738698612263","potions_obtained":[{"floor":1,"key":"Weak Potion"},{"floor":3,"key":"EssenceOfSteel"},{"floor":7,"key":"Block Potion"},{"floor":16,"key":"Weak Potion"}],"is_trial":false,"path_per_floor":["M","M","M","$","M","R","M","R","T","M","M","R","M","E","R","B",null],"character_chosen":"THE_SILENT","items_purchased":["Well Laid Plans"],"campfire_rested":0,"item_purchase_floors":[4],"current_hp_per_floor":[68,68,68,68,68,68,68,68,68,66,63,63,63,58,58,25,70],"gold":312,"neow_bonus":"RANDOM_COLORLESS","is_prod":false,"is_daily":false,"chose_seed":false,"campfire_upgraded":4,"win_rate":0,"timestamp":1552744351,"path_taken":["M","M","M","$","M","R","M","R","T","M","M","R","M","E","R","BOSS"],"build_version":"2019-01-23","purchased_purges":0,"victory":false,"max_hp_per_floor":[70,70,70,70,70,70,70,70,70,70,70,70,70,70,70,70,70],"card_choices":[{"not_picked":["Choke","Backflip"],"picked":"Cloak And Dagger","floor":1},{"not_picked":["Slice","Tactician"],"picked":"Blade Dance","floor":2},{"not_picked":["Predator","Skewer"],"picked":"Flying Knee","floor":3},{"not_picked":["Slice","Cloak And Dagger"],"picked":"Finisher","floor":5},{"not_picked":["Dagger Throw","Prepared"],"picked":"Malaise","floor":7},{"not_picked":["Acrobatics","Dodge and Roll"],"picked":"Escape Plan","floor":10},{"not_picked":["Prepared","Distraction"],"picked":"Terror","floor":11},{"not_picked":["Terror","Leg Sweep"],"picked":"Escape Plan","floor":13},{"not_picked":["Catalyst","Backstab"],"picked":"Infinite Blades","floor":14},{"not_picked":["Malaise","Grand Finale"],"picked":"Tools of the Trade","floor":16}],"player_experience":831909,"relics_obtained":[{"floor":9,"key":"Omamori"},{"floor":14,"key":"Sundial"}],"event_choices":[],"is_beta":false,"boss_relics":[{"not_picked":["Fusion Hammer","Snecko Eye"],"picked":"Runic Pyramid"}],"items_purged_floors":[],"is_endless":false,"potions_floor_spawned":[1,3,7,16],"ascension_level":0}