{"gold_per_floor":[117,117,127,143,162,162,179,197,197,197,208,219,232,9,9,111,111,129,160,174,193,207,236,254,254,302,413,442,474,500,523,535,547],"floor_reached":33,"playtime":1755,"items_purged":["Defend_R"],"score":271,"play_id":"737a2f11-148a-41b8-811d-c7d86bcf3e91","local_time":"20181006231712","is_ascension_mode":false,"campfire_choices":[{"data":"Rampage","floor":6,"key":"SMITH"},{"floor":10,"key":"REST"},{"data":"Flex","floor":15,"key":"SMITH"},{"data":"Limit Break","floor":25,"key":"SMITH"},{"data":"Pommel Strike","floor":32,"key":"SMITH"}],"neow_cost":"NONE","seed_source_timestamp":54244341181800,"circlet_count":0,"master_deck":["Strike_R","Strike_R","Strike_R","Strike_R","Strike_R","Defend_R","Defend_R","Defend_R","Bash","Disarm","Cleave+1","Headbutt","Rampage+1","Reaper","Headbutt","Flex+1","Limit Break+1","Pommel Strike+1","Berserk+1","Headbutt+1"],"relics":["Burning Blood","Meat on the Bone","Orichalcum","Velvet Choker","Red Mask","Frozen Egg 2","MawBank"],"potions_floor_usage":[3,20,21,23,23,30,33,33],"damage_taken":[{"damage":6,"enemies":"2 Louse","floor":1,"turns":2},{"damage":6,"enemies":"Cultist","floor":3,"turns":3},{"damage":11,"enemies":"Jaw Worm","floor":4,"turns":2},{"damage":11,"enemies":"Large Slime","floor":5,"turns":5},{"damage":15,"enemies":"Looter","floor":7,"turns":3},{"damage":16,"enemies":"3 Louse","floor":8,"turns":3},{"damage":3,"enemies":"Lots of Slimes","floor":11,"turns":2},{"damage":1,"enemies":"2 Fungi Beasts","floor":12,"turns":3},{"damage":0,"enemies":"Large Slime","floor":13,"turns":3},{"damage":22,"enemies":"Slime Boss","floor":16,"turns":9},{"damage":0,"enemies":"3 Byrds","floor":18,"turns":4},{"damage":47,"enemies":"Masked Bandits","floor":19,"turns":5},{"damage":13,"enemies":"Shell Parasite","floor":20,"turns":3},{"damage":0,"enemies":"Cultist and Chosen","floor":21,"turns":3},{"damage":11,"enemies":"Centurion and Healer","floor":22,"turns":5},{"damage":37,"enemies":"Slavers","floor":23,"turns":5},{"damage":15,"enemies":"3 Cultists","floor":24,"turns":5},{"damage":27,"enemies":"Snake Plant","floor":28,"turns":5},{"damage":14,"enemies":"Shelled Parasite and Fungi","floor":29,"turns":3},{"damage":19,"enemies":"Sentry and Sphere","floor":30,"turns":5},{"damage":6,"enemies":"Chosen and Byrds","floor":31,"turns":5},{"damage":84,"enemies":"Collector","floor":33,"turns":7}],"seed_played":"5704829708782694048","potions_obtained":[{"floor":1,"key":"Fruit Juice"},{"floor":3,"key":"LiquidBronze"},{"floor":7,"key":"BloodPotion"},{"floor":11,"key":"Weak Potion"},{"floor":12,"key":"SteroidPotion"},{"floor":20,"key":"GamblersBrew"},{"floor":21,"key":"Block Potion"},{"floor":28,"key":"Strength Potion"},{"floor":30,"key":"SpeedPotion"},{"floor":31,"key":"Block Potion"}],"is_trial":false,"path_per_floor":["M","?","M","M","M","R","M","M","T","R","M","M","M","$","R","B",null,"M","?","M","M","M","E","M","R","T","?","M","M","M","M","R"],"character_chosen":"IRONCLAD","items_purchased":["Orichalcum"],"campfire_rested":1,"item_purchase_floors":[14],"current_hp_per_floor":[80,80,85,80,75,75,66,56,56,81,84,85,85,85,85,69,85,85,56,57,85,80,69,68,68,68,68,52,56,55,64,64,0],"gold":547,"neow_bonus":"THREE_CARDS","is_prod":false,"is_daily":false,"chose_seed":false,"campfire_upgraded":4,"win_rate":0,"timestamp":1538860632,"path_taken":["M","?","M","M","M","R","M","M","T","R","M","M","M","$","R","BOSS","M","?","?","M","M","E","M","R","T","?","M","?","M","M","R","BOSS"],"build_version":"2018-10-04v2","purchased_purges":1,"victory":false,"max_hp_per_floor":[80,80,85,85,85,85,85,85,85,85,85,85,85,85,85,85,85,85,85,85,85,85,85,85,85,85,85,85,85,85,85,85,85],"card_choices":[{"not_picked":["Iron Wave","Shrug It Off"],"picked":"Disarm","floor":0},{"not_picked":["Corruption","Clash"],"picked":"Cleave","floor":1},{"not_picked":["Seeing Red","Perfected Strike"],"picked":"Headbutt","floor":3},{"not_picked":["Second Wind","Uppercut","Thunderclap"],"picked":"SKIP","floor":4},{"not_picked":["Clash","Shrug It Off"],"picked":"Rampage","floor":5},{"not_picked":["Clothesline","Burning Pact","Evolve"],"picked":"SKIP","floor":7},{"not_picked":["Uppercut","Entrench","Iron Wave"],"picked":"SKIP","floor":8},{"not_picked":["Cleave","Rage"],"picked":"Reaper","floor":11},{"not_picked":["Armaments","Battle Trance"],"picked":"Headbutt","floor":12},{"not_picked":["Twin Strike","Second Wind"],"picked":"Flex","floor":13},{"not_picked":["Feed","Impervious"],"picked":"Limit Break","floor":16},{"not_picked":["Warcry","Corruption+1","Wild Strike"],"picked":"SKIP","floor":18},{"not_picked":["Bloodletting","Cleave"],"picked":"Pommel Strike","floor":19},{"not_picked":["Warcry","Combust+1","Ghostly Armor+1"],"picked":"SKIP","floor":20},{"not_picked":["Twin Strike+1","Perfected Strike","Clothesline"],"picked":"SKIP","floor":21},{"not_picked":["Warcry","Evolve+1","Searing Blow"],"picked":"SKIP","floor":22},{"not_picked":["Body Slam","Ghostly Armor","Intimidate"],"picked":"SKIP","floor":23},{"not_picked":["Anger","Uppercut"],"picked":"Berserk+1","floor":24},{"not_picked":["Evolve+1","True Grit","Battle Trance"],"picked":"SKIP","floor":28},{"not_picked":["Bloodletting","Warcry","Sword Boomerang"],"picked":"SKIP","floor":29},{"not_picked":["Metallicize+1","Headbutt","Burning Pact"],"picked":"SKIP","floor":30},{"not_picked":["Clothesline","True Grit"],"picked":"Headbutt+1","floor":31}],"player_experience":81340,"relics_obtained":[{"floor":9,"key":"Meat on the Bone"},{"floor":19,"key":"Red Mask"},{"floor":23,"key":"Frozen Egg 2"},{"floor":26,"key":"MawBank"}],"event_choices":[{"event_name":"Upgrade Shrine","player_choice":"Upgraded","floor":2,"damage_taken":0},{"event_name":"Masked Bandits","player_choice":"Fought Bandits","floor":19,"damage_taken":0},{"event_name":"Nest","player_choice":"Stole From Cult","floor":27,"damage_taken":0}],"is_beta":false,"boss_relics":[{"not_picked":["Black Star","Pandora\u0027s Box"],"picked":"Velvet Choker"}],"items_purged_floors":[14],"is_endless":false,"potions_floor_spawned":[1,3,7,11,12,13,19,20,21,28,30,31],"killed_by":"Collector","ascension_level":0}