{"gold_per_floor":[111,32,49,124,124,153,153,153,153,153,166,166,197,212,212,308,308,326,31,43,43,43,72,72,87,87,87,114,64,64,74,74,178,178,192,492,504,523,536,561,561,578,578,598,951,951],"floor_reached":46,"playtime":3694,"items_purged":["Strike_B"],"score":598,"play_id":"241efe3b-e7bd-42c4-9456-f41ce1fc3204","local_time":"20190209165116","is_ascension_mode":false,"campfire_choices":[{"data":"Defragment","floor":7,"key":"SMITH"},{"data":"Zap","floor":10,"key":"SMITH"},{"data":"Redo","floor":12,"key":"SMITH"},{"floor":15,"key":"REST"},{"floor":24,"key":"REST"},{"floor":27,"key":"RECALL"},{"data":"Redo","floor":30,"key":"SMITH"},{"floor":32,"key":"REST"},{"floor":41,"key":"REST"}],"neow_cost":"NONE","seed_source_timestamp":496003519504300,"circlet_count":0,"master_deck":["Strike_B","Strike_B","Defend_B+1","Defend_B","Defend_B","Defend_B+1","Zap+1","Dualcast","Redo+1","Defragment+1","Conserve Battery","Reboot","Redo+1","Conserve Battery","Redo+1","Conserve Battery+1","Conserve Battery+1","Sweeping Beam","Reboot+1","Machine Learning","Melter","Hologram+1","Sweeping Beam","Lockon+1","Redo+1","Ball Lightning","Redo+1","Doom and Gloom"],"relics":["Cracked Core","NeowsBlessing","War Paint","Regal Pillow","Smiling Mask","Blue Candle","Letter Opener","Empty Cage","Toxic Egg 2","Enchiridion","Vajra","Centennial Puzzle","Orrery","Sundial","Gremlin Horn","Old Coin"],"potions_floor_usage":[13,16,25,28,33,40,44,45,46,46,46],"damage_taken":[{"damage":0,"enemies":"Small Slimes","floor":1,"turns":1},{"damage":0,"enemies":"2 Louse","floor":3,"turns":1},{"damage":0,"enemies":"Lagavulin","floor":6,"turns":1},{"damage":0,"enemies":"Cultist","floor":11,"turns":3},{"damage":27,"enemies":"Gremlin Nob","floor":13,"turns":5},{"damage":1,"enemies":"2 Fungi Beasts","floor":14,"turns":2},{"damage":23,"enemies":"The Guardian","floor":16,"turns":9},{"damage":0,"enemies":"Spheric Guardian","floor":18,"turns":3},{"damage":3,"enemies":"3 Byrds","floor":20,"turns":3},{"damage":13,"enemies":"Gremlin Leader","floor":23,"turns":5},{"damage":7,"enemies":"Sentry and Sphere","floor":25,"turns":4},{"damage":15,"enemies":"Slavers","floor":28,"turns":5},{"damage":3,"enemies":"Cultist and Chosen","floor":31,"turns":5},{"damage":60,"enemies":"Collector","floor":33,"turns":10},{"damage":3,"enemies":"Orb Walker","floor":35,"turns":3},{"damage":0,"enemies":"3 Darklings","floor":37,"turns":2},{"damage":3,"enemies":"Sphere and 2 Shapes","floor":38,"turns":3},{"damage":7,"enemies":"4 Shapes","floor":39,"turns":2},{"damage":65,"enemies":"Giant Head","floor":40,"turns":9},{"damage":7,"enemies":"3 Darklings","floor":42,"turns":4},{"damage":7,"enemies":"Maw","floor":44,"turns":6},{"damage":17,"enemies":"2 Orb Walkers","floor":45,"turns":3},{"damage":22,"enemies":"Spire Growth","floor":46,"turns":2}],"seed_played":"-2150729716896635253","potions_obtained":[{"floor":6,"key":"Poison Potion"},{"floor":11,"key":"LiquidBronze"},{"floor":13,"key":"FearPotion"},{"floor":23,"key":"Fire Potion"},{"floor":25,"key":"Fruit Juice"},{"floor":28,"key":"Energy Potion"},{"floor":37,"key":"Weak Potion"},{"floor":39,"key":"FearPotion"},{"floor":40,"key":"FearPotion"},{"floor":44,"key":"Strength Potion"},{"floor":45,"key":"Strength Potion"}],"is_trial":false,"path_per_floor":["M","$","M","?","?","E","R","?","T","R","M","R","E","M","R","B",null,"M","$","M","?","?","E","R","M","T","R","E","$","R","M","R","B",null,"M","?","M","M","M","E","R","M","T","M","?","M"],"character_chosen":"DEFECT","items_purchased":["Defragment","Toxic Egg 2","Redo+1"],"campfire_rested":4,"item_purchase_floors":[2,19,19],"current_hp_per_floor":[75,75,75,64,64,64,64,52,52,52,52,52,25,24,61,38,75,75,75,72,58,42,29,68,66,66,66,51,51,51,48,85,25,85,82,82,82,79,72,7,47,40,40,33,16,0],"gold":951,"neow_bonus":"THREE_ENEMY_KILL","is_prod":false,"is_daily":false,"chose_seed":false,"campfire_upgraded":4,"win_rate":0,"timestamp":1549752676,"path_taken":["M","$","M","?","?","E","R","?","T","R","M","R","E","M","R","BOSS","M","$","M","?","?","E","R","M","T","R","E","$","R","M","R","BOSS","M","?","M","M","?","E","R","M","T","M","?","M"],"build_version":"2019-01-23","purchased_purges":1,"victory":false,"max_hp_per_floor":[75,75,75,75,75,75,75,75,75,75,75,75,75,75,75,75,75,75,75,75,80,80,80,80,85,85,85,85,85,85,85,85,85,85,85,85,85,85,85,85,85,85,85,85,85,85],"card_choices":[{"not_picked":["Gash","Barrage"],"picked":"Redo","floor":1},{"not_picked":["Rebound","Stack"],"picked":"Conserve Battery","floor":3},{"not_picked":["Glacier","Rip and Tear"],"picked":"Reboot","floor":6},{"not_picked":["Scrape","Heatsinks","Hello World"],"picked":"SKIP","floor":11},{"not_picked":["Rip and Tear","Reinforced Body"],"picked":"Redo","floor":13},{"not_picked":["Undo","Barrage"],"picked":"Conserve Battery","floor":14},{"not_picked":["Steam","Rebound","Barrage"],"picked":"SKIP","floor":18},{"not_picked":["Compile Driver","Reprogram+1"],"picked":"Conserve Battery+1","floor":20},{"not_picked":["Aggregate+1","Core Surge"],"picked":"Conserve Battery+1","floor":23},{"not_picked":["Hologram+1","Compile Driver","Go for the Eyes"],"picked":"SKIP","floor":25},{"not_picked":["Coolheaded+1","Glacier+1"],"picked":"Sweeping Beam","floor":28},{"not_picked":["Blizzard","Barrage","Steam+1"],"picked":"SKIP","floor":31},{"not_picked":["Core Surge","Fission+1"],"picked":"Reboot+1","floor":33},{"not_picked":["Sweeping Beam+1","Barrage"],"picked":"Machine Learning","floor":34},{"not_picked":["Beam Cell","Stack+1"],"picked":"Melter","floor":34},{"not_picked":["Streamline","Gash"],"picked":"Hologram+1","floor":34},{"not_picked":["Heatsinks","Hologram+1"],"picked":"Sweeping Beam","floor":34},{"not_picked":["Storm+1","Coolheaded+1"],"picked":"Lockon+1","floor":35},{"not_picked":["Barrage+1","BootSequence+1"],"picked":"Redo+1","floor":37},{"not_picked":["Storm+1","Aggregate+1","Compile Driver"],"picked":"SKIP","floor":38},{"not_picked":["Gash+1","Blizzard+1","Rebound+1"],"picked":"SKIP","floor":39},{"not_picked":["Reprogram+1","Biased Cognition","Undo+1"],"picked":"SKIP","floor":40},{"not_picked":["Recycle+1","Melter"],"picked":"Ball Lightning","floor":42},{"not_picked":["Scrape+1","Melter+1"],"picked":"Redo+1","floor":44},{"not_picked":["Hologram+1","Rebound+1"],"picked":"Doom and Gloom","floor":45}],"player_experience":127961,"relics_obtained":[{"floor":6,"key":"Regal Pillow"},{"floor":9,"key":"Blue Candle"},{"floor":13,"key":"Letter Opener"},{"floor":22,"key":"Enchiridion"},{"floor":23,"key":"Vajra"},{"floor":28,"key":"Centennial Puzzle"},{"floor":40,"key":"Sundial"},{"floor":43,"key":"Gremlin Horn"},{"floor":45,"key":"Old Coin"}],"event_choices":[{"damage_healed":0,"gold_gain":75,"player_choice":"Gather Gold","damage_taken":11,"max_hp_gain":0,"max_hp_loss":0,"event_name":"World of Goop","floor":4,"gold_loss":0},{"damage_healed":0,"gold_gain":0,"player_choice":"Box","damage_taken":0,"relics_obtained":["War Paint"],"max_hp_gain":0,"max_hp_loss":0,"event_name":"Big Fish","floor":5,"gold_loss":0,"cards_obtained":["Regret"]},{"damage_healed":0,"gold_gain":0,"player_choice":"Success","damage_taken":12,"relics_obtained":["Smiling Mask"],"max_hp_gain":0,"max_hp_loss":0,"event_name":"Scrap Ooze","floor":8,"gold_loss":0},{"damage_healed":0,"gold_gain":0,"player_choice":"Shed Blood","damage_taken":19,"max_hp_gain":5,"max_hp_loss":0,"event_name":"Forgotten Altar","floor":21,"gold_loss":0},{"damage_healed":0,"gold_gain":0,"player_choice":"Obtained Book","damage_taken":16,"max_hp_gain":0,"max_hp_loss":0,"event_name":"Cursed Tome","floor":22,"gold_loss":0},{"damage_healed":0,"gold_gain":300,"player_choice":"Gold","damage_taken":0,"max_hp_gain":0,"max_hp_loss":0,"event_name":"Wheel of Change","floor":36,"gold_loss":0},{"damage_healed":0,"gold_gain":0,"player_choice":"Fight","damage_taken":0,"max_hp_gain":0,"max_hp_loss":0,"event_name":"Mysterious Sphere","floor":45,"gold_loss":0}],"is_beta":false,"boss_relics":[{"not_picked":["Eternal Feather","Tiny House"],"picked":"Empty Cage"},{"not_picked":["White Beast Statue","Philosopher\u0027s Stone"],"picked":"Orrery"}],"items_purged_floors":[29],"is_endless":false,"potions_floor_spawned":[6,11,13,23,25,28,37,39,40,44,45],"killed_by":"Spire Growth","ascension_level":0}