{"gold_per_floor":[116,133,133,58,73,73,93,125,179,210,210,229,229,504,504,504],"floor_reached":16,"playtime":4554,"items_purged":["Strike_R"],"score":127,"play_id":"e19ed269-e735-4d07-b608-da2a6b197795","local_time":"20190226174205","is_ascension_mode":true,"campfire_choices":[{"data":"Bash","floor":6,"key":"SMITH"},{"data":"Pommel Strike","floor":11,"key":"SMITH"},{"floor":13,"key":"REST"},{"floor":15,"key":"REST"}],"neow_cost":"NONE","seed_source_timestamp":756195342390800,"circlet_count":0,"master_deck":["Strike_R","Strike_R","Strike_R","Strike_R","Defend_R","Defend_R","Defend_R","Defend_R","Bash+1","Battle Trance","Ghostly Armor","Pommel Strike+1","Cleave","Flame Barrier"],"relics":["Burning Blood","NeowsBlessing","Omamori","Art of War","Centennial Puzzle"],"potions_floor_usage":[7,10,16],"damage_taken":[{"damage":0,"enemies":"Cultist","floor":1,"turns":1},{"damage":0,"enemies":"2 Louse","floor":2,"turns":2},{"damage":0,"enemies":"Jaw Worm","floor":5,"turns":1},{"damage":27,"enemies":"Exordium Thugs","floor":7,"turns":12},{"damage":35,"enemies":"3 Sentries","floor":8,"turns":10},{"damage":8,"enemies":"Gremlin Nob","floor":10,"turns":3},{"damage":0,"enemies":"Exordium Wildlife","floor":12,"turns":3},{"damage":82,"enemies":"Hexaghost","floor":16,"turns":11}],"seed_played":"4900939181405604917","potions_obtained":[{"floor":5,"key":"Weak Potion"},{"floor":7,"key":"Poison Potion"},{"floor":10,"key":"Explosive Potion"}],"is_trial":false,"path_per_floor":["M","M","T","$","M","R","M","E","T","E","R","M","R","?","R","B"],"character_chosen":"IRONCLAD","items_purchased":[],"campfire_rested":2,"item_purchase_floors":[],"current_hp_per_floor":[80,80,80,80,80,80,59,30,30,28,28,34,58,58,80,0],"gold":504,"neow_bonus":"THREE_ENEMY_KILL","is_prod":false,"is_daily":false,"chose_seed":false,"campfire_upgraded":2,"win_rate":0,"timestamp":1551199325,"path_taken":["M","M","?","$","M","R","M","E","T","E","R","M","R","?","R","BOSS"],"build_version":"2019-01-23","purchased_purges":1,"victory":false,"max_hp_per_floor":[80,80,80,80,80,80,80,80,80,80,80,80,80,80,80,80],"card_choices":[{"not_picked":["Twin Strike","Infernal Blade"],"picked":"Battle Trance","floor":1},{"not_picked":["Sentinel","Flex"],"picked":"Ghostly Armor","floor":2},{"not_picked":["Sentinel","Warcry","Flex"],"picked":"SKIP","floor":5},{"not_picked":["Pummel","Iron Wave"],"picked":"Pommel Strike","floor":7},{"not_picked":["Reckless Charge","Anger"],"picked":"Cleave","floor":8},{"not_picked":["Iron Wave","Wild Strike"],"picked":"Flame Barrier","floor":10},{"not_picked":["Clothesline","Rupture","Wild Strike"],"picked":"SKIP","floor":12}],"player_experience":283350,"relics_obtained":[{"floor":3,"key":"Omamori"},{"floor":8,"key":"Art of War"},{"floor":10,"key":"Centennial Puzzle"}],"event_choices":[{"damage_healed":0,"gold_gain":275,"player_choice":"Desecrate","damage_taken":0,"max_hp_gain":0,"max_hp_loss":0,"event_name":"Golden Shrine","floor":14,"gold_loss":0,"cards_obtained":["Regret"]}],"is_beta":false,"boss_relics":[],"items_purged_floors":[4],"is_endless":false,"potions_floor_spawned":[5,7,10],"killed_by":"Hexaghost","ascension_level":3}