{"path_per_floor":["M","M","$","M","M","R","M","E","T","R","M","M","E","M","R","B",null,"M","M","$","?","M","R","M","R","T","$","R","M","M","M","R"],"character_chosen":"IRONCLAD","items_purchased":["Battle Trance","Pommel Strike","Bag of Preparation","Whetstone","Headbutt","Warcry"],"gold_per_floor":[111,129,46,60,74,74,88,121,421,421,436,449,480,498,498,593,593,605,623,174,174,191,191,206,206,206,206,206,216,231,249,249],"floor_reached":33,"campfire_rested":2,"playtime":3199,"current_hp_per_floor":[80,79,79,80,79,79,80,61,61,61,58,59,54,47,47,31,80,69,62,62,46,37,37,27,51,51,51,51,46,37,13,37],"items_purged":["Strike_R"],"gold":249,"score":265,"play_id":"8ec75b81-c8af-4489-a6b2-d888a29472fb","is_prod":false,"is_daily":false,"is_ascension_mode":false,"campfire_upgraded":5,"path_taken":["M","M","$","M","M","R","M","E","T","R","M","M","E","M","R","BOSS","M","M","$","?","?","R","M","R","T","$","R","M","M","M","R","BOSS"],"build_version":"2018-02-15-PROD1","purchased_purges":1,"victory":false,"master_deck":["Strike_R","Strike_R","Strike_R+1","Strike_R","Defend_R+1","Defend_R+1","Defend_R","Defend_R","Bash+1","Shrug It Off","Body Slam+1","Battle Trance","Pommel Strike","Reckless Charge","Pommel Strike","Exhume+1","Anger+1","Flex+1","Anger","Armaments+1","Berserk+1","Fiend Fire","Blood for Blood+1","Flex","Headbutt","Warcry","Heavy Blade+1","Fire Breathing+1","Pommel Strike+1","Body Slam","Dual Wield"],"max_hp_per_floor":[80,80,80,80,80,80,80,80,80,80,80,80,80,80,80,80,80,80,80,80,80,80,80,80,80,80,80,80,80,80,80,80],"relics":["Burning Blood","Gremlin Horn","Old Coin","Darkstone Periapt","Runic Cube","Bag of Preparation","Whetstone","Nilry\u0027s Codex","War Paint"],"card_choices":[{"not_picked":["Searing Blow","Clothesline"],"picked":"Shrug It Off"},{"not_picked":["Flex","Iron Wave"],"picked":"Body Slam"},{"not_picked":["Havoc","Sentinel"],"picked":"Reckless Charge"},{"not_picked":["Sword Boomerang","Iron Wave"],"picked":"Pommel Strike"},{"not_picked":["Thunderclap","Shrug It Off"],"picked":"Exhume"},{"not_picked":["Dropkick","Havoc"],"picked":"Anger"},{"not_picked":["Sentinel","Second Wind"],"picked":"Flex"},{"not_picked":["Havoc","Thunderclap"],"picked":"Anger"},{"not_picked":["Havoc","Twin Strike"],"picked":"Armaments"},{"not_picked":["Flex","True Grit"],"picked":"Berserk"},{"not_picked":["Berserk","Feed"],"picked":"Fiend Fire"},{"not_picked":["Whirlwind","Twin Strike"],"picked":"Blood for Blood"},{"not_picked":["Clash","Perfected Strike"],"picked":"Flex"},{"not_picked":["Feel No Pain","Clash"],"picked":"Heavy Blade"},{"not_picked":["Disarm","Iron Wave"],"picked":"Fire Breathing"},{"not_picked":["Dark Embrace","Sentinel"],"picked":"Pommel Strike"},{"not_picked":["True Grit","Twin Strike"],"picked":"Body Slam"},{"not_picked":["Corruption","Rage"],"picked":"Dual Wield"}],"player_experience":59968,"potions_floor_usage":[8,14,16,16,33,33,33],"damage_taken":[{"damage":5,"enemies":"Jaw Worm","floor":1,"turns":4},{"damage":7,"enemies":"Cultist","floor":2,"turns":4},{"damage":0,"enemies":"2 Louse","floor":4,"turns":2},{"damage":7,"enemies":"Looter","floor":5,"turns":4},{"damage":1,"enemies":"Exordium Thugs","floor":7,"turns":3},{"damage":25,"enemies":"Lagavulin","floor":8,"turns":6},{"damage":9,"enemies":"3 Louse","floor":11,"turns":2},{"damage":5,"enemies":"Looter","floor":12,"turns":2},{"damage":11,"enemies":"Gremlin Nob","floor":13,"turns":4},{"damage":13,"enemies":"Exordium Thugs","floor":14,"turns":4},{"damage":22,"enemies":"Hexaghost","floor":16,"turns":9},{"damage":17,"enemies":"Shell Parasite","floor":18,"turns":5},{"damage":13,"enemies":"2 Thieves","floor":19,"turns":4},{"damage":15,"enemies":"Snecko","floor":22,"turns":5},{"damage":16,"enemies":"Snake Plant","floor":24,"turns":3},{"damage":11,"enemies":"Cultist and Chosen","floor":29,"turns":4},{"damage":15,"enemies":"Centurion and Healer","floor":30,"turns":3},{"damage":30,"enemies":"Slaver and Parasite","floor":31,"turns":4},{"damage":75,"enemies":"Automaton","floor":33,"turns":6}],"event_choices":[{"event_name":"Cursed Tome","player_choice":"Obtained Book","floor":21,"damage_taken":0}],"boss_relics":[{"not_picked":["Runic Pyramid","Black Blood"],"picked":"Runic Cube"}],"potions_floor_spawned":[7,8,11,14,16,22,29,30,31],"seed_played":"1918523782140180359","killed_by":"Automaton","ascension_level":0,"is_trial":false}