{"path_per_floor":["M","M","M","?","M","R","$","R","T","T","$","M","?","M","R","B",null,"M","?","M","M","M","R","E","M","T","R","?","M","$","M","R"],"character_chosen":"IRONCLAD","items_purchased":["Fiend Fire","Iron Wave","Enlightenment"],"gold_per_floor":[110,123,143,143,162,162,94,94,121,121,74,92,92,104,104,202,202,217,132,151,169,186,186,214,232,258,258,258,271,69,85,85],"floor_reached":33,"campfire_rested":3,"playtime":4198,"current_hp_per_floor":[80,75,75,75,57,57,57,80,80,80,80,77,77,80,80,28,80,76,76,80,74,44,44,29,30,30,54,54,27,27,30,54],"items_purged":[],"gold":85,"score":261,"play_id":"82b43bd4-30ab-4c06-9d6d-6415436fe2aa","is_prod":false,"is_daily":false,"is_ascension_mode":false,"campfire_upgraded":3,"path_taken":["M","M","M","?","M","R","$","R","T","?","$","?","?","M","R","BOSS","M","?","?","M","M","R","E","M","T","R","?","M","$","M","R","BOSS"],"build_version":"2018-02-15-PROD1","purchased_purges":0,"victory":false,"master_deck":["Strike_R","Strike_R","Strike_R","Strike_R","Defend_R","Defend_R+1","Defend_R","Defend_R+1","Bash","Feel No Pain+1","Pommel Strike","Thunderclap","Flame Barrier","Fiend Fire+1","Iron Wave","Cleave","Flex+1","Dark Embrace","Second Wind","Headbutt","Rampage","Warcry+1","Pommel Strike","Intimidate","Armaments+1","Shrug It Off","Enlightenment","Pummel","Seeing Red"],"max_hp_per_floor":[80,80,80,80,80,80,80,80,80,80,80,80,80,80,80,80,80,80,80,80,80,80,80,80,80,80,80,80,80,80,80,80],"relics":["Burning Blood","War Paint","Bag of Preparation","Runic Pyramid","Vajra","Frozen Egg 2","Dream Catcher"],"card_choices":[{"not_picked":["Second Wind","Perfected Strike"],"picked":"Feel No Pain"},{"not_picked":["Warcry","Dropkick"],"picked":"Pommel Strike"},{"not_picked":["Perfected Strike","Dual Wield"],"picked":"Thunderclap"},{"not_picked":["Burning Pact","Sword Boomerang"],"picked":"Flame Barrier"},{"not_picked":["Second Wind","Body Slam"],"picked":"Cleave"},{"not_picked":["Hemokinesis","Twin Strike"],"picked":"Flex"},{"not_picked":["Bludgeon","Offering"],"picked":"Dark Embrace"},{"not_picked":["Perfected Strike","Iron Wave"],"picked":"Second Wind"},{"not_picked":["Shockwave","Corruption"],"picked":"Headbutt"},{"not_picked":["Warcry","Hemokinesis"],"picked":"Rampage"},{"not_picked":["Sword Boomerang","Cleave"],"picked":"Warcry"},{"not_picked":["Shrug It Off","Dropkick"],"picked":"Pommel Strike"},{"not_picked":["Bludgeon","Cleave"],"picked":"Intimidate"},{"not_picked":["Clash","Battle Trance"],"picked":"Armaments"},{"not_picked":["Clash","Clothesline"],"picked":"Shrug It Off"},{"not_picked":["Clash","Sever Soul"],"picked":"Pummel"},{"not_picked":["Dual Wield","Blood for Blood"],"picked":"Seeing Red"}],"player_experience":0,"potions_floor_usage":[24,24,33,33],"damage_taken":[{"damage":5.0,"enemies":"Cultist","floor":1.0,"turns":4.0},{"damage":11.0,"enemies":"Jaw Worm","floor":2.0,"turns":4.0},{"damage":6.0,"enemies":"2 Louse","floor":3.0,"turns":3.0},{"damage":24.0,"enemies":"Exordium Thugs","floor":5.0,"turns":5.0},{"damage":9.0,"enemies":"Exordium Wildlife","floor":12.0,"turns":4.0},{"damage":0.0,"enemies":"3 Louse","floor":14.0,"turns":4.0},{"damage":58.0,"enemies":"The Guardian","floor":16.0,"turns":14.0},{"damage":10,"enemies":"2 Thieves","floor":18,"turns":4},{"damage":0,"enemies":"Spheric Guardian","floor":20,"turns":3},{"damage":12,"enemies":"Snake Plant","floor":21,"turns":4},{"damage":36,"enemies":"Cultist and Chosen","floor":22,"turns":7},{"damage":21,"enemies":"Book of Stabbing","floor":24,"turns":5},{"damage":5,"enemies":"Snecko","floor":25,"turns":4},{"damage":33,"enemies":"Slaver and Parasite","floor":29,"turns":7},{"damage":3,"enemies":"Snake Plant","floor":31,"turns":5},{"damage":72,"enemies":"Champ","floor":33,"turns":8}],"event_choices":[{"event_name":"The Lab","player_choice":"Got Potions","floor":4.0,"damage_taken":0.0},{"event_name":"Purifier","player_choice":"One Purge","floor":13.0,"damage_taken":0.0},{"event_name":"Addict","player_choice":"Obtained Relic","floor":19,"damage_taken":0},{"event_name":"Drug Dealer","player_choice":"Ignored","floor":28,"damage_taken":0}],"boss_relics":[{"not_picked":["Lizard Tail","Sozu"],"picked":"Runic Pyramid"}],"potions_floor_spawned":[1,2,12,14,22,24,29],"seed_played":"7311281418890499557","killed_by":"Champ","ascension_level":0,"is_trial":false}