{"gold_per_floor":[117,117,117,16,36,72,96,171,171,8,28,47,47,60,60,190,190,214,214,313,336,361,361,361,217,217,238,73,73,73,88,88,219,219,238,238,238,252,152,152,190,190,214,0,0,21,21,42,42,42],"floor_reached":51,"playtime":4636,"items_purged":["Injury","Strike_R"],"score":675,"play_id":"bde8b649-6141-4e39-a150-7358e1aadcf3","local_time":"20190422220806","is_ascension_mode":false,"campfire_choices":[{"floor":15,"key":"REST"},{"floor":23,"key":"REST"},{"data":"Apotheosis","floor":30,"key":"SMITH"},{"floor":32,"key":"REST"},{"floor":40,"key":"REST"},{"floor":42,"key":"REST"},{"floor":49,"key":"REST"}],"neow_cost":"NONE","seed_source_timestamp":2291764705085,"circlet_count":0,"master_deck":["Strike_R","Strike_R","Strike_R","Strike_R","Defend_R","Defend_R","Defend_R","Defend_R","Bash","Seeing Red","Iron Wave","Twin Strike","Apotheosis+1","Disarm","Intimidate","Barricade","Rampage+1","Inflame+1","Inflame","Metallicize","Panacea","Impervious","Anger","Madness","Madness","Metallicize+1"],"relics":["Burning Blood","Golden Idol","FaceOfCleric","Question Card","Paper Frog","Runic Pyramid","Vajra","Nilry\u0027s Codex","Black Star","Regal Pillow","Dream Catcher","Potion Belt","Red Mask"],"potions_floor_usage":[12,14,16,16,31,38,48,48,50],"damage_taken":[{"damage":7,"enemies":"2 Louse","floor":1,"turns":5},{"damage":7,"enemies":"Cultist","floor":5,"turns":6},{"damage":29,"enemies":"3 Sentries","floor":6,"turns":11},{"damage":0,"enemies":"Small Slimes","floor":7,"turns":2},{"damage":1,"enemies":"2 Fungi Beasts","floor":11,"turns":4},{"damage":6,"enemies":"Blue Slaver","floor":12,"turns":3},{"damage":8,"enemies":"Exordium Thugs","floor":14,"turns":5},{"damage":55,"enemies":"Hexaghost","floor":16,"turns":10},{"damage":53,"enemies":"Spheric Guardian","floor":18,"turns":18},{"damage":21,"enemies":"Chosen","floor":21,"turns":8},{"damage":6,"enemies":"Centurion and Healer","floor":22,"turns":9},{"damage":8,"enemies":"Snecko","floor":27,"turns":5},{"damage":30,"enemies":"Snake Plant","floor":31,"turns":7},{"damage":4,"enemies":"Champ","floor":33,"turns":18},{"damage":1,"enemies":"Orb Walker","floor":35,"turns":6},{"damage":25,"enemies":"3 Shapes","floor":38,"turns":4},{"damage":30,"enemies":"Nemesis","floor":41,"turns":9},{"damage":23,"enemies":"Transient","floor":46,"turns":5},{"damage":48,"enemies":"Sphere and 2 Shapes","floor":48,"turns":6},{"damage":61,"enemies":"Time Eater","floor":50,"turns":15}],"seed_played":"747885717760546893","potions_obtained":[{"floor":5,"key":"Energy Potion"},{"floor":6,"key":"FearPotion"},{"floor":7,"key":"Strength Potion"},{"floor":14,"key":"SkillPotion"},{"floor":22,"key":"SteroidPotion"},{"floor":27,"key":"Regen Potion"},{"floor":33,"key":"Explosive Potion"},{"floor":41,"key":"Strength Potion"},{"floor":48,"key":"PowerPotion"}],"is_trial":false,"path_per_floor":["?","?","M","?","?","?","M","?","?","M","?","?","?","$","M","?"],"character_chosen":"IRONCLAD","items_purchased":["Iron Wave","Apotheosis","Vajra","Metallicize","Panacea"],"campfire_rested":6,"item_purchase_floors":[4,10,25,28,28],"current_hp_per_floor":[87,87,87,87,87,65,72,61,61,61,67,68,68,67,94,46,95,49,49,49,35,36,65,97,97,97,96,96,80,80,72,100,101,101,102,102,89,71,71,101,78,104,104,104,104,88,88,47,93,39],"gold":42,"neow_bonus":"TEN_PERCENT_HP_BONUS","is_prod":false,"is_daily":false,"chose_seed":false,"campfire_upgraded":1,"win_rate":0.0,"timestamp":1555942086,"path_taken":["M","?","?","$","M","E","?","?","T","$","M","M","$","M","R","BOSS","M","?","?","M","?","R","?","$","T","M","$","?","R","?","R","BOSS","M","?","?","M","$","R","E","R","T","?","?","?","?","M","R","BOSS"],"build_version":"2019-01-23","purchased_purges":2,"victory":true,"max_hp_per_floor":[88,88,88,88,89,90,91,91,91,91,92,93,93,94,94,95,95,96,96,96,97,98,98,98,98,98,99,99,99,99,100,100,101,101,102,102,102,103,103,103,104,104,104,104,104,105,105,106,106,107],"card_choices":[{"not_picked":["Perfected Strike","Havoc"],"picked":"Seeing Red","floor":1},{"not_picked":["Clash","Heavy Blade"],"picked":"Uppercut","floor":5},{"not_picked":["Flex","Hemokinesis","Heavy Blade"],"picked":"SKIP","floor":6},{"not_picked":["Headbutt","Heavy Blade","Feel No Pain"],"picked":"Twin Strike","floor":7},{"not_picked":["Headbutt","Sword Boomerang","Thunderclap","Flex"],"picked":"SKIP","floor":11},{"not_picked":["Havoc","Entrench","Thunderclap"],"picked":"Disarm","floor":12},{"not_picked":["Wild Strike","Rupture","Bloodletting"],"picked":"Intimidate","floor":14},{"not_picked":["Berserk","Brutality","Offering"],"picked":"Barricade","floor":16},{"not_picked":["Spot Weakness","Disarm+1","Cleave"],"picked":"Rampage+1","floor":18},{"not_picked":["Sword Boomerang+1","Headbutt","Clash+1","Armaments"],"picked":"SKIP","floor":21},{"not_picked":["Intimidate+1","Wild Strike","Barricade"],"picked":"Inflame+1","floor":22},{"not_picked":["Body Slam","Thunderclap","Warcry"],"picked":"Inflame","floor":27},{"not_picked":["Wild Strike+1","Cleave","Clothesline","Twin Strike"],"picked":"SKIP","floor":31},{"not_picked":["Offering","Dark Embrace","Immolate"],"picked":"Impervious","floor":33},{"not_picked":["Shockwave","Perfected Strike","Entrench"],"picked":"Anger","floor":35},{"not_picked":["Second Wind+1","True Grit","Disarm","Spot Weakness"],"picked":"SKIP","floor":38},{"not_picked":["Warcry+1","Feel No Pain+1","Thunderclap","Sword Boomerang+1"],"picked":"SKIP","floor":41},{"not_picked":["Wild Strike+1","Clash+1","Cleave+1","Flame Barrier+1"],"picked":"SKIP","floor":46},{"not_picked":["Shrug It Off","Clothesline","Hemokinesis+1"],"picked":"Metallicize+1","floor":48}],"player_experience":63282,"relics_obtained":[{"floor":6,"key":"Question Card"},{"floor":9,"key":"Paper Frog"},{"floor":29,"key":"Nilry\u0027s Codex"},{"floor":41,"key":"Regal Pillow"},{"floor":41,"key":"Dream Catcher"},{"floor":43,"key":"Potion Belt"}],"event_choices":[{"damage_healed":0,"gold_gain":0,"player_choice":"Take Wound","damage_taken":0,"relics_obtained":["Golden Idol"],"max_hp_gain":0,"max_hp_loss":0,"event_name":"Golden Idol","floor":2,"gold_loss":0,"cards_obtained":["Injury"]},{"damage_healed":0,"gold_gain":0,"player_choice":"Trade","damage_taken":0,"relics_obtained":["FaceOfCleric"],"max_hp_gain":0,"max_hp_loss":0,"event_name":"FaceTrader","floor":3,"gold_loss":0},{"damage_healed":0,"gold_gain":75,"player_choice":"Gather Gold","damage_taken":11,"max_hp_gain":0,"max_hp_loss":0,"event_name":"World of Goop","floor":8,"gold_loss":0},{"damage_healed":0,"gold_gain":0,"player_choice":"Ignored","damage_taken":0,"max_hp_gain":0,"max_hp_loss":0,"event_name":"Vampires","floor":19,"gold_loss":0},{"damage_healed":0,"gold_gain":99,"player_choice":"Stole From Cult","damage_taken":0,"max_hp_gain":0,"max_hp_loss":0,"event_name":"Nest","floor":20,"gold_loss":0},{"damage_healed":32,"gold_gain":0,"player_choice":"Heal","damage_taken":0,"max_hp_gain":0,"max_hp_loss":0,"event_name":"The Library","floor":24,"gold_loss":0},{"damage_healed":0,"gold_gain":0,"player_choice":"Obtained Book","damage_taken":16,"max_hp_gain":0,"max_hp_loss":0,"event_name":"Cursed Tome","floor":29,"gold_loss":0},{"cards_removed":["Uppercut"],"damage_healed":0,"gold_gain":0,"player_choice":"Removed Attack","damage_taken":0,"max_hp_gain":0,"max_hp_loss":0,"event_name":"Falling","floor":36,"gold_loss":0},{"damage_healed":0,"gold_gain":0,"player_choice":"Embrace Madness","damage_taken":13,"max_hp_gain":0,"max_hp_loss":0,"event_name":"Winding Halls","floor":37,"gold_loss":0,"cards_obtained":["Madness","Madness"]},{"damage_healed":0,"gold_gain":0,"player_choice":"Paid","damage_taken":0,"relics_obtained":["Red Mask"],"max_hp_gain":0,"max_hp_loss":0,"event_name":"Tomb of Lord Red Mask","floor":44,"gold_loss":214},{"damage_healed":0,"gold_gain":0,"player_choice":"Ignored","damage_taken":0,"max_hp_gain":0,"max_hp_loss":0,"event_name":"The Moai Head","floor":47,"gold_loss":0}],"is_beta":false,"boss_relics":[{"not_picked":["Cursed Key","Orrery"],"picked":"Runic Pyramid"},{"not_picked":["Snecko Eye","Eternal Feather"],"picked":"Black Star"}],"items_purged_floors":[4,39],"is_endless":false,"potions_floor_spawned":[5,6,7,14,22,27,33,41,48],"ascension_level":0}