{"path_per_floor":["M","M","M","?","$","R","E","R","T","E","$","M","E","M","R","B",null,"M","?","M","$","M","R","M","R","T","?","R","E","M","$","R","B",null,"M","?","$","M","M","R","$","R","T","M","R","?","R","M","R"],"character_chosen":"IRONCLAD","items_purchased":["Battle Trance","Apotheosis","Inflame","Spot Weakness","True Grit"],"gold_per_floor":[111,121,132,132,19,19,47,47,47,76,76,87,116,131,131,232,232,250,250,260,160,178,178,190,190,217,217,217,245,265,9,9,113,113,131,176,13,33,51,51,1,1,1,16,16,16,16,33,33],"floor_reached":50,"campfire_rested":0,"playtime":3606,"current_hp_per_floor":[80,80,80,80,80,80,76,76,76,65,65,66,60,62,62,80,80,72,72,80,80,53,53,59,59,59,56,56,56,49,49,49,27,56,56,56,56,47,56,56,56,56,63,63,63,63,63,63,63],"items_purged":["Defend_R","Strike_R","Bite"],"gold":33,"score":557,"play_id":"35a3748c-a77e-437a-9dec-fbd886f6efe8","local_time":"20180316001941","is_prod":false,"is_daily":false,"is_ascension_mode":true,"campfire_upgraded":12,"timestamp":1521130781,"path_taken":["M","M","M","?","$","R","E","R","T","E","$","M","E","M","R","BOSS","M","?","M","$","M","R","M","R","T","?","R","E","M","$","R","BOSS","M","?","$","M","M","R","$","R","T","M","R","?","R","M","R","BOSS"],"build_version":"2018-03-09","purchased_purges":4,"victory":false,"master_deck":["Defend_R","Defend_R","Defend_R","Bash+1","Armaments+1","Headbutt","Rampage","Battle Trance+1","Dual Wield","Shrug It Off+1","Warcry","Limit Break+1","Dropkick+1","Evolve+1","Pommel Strike+1","Pommel Strike+1","Reaper","Bite+1","Bite","Bite","Bite","Wild Strike","Wild Strike","Apotheosis+1","Inflame","Offering+1","Pommel Strike+1","Blood for Blood","Spot Weakness","Pommel Strike+1","True Grit+1"],"max_hp_per_floor":[80,80,80,80,80,80,80,80,80,80,80,80,80,80,80,80,80,80,80,80,80,80,80,80,80,80,56,56,56,56,56,56,56,56,56,56,56,56,56,56,56,56,63,63,63,63,63,63,63],"relics":["Burning Blood","NeowsBlessing","Kunai","Bag of Marbles","Lantern","Magic Flower","Question Card","Vajra","Omamori","Cursed Key","Red Skull","Strawberry"],"card_choices":[{"not_picked":["Ghostly Armor","Battle Trance"],"picked":"Armaments"},{"not_picked":["Havoc","Corruption"],"picked":"Headbutt"},{"not_picked":["Headbutt","Havoc"],"picked":"Rampage"},{"not_picked":["Metallicize","Searing Blow"],"picked":"Impervious"},{"not_picked":["Anger","Perfected Strike"],"picked":"Dual Wield"},{"not_picked":["Clash","Rampage"],"picked":"Shrug It Off"},{"not_picked":["Intimidate","Clothesline"],"picked":"Warcry"},{"not_picked":["Berserk","Reaper"],"picked":"Limit Break"},{"not_picked":["Reckless Charge","Second Wind","True Grit"],"picked":"Dropkick"},{"not_picked":["Rampage","Sword Boomerang","Wild Strike"],"picked":"Pommel Strike"},{"not_picked":["Hemokinesis","Twin Strike","Wild Strike"],"picked":"Pommel Strike"},{"not_picked":["Feel No Pain","Headbutt","Fire Breathing"],"picked":"Reaper"},{"not_picked":["Perfected Strike","Twin Strike","Flex"],"picked":"Wild Strike"},{"not_picked":["Warcry","Feel No Pain","Blood for Blood"],"picked":"Wild Strike"},{"not_picked":["Limit Break","Dark Embrace","Demon Form"],"picked":"Offering"},{"not_picked":["Disarm","Twin Strike","Perfected Strike"],"picked":"Pommel Strike"},{"not_picked":["Thunderclap","Carnage","Corruption"],"picked":"Blood for Blood"},{"not_picked":["Anger","Headbutt","Uppercut"],"picked":"Pommel Strike"}],"player_experience":301283,"potions_floor_usage":[16,20,24,24,33,39,50,50,50],"damage_taken":[{"damage":0,"enemies":"Jaw Worm","floor":1,"turns":1},{"damage":0,"enemies":"Cultist","floor":2,"turns":1},{"damage":0,"enemies":"Small Slimes","floor":3,"turns":1},{"damage":10,"enemies":"Lagavulin","floor":7,"turns":6},{"damage":17,"enemies":"3 Sentries","floor":10,"turns":7},{"damage":5,"enemies":"Looter","floor":12,"turns":3},{"damage":12,"enemies":"Lagavulin","floor":13,"turns":7},{"damage":7,"enemies":"Blue Slaver","floor":14,"turns":2},{"damage":12,"enemies":"Slime Boss","floor":16,"turns":10},{"damage":17,"enemies":"Spheric Guardian","floor":18,"turns":6},{"damage":0,"enemies":"Chosen","floor":20,"turns":3},{"damage":36,"enemies":"3 Cultists","floor":22,"turns":7},{"damage":23,"enemies":"Centurion and Healer","floor":24,"turns":5},{"damage":67,"enemies":"Slavers","floor":29,"turns":13},{"damage":21,"enemies":"Snake Plant","floor":30,"turns":4},{"damage":94,"enemies":"Collector","floor":33,"turns":10},{"damage":15,"enemies":"3 Shapes","floor":35,"turns":7},{"damage":24,"enemies":"…Ò√ÿ‘≤«Ú","floor":36,"turns":5},{"damage":23,"enemies":"Orb Walker","floor":38,"turns":3},{"damage":4,"enemies":"Sphere and 2 Shapes","floor":39,"turns":3},{"damage":25,"enemies":"3 Darklings","floor":44,"turns":6},{"damage":12,"enemies":"4 Shapes","floor":48,"turns":9},{"damage":141,"enemies":"Donu and Deca","floor":50,"turns":7}],"event_choices":[{"event_name":"Bonfire Elementals","player_choice":"BASIC","floor":4,"damage_taken":0},{"event_name":"The Library","player_choice":"Read","floor":19,"damage_taken":0},{"event_name":"Vampires","player_choice":"Became a vampire","floor":27,"damage_taken":0},{"event_name":"Mysterious Sphere","player_choice":"Fight","floor":36,"damage_taken":0}],"boss_relics":[{"not_picked":["Pandora\u0027s Box","Snecko Eye"],"picked":"Question Card"},{"not_picked":["Tiny House","White Beast Statue"],"picked":"Cursed Key"}],"potions_floor_spawned":[3,10,13,16,18,20,29,33,35,39,48],"seed_played":"-6563686917100331961","killed_by":"Donu and Deca","ascension_level":1,"is_trial":false}