{"gold_per_floor":[117,117,135,155,167,167,202,202,202,221,96,96,115,126,126,228,228,240,440,455,124,134,134,146,146,146,146,165,80,80,96,96,96],"floor_reached":33,"playtime":1414,"items_purged":["Strike_B","Strike_B"],"score":251,"play_id":"a24c844d-4815-4294-8091-76acc205c399","local_time":"20190317233305","is_ascension_mode":false,"campfire_choices":[{"data":"Loop","floor":6,"key":"SMITH"},{"data":"Redo","floor":8,"key":"SMITH"},{"data":"Dualcast","floor":12,"key":"SMITH"},{"data":"Static Discharge","floor":15,"key":"SMITH"},{"data":"Creative AI","floor":23,"key":"SMITH"},{"data":"Defragment","floor":25,"key":"SMITH"},{"data":"Self Repair","floor":27,"key":"SMITH"},{"data":"Hologram","floor":32,"key":"SMITH"}],"neow_cost":"NONE","seed_source_timestamp":1931868431432827,"circlet_count":0,"master_deck":["Strike_B","Strike_B","Defend_B","Defend_B","Defend_B","Defend_B","Zap+1","Dualcast+1","Forethought","Ball Lightning","Loop+1","Self Repair+1","Redo+1","Go for the Eyes","Electrodynamics","Conserve Battery","Hologram+1","Static Discharge+1","Creative AI+1","FTL","Leap","Defragment+1","Tempest+1","Hologram","Self Repair+1","Ball Lightning","Darkness"],"relics":["FrozenCore","Kunai","Juzu Bracelet","Prayer Wheel","Cables"],"potions_floor_usage":[5,16,28,33,33],"damage_taken":[{"damage":6,"enemies":"Jaw Worm","floor":1,"turns":3},{"damage":1,"enemies":"Cultist","floor":3,"turns":3},{"damage":0,"enemies":"2 Louse","floor":4,"turns":1},{"damage":3,"enemies":"Gremlin Gang","floor":5,"turns":3},{"damage":16,"enemies":"Lagavulin","floor":7,"turns":7},{"damage":10,"enemies":"Looter","floor":10,"turns":2},{"damage":4,"enemies":"Exordium Thugs","floor":13,"turns":2},{"damage":1,"enemies":"Large Slime","floor":14,"turns":4},{"damage":10,"enemies":"The Guardian","floor":16,"turns":8},{"damage":19,"enemies":"Spheric Guardian","floor":18,"turns":5},{"damage":20,"enemies":"2 Thieves","floor":20,"turns":4},{"damage":15,"enemies":"Centurion and Healer","floor":22,"turns":5},{"damage":10,"enemies":"Cultist and Chosen","floor":24,"turns":4},{"damage":12,"enemies":"3 Cultists","floor":28,"turns":2},{"damage":24,"enemies":"Sentry and Sphere","floor":31,"turns":6},{"damage":40,"enemies":"Automaton","floor":33,"turns":8}],"seed_played":"-8181431169081754303","potions_obtained":[{"floor":3,"key":"Energy Potion"},{"floor":4,"key":"Fire Potion"},{"floor":13,"key":"Dexterity Potion"},{"floor":16,"key":"FairyPotion"},{"floor":18,"key":"GamblersBrew"},{"floor":22,"key":"LiquidBronze"},{"floor":31,"key":"AttackPotion"}],"is_trial":false,"path_per_floor":["M","?","M","M","M","R","E","R","T","M","$","R","M","M","R","B",null,"M","?","M","$","M","R","M","R","T","R","M","?","?","M","R","B"],"character_chosen":"DEFECT","items_purchased":["Conserve Battery","Juzu Bracelet","Defragment"],"campfire_rested":0,"item_purchase_floors":[11,21,21],"current_hp_per_floor":[69,69,68,68,72,72,63,63,63,53,53,53,49,55,55,52,75,63,63,50,50,42,42,39,39,39,39,37,37,37,33,33,0],"gold":96,"neow_bonus":"RANDOM_COLORLESS","is_prod":false,"is_daily":false,"chose_seed":false,"campfire_upgraded":8,"win_rate":0,"timestamp":1552836785,"path_taken":["M","?","?","M","M","R","E","R","T","M","$","R","M","M","R","BOSS","M","?","?","$","M","R","M","R","T","R","M","?","?","M","R","BOSS"],"build_version":"2019-01-23","purchased_purges":2,"victory":false,"max_hp_per_floor":[75,75,75,75,75,75,75,75,75,75,75,75,75,75,75,75,75,75,75,75,75,75,75,75,75,75,75,75,75,75,75,75,75],"card_choices":[{"not_picked":["Force Field","Gash"],"picked":"Ball Lightning","floor":1},{"not_picked":["Cold Snap","Streamline"],"picked":"Loop","floor":3},{"not_picked":["Stack","Cold Snap"],"picked":"Self Repair","floor":4},{"not_picked":["Tempest","Coolheaded"],"picked":"Redo","floor":5},{"not_picked":["Reprogram","Auto Shields"],"picked":"Go for the Eyes","floor":7},{"not_picked":["Leap","Rebound"],"picked":"Electrodynamics","floor":10},{"not_picked":["FTL","Stack"],"picked":"Hologram","floor":13},{"not_picked":["Hologram","Steam"],"picked":"Static Discharge","floor":14},{"not_picked":["Buffer","Hyperbeam"],"picked":"Creative AI","floor":16},{"not_picked":["Streamline","Coolheaded"],"picked":"FTL","floor":18},{"not_picked":["Cold Snap","Gash+1"],"picked":"Leap","floor":20},{"not_picked":["Sweeping Beam+1","Conserve Battery+1"],"picked":"Tempest+1","floor":22},{"not_picked":["Rebound","Lockon"],"picked":"Hologram","floor":24},{"not_picked":["Reprogram","Loop"],"picked":"Self Repair","floor":28},{"not_picked":["Stack","Cold Snap"],"picked":"Ball Lightning","floor":28},{"not_picked":["Conserve Battery","Rebound+1"],"picked":"Darkness","floor":31},{"not_picked":["Redo","Sweeping Beam","Barrage"],"picked":"SKIP","floor":31}],"player_experience":868084,"relics_obtained":[{"floor":7,"key":"Kunai"},{"floor":26,"key":"Prayer Wheel"}],"event_choices":[{"damage_healed":0,"gold_gain":0,"player_choice":"Upgraded","damage_taken":0,"max_hp_gain":0,"max_hp_loss":0,"event_name":"Upgrade Shrine","floor":2,"gold_loss":0,"cards_upgraded":["Zap"]},{"damage_healed":0,"gold_gain":200,"player_choice":"Gold","damage_taken":0,"max_hp_gain":0,"max_hp_loss":0,"event_name":"Wheel of Change","floor":19,"gold_loss":0},{"damage_healed":0,"gold_gain":0,"player_choice":"Obtained Relic","damage_taken":0,"relics_obtained":["Cables"],"max_hp_gain":0,"max_hp_loss":0,"event_name":"Addict","floor":29,"gold_loss":85},{"damage_healed":0,"gold_gain":0,"player_choice":"Upgraded","damage_taken":0,"max_hp_gain":0,"max_hp_loss":0,"event_name":"Upgrade Shrine","floor":30,"gold_loss":0,"cards_upgraded":["Self Repair"]}],"is_beta":false,"boss_relics":[{"not_picked":["Velvet Choker","Calling Bell"],"picked":"FrozenCore"}],"items_purged_floors":[11,21],"is_endless":false,"potions_floor_spawned":[3,4,13,16,18,22,24,31],"killed_by":"Automaton","ascension_level":0}