{"gold_per_floor":[164,177,196,211,211,211,226,238,238,238,255,281,281,300,300,405,405,374,17,17],"floor_reached":20,"playtime":1142,"items_purged":["Regret"],"score":196,"play_id":"70ca963f-e3f6-4d3c-a459-16aaa554c62a","local_time":"20181111161110","is_ascension_mode":true,"campfire_choices":[{"data":"Neutralize","floor":10,"key":"SMITH"},{"floor":13,"key":"REST"},{"floor":15,"key":"REST"}],"neow_cost":"NONE","seed_source_timestamp":2710526597751000,"circlet_count":0,"master_deck":["Defend_G","Defend_G","Defend_G","Defend_G","Defend_G","Strike_G","Strike_G+1","Strike_G","Strike_G","Strike_G+1","Survivor","Neutralize+1","Dodge and Roll","Burst","Quick Slash","Dagger Spray","Neutralize","Deflect","Acrobatics","Underhanded Strike+1","Backflip","Flying Knee","Bullet Time","Writhe","Parasite","Backflip","Blur"],"relics":["Tiny House","The Courier","Dream Catcher","Calling Bell","Happy Flower","Shuriken","Incense Burner","Omamori","Whetstone"],"potions_floor_usage":[4,12,16],"damage_taken":[{"damage":2,"enemies":"Small Slimes","floor":1,"turns":6},{"damage":0,"enemies":"Jaw Worm","floor":2,"turns":4},{"damage":4,"enemies":"Cultist","floor":3,"turns":6},{"damage":7,"enemies":"Exordium Thugs","floor":4,"turns":8},{"damage":14,"enemies":"Large Slime","floor":7,"turns":8},{"damage":7,"enemies":"3 Louse","floor":8,"turns":5},{"damage":8,"enemies":"Exordium Wildlife","floor":11,"turns":5},{"damage":19,"enemies":"Lagavulin","floor":12,"turns":7},{"damage":1,"enemies":"Blue Slaver","floor":14,"turns":5},{"damage":50,"enemies":"Slime Boss","floor":16,"turns":14},{"damage":37,"enemies":"2 Thieves","floor":18,"turns":5},{"damage":57,"enemies":"Chosen","floor":20,"turns":6}],"seed_played":"-4141388152249414915","potions_obtained":[{"floor":0,"key":"SmokeBomb"},{"floor":2,"key":"Ancient Potion"},{"floor":3,"key":"Explosive Potion"},{"floor":8,"key":"PowerPotion"},{"floor":11,"key":"Fire Potion"}],"is_trial":false,"path_per_floor":["M","M","M","M","?","?","M","M","T","R","M","E","R","M","R","B",null,"M","$","M"],"character_chosen":"THE_SILENT","items_purchased":["Blur","Omamori","Whetstone"],"campfire_rested":2,"item_purchase_floors":[19,19,19],"current_hp_per_floor":[73,73,69,62,62,62,48,41,41,41,33,14,36,35,57,7,75,38,38,0],"gold":17,"neow_bonus":"BOSS_RELIC","is_prod":false,"is_daily":false,"chose_seed":false,"campfire_upgraded":1,"win_rate":0,"timestamp":1541949070,"path_taken":["M","M","M","M","?","?","?","M","T","R","M","E","R","M","R","BOSS","M","$","M"],"build_version":"2018-11-08","purchased_purges":1,"victory":false,"max_hp_per_floor":[75,75,75,75,75,75,75,75,75,75,75,75,75,75,75,75,75,75,75,75],"card_choices":[{"not_picked":["Prepared","Bane"],"picked":"Dodge and Roll","floor":0},{"not_picked":["Outmaneuver","Deflect"],"picked":"Burst","floor":1},{"not_picked":["Skewer","Flechettes"],"picked":"Quick Slash","floor":2},{"not_picked":["Distraction","Dagger Throw"],"picked":"Dagger Spray","floor":3},{"not_picked":["Endless Agony","Deadly Poison","Expertise"],"picked":"SKIP","floor":4},{"not_picked":["Expertise","Bane"],"picked":"Deflect","floor":7},{"not_picked":["Outmaneuver","Deadly Poison","Slice"],"picked":"SKIP","floor":8},{"not_picked":["Bane","Eviscerate"],"picked":"Acrobatics","floor":11},{"not_picked":["Skewer","Slice"],"picked":"Underhanded Strike","floor":12},{"not_picked":["PiercingWail","Bane"],"picked":"Backflip","floor":14},{"not_picked":["Slice","Riddle With Holes"],"picked":"Flying Knee","floor":15},{"not_picked":["Doppelganger","Corpse Explosion"],"picked":"Bullet Time","floor":16},{"not_picked":["Endless Agony+1","Predator"],"picked":"Backflip","floor":18}],"player_experience":198330,"relics_obtained":[{"floor":9,"key":"The Courier"},{"floor":12,"key":"Dream Catcher"},{"floor":17,"key":"Happy Flower"},{"floor":17,"key":"Shuriken"},{"floor":17,"key":"Incense Burner"}],"event_choices":[{"damage_healed":0,"gold_gain":0,"player_choice":"Ignored","damage_taken":0,"max_hp_gain":0,"max_hp_loss":0,"event_name":"Liars Game","floor":5,"gold_loss":0},{"damage_healed":0,"gold_gain":0,"player_choice":"1 cards matched","damage_taken":0,"max_hp_gain":0,"max_hp_loss":0,"event_name":"Match and Keep!","floor":6,"gold_loss":0,"cards_obtained":["Neutralize"]}],"is_beta":false,"boss_relics":[{"not_picked":["Fusion Hammer","Busted Crown"],"picked":"Calling Bell"}],"items_purged_floors":[19],"is_endless":false,"potions_floor_spawned":[2,3,8,11],"killed_by":"Chosen","ascension_level":2}