{"gold_per_floor":[19,30,49,124,27,27,56,69,69,69,100,115,115,130,130,260,260,275,311,311,325,325,356,356,387,387,387,387,449,449,462,462,565,565,583,433,443,493,506,541,511,542,542,552,774,799,799,814,814,814],"floor_reached":51,"playtime":3514,"items_purged":[],"score":1064,"play_id":"d62f851c-6e22-4c32-9b50-cebd34ae5861","local_time":"20190318141740","is_ascension_mode":true,"campfire_choices":[{"data":"Armaments","floor":6.0,"key":"SMITH"},{"floor":13.0,"key":"REST"},{"floor":15.0,"key":"REST"},{"data":"Perfected Strike","floor":24.0,"key":"SMITH"},{"floor":30.0,"key":"REST"},{"floor":32.0,"key":"REST"},{"data":"Shockwave","floor":47,"key":"SMITH"},{"data":"Perfected Strike","floor":49,"key":"SMITH"}],"neow_cost":"NO_GOLD","seed_source_timestamp":494068006072368,"circlet_count":0,"master_deck":["Strike_R","Strike_R","Strike_R","Strike_R","Strike_R","Defend_R","Defend_R","Defend_R","Defend_R","Bash","Armaments+1","Perfected Strike+1","Pommel Strike","Perfected Strike+1","Shockwave+1","Evolve","Perfected Strike","Battle Trance","Iron Wave","True Grit"],"special_seed":0,"relics":["Burning Blood","Ancient Tea Set","Self Forming Clay","Bloody Idol","Champion Belt","Busted Crown","Red Mask","MutagenicStrength","Red Skull","Sundial","Charon\u0027s Ashes","Tiny Chest","Snecko Eye","PreservedInsect","Pen Nib","Pocketwatch","Unceasing Top","Paper Frog","Bag of Marbles"],"potions_floor_usage":[50,50,50],"damage_taken":[{"damage":1.0,"enemies":"Cultist","floor":1.0,"turns":3.0},{"damage":13.0,"enemies":"2 Louse","floor":2.0,"turns":3.0},{"damage":9.0,"enemies":"Jaw Worm","floor":3.0,"turns":3.0},{"damage":45.0,"enemies":"3 Sentries","floor":7.0,"turns":8.0},{"damage":4.0,"enemies":"Large Slime","floor":8.0,"turns":6.0},{"damage":16.0,"enemies":"Gremlin Nob","floor":11.0,"turns":3.0},{"damage":8.0,"enemies":"3 Louse","floor":12.0,"turns":4.0},{"damage":2.0,"enemies":"2 Fungi Beasts","floor":14.0,"turns":2.0},{"damage":25.0,"enemies":"The Guardian","floor":16.0,"turns":7.0},{"damage":0.0,"enemies":"Chosen","floor":18.0,"turns":4.0},{"damage":31.0,"enemies":"Masked Bandits","floor":19.0,"turns":5.0},{"damage":7.0,"enemies":"3 Byrds","floor":21.0,"turns":4.0},{"damage":5.0,"enemies":"Slavers","floor":23.0,"turns":5.0},{"damage":48.0,"enemies":"Gremlin Leader","floor":25.0,"turns":6.0},{"damage":12.0,"enemies":"Book of Stabbing","floor":29.0,"turns":5.0},{"damage":5.0,"enemies":"Centurion and Healer","floor":31.0,"turns":3.0},{"damage":79.0,"enemies":"Automaton","floor":33.0,"turns":10.0},{"damage":0.0,"enemies":"Orb Walker","floor":35.0,"turns":2.0},{"damage":8.0,"enemies":"3 Darklings","floor":37.0,"turns":3.0},{"damage":24.0,"enemies":"4 Shapes","floor":39.0,"turns":3.0},{"damage":4.0,"enemies":"Giant Head","floor":40.0,"turns":5.0},{"damage":17.0,"enemies":"Nemesis","floor":42.0,"turns":3.0},{"damage":13.0,"enemies":"Sphere and 2 Shapes","floor":44.0,"turns":4.0},{"damage":0,"enemies":"Reptomancer","floor":46,"turns":1},{"damage":8,"enemies":"Spire Growth","floor":48,"turns":2},{"damage":33,"enemies":"Awakened One","floor":50,"turns":11}],"seed_played":"4619498349355041888","potions_obtained":[{"floor":3.0,"key":"GamblersBrew"},{"floor":11.0,"key":"LiquidBronze"},{"floor":12.0,"key":"Fire Potion"},{"floor":14.0,"key":"Poison Potion"},{"floor":16.0,"key":"Energy Potion"},{"floor":18.0,"key":"Swift Potion"},{"floor":28.0,"key":"Regen Potion"},{"floor":28.0,"key":"PowerPotion"},{"floor":29.0,"key":"Dexterity Potion"},{"floor":35.0,"key":"SpeedPotion"},{"floor":39.0,"key":"GamblersBrew"},{"floor":41.0,"key":"Ancient Potion"},{"floor":42.0,"key":"Ancient Potion"}],"is_trial":false,"path_per_floor":["M","M","M","?","$","R","E","M","T","?","E","M","R","M","R","B",null,"M","?","?","M","?","E","R","E","T","?","?","E","R","M","R","B",null,"M","$","M","T","M","E","?","E","T","M","?","E","R","M","R","B",null],"character_chosen":"IRONCLAD","items_purchased":["Perfected Strike","Shockwave","PreservedInsect"],"campfire_rested":4,"item_purchase_floors":[5,5,36],"current_hp_per_floor":[96,89,86,75,75,75,36,38,38,38,28,26,52,56,82,63,89,89,64,64,63,63,64,64,22,22,22,22,31,57,63,89,21,89,89,89,89,89,76,83,83,77,77,75,80,89,89,89,89,62],"gold":814,"neow_bonus":"TWENTY_PERCENT_HP_BONUS","is_prod":false,"is_daily":false,"chose_seed":false,"campfire_upgraded":4,"win_rate":0,"timestamp":1552936660,"path_taken":["M","M","M","?","$","R","E","M","T","?","E","M","R","M","R","BOSS","M","?","?","M","?","E","R","E","T","?","?","E","R","M","R","BOSS","M","$","M","?","M","E","?","E","T","?","?","E","R","M","R","BOSS"],"build_version":"2019-01-23","purchased_purges":0,"victory":true,"max_hp_per_floor":[96,96,96,96,96,96,96,96,96,89,89,89,89,89,89,89,89,89,89,89,89,89,89,89,89,89,89,89,89,89,89,89,89,89,89,89,89,89,89,89,89,89,89,89,89,89,89,89,89,89],"card_choices":[{"not_picked":["Wild Strike","Cleave"],"picked":"Armaments","floor":1.0},{"not_picked":["Bloodletting","Armaments"],"picked":"Perfected Strike","floor":2.0},{"not_picked":["Iron Wave","True Grit"],"picked":"Pommel Strike","floor":3.0},{"not_picked":["Feed","Armaments"],"picked":"Evolve","floor":7.0},{"not_picked":["Clash","Body Slam"],"picked":"Perfected Strike","floor":8.0},{"not_picked":["Headbutt","Anger"],"picked":"Battle Trance","floor":11.0},{"not_picked":["Rupture","Armaments"],"picked":"Iron Wave","floor":12.0},{"not_picked":["Combust","Blood for Blood","Corruption"],"picked":"SKIP","floor":14.0},{"not_picked":["Carnage"],"picked":"SKIP","floor":18.0},{"not_picked":["Entrench"],"picked":"SKIP","floor":21.0},{"not_picked":["Entrench"],"picked":"SKIP","floor":21.0},{"not_picked":["Thunderclap"],"picked":"SKIP","floor":23.0},{"not_picked":[],"picked":"True Grit","floor":25.0},{"not_picked":["Hemokinesis"],"picked":"SKIP","floor":29.0},{"not_picked":["Anger"],"picked":"SKIP","floor":31.0},{"not_picked":["True Grit"],"picked":"SKIP","floor":35.0},{"not_picked":["Combust"],"picked":"SKIP","floor":37.0},{"not_picked":["Clash+1"],"picked":"SKIP","floor":39.0},{"not_picked":["Clash+1"],"picked":"SKIP","floor":39.0},{"not_picked":["Clash+1"],"picked":"SKIP","floor":39.0},{"not_picked":["Clash"],"picked":"SKIP","floor":40.0},{"not_picked":["Anger+1"],"picked":"SKIP","floor":42.0},{"not_picked":["Anger+1"],"picked":"SKIP","floor":42.0},{"not_picked":["Sever Soul"],"picked":"SKIP","floor":44.0},{"not_picked":["Sever Soul"],"picked":"SKIP","floor":44.0},{"not_picked":["Clothesline+1"],"picked":"SKIP","floor":46},{"not_picked":["Clothesline"],"picked":"SKIP","floor":48}],"player_experience":294530,"relics_obtained":[{"floor":7.0,"key":"Ancient Tea Set"},{"floor":9.0,"key":"Self Forming Clay"},{"floor":11.0,"key":"Champion Belt"},{"floor":19.0,"key":"Red Mask"},{"floor":23.0,"key":"Red Skull"},{"floor":25.0,"key":"Sundial"},{"floor":26.0,"key":"Charon\u0027s Ashes"},{"floor":29.0,"key":"Tiny Chest"},{"floor":38.0,"key":"Pen Nib"},{"floor":40.0,"key":"Pocketwatch"},{"floor":42.0,"key":"Unceasing Top"},{"floor":43.0,"key":"Paper Frog"},{"floor":46,"key":"Bag of Marbles"}],"event_choices":[{"damage_healed":0.0,"max_hp_gain":0.0,"max_hp_loss":0.0,"gold_gain":75.0,"event_name":"World of Goop","player_choice":"Gather Gold","floor":4.0,"gold_loss":0.0,"damage_taken":11.0},{"damage_healed":0.0,"max_hp_gain":0.0,"max_hp_loss":7.0,"gold_gain":0.0,"event_name":"Golden Idol","player_choice":"Lose Max HP","floor":10.0,"gold_loss":0.0,"damage_taken":0.0,"relics_obtained":["Golden Idol"]},{"damage_healed":0.0,"max_hp_gain":0.0,"max_hp_loss":0.0,"gold_gain":0.0,"event_name":"Masked Bandits","player_choice":"Fought Bandits","floor":19.0,"gold_loss":0.0,"damage_taken":0.0},{"damage_healed":0.0,"max_hp_gain":0.0,"max_hp_loss":0.0,"gold_gain":0.0,"event_name":"Drug Dealer","player_choice":"Inject Mutagens","floor":20.0,"gold_loss":0.0,"damage_taken":0.0,"relics_obtained":["MutagenicStrength"]},{"damage_healed":0.0,"max_hp_gain":0.0,"max_hp_loss":0.0,"gold_gain":0.0,"event_name":"Ghosts","player_choice":"Ignored","floor":22.0,"gold_loss":0.0,"damage_taken":0.0},{"damage_healed":0.0,"max_hp_gain":0.0,"max_hp_loss":0.0,"gold_gain":0.0,"event_name":"Forgotten Altar","player_choice":"Gave Idol","floor":27.0,"relics_lost":["Golden Idol"],"gold_loss":0.0,"damage_taken":0.0,"relics_obtained":["Bloody Idol"]},{"damage_healed":0.0,"max_hp_gain":0.0,"max_hp_loss":0.0,"gold_gain":0.0,"event_name":"Lab","player_choice":"Got Potions","floor":28.0,"gold_loss":0.0,"damage_taken":0.0},{"damage_healed":0.0,"max_hp_gain":0.0,"max_hp_loss":0.0,"gold_gain":0.0,"event_name":"The Woman in Blue","player_choice":"Bought 2 Potions","floor":41.0,"gold_loss":0.0,"damage_taken":0.0},{"damage_healed":0.0,"max_hp_gain":0.0,"max_hp_loss":0.0,"gold_gain":222.0,"event_name":"Tomb of Lord Red Mask","player_choice":"Wore Mask","floor":45.0,"gold_loss":0.0,"damage_taken":0.0}],"is_beta":false,"boss_relics":[{"not_picked":["Ectoplasm","Pandora\u0027s Box"],"picked":"Busted Crown"},{"not_picked":["Coffee Dripper","Lizard Tail"],"picked":"Snecko Eye"}],"items_purged_floors":[],"is_endless":false,"potions_floor_spawned":[3,11,12,14,16,18,19,29,35,39,42,44,46],"ascension_level":4}