{"path_per_floor":["M","?","$","M","?","R","M","M","T","R","E","M","R","M","R","B",null,"M","$","?","M","?","R","M","R","T","M","M","?","M"],"character_chosen":"IRONCLAD","items_purchased":["Inflame","Panacea","Inflame","Seeing Red","Cleave"],"gold_per_floor":[213,213,47,60,60,60,75,86,86,86,111,129,129,140,140,240,240,254,20,0,10,10,10,29,29,29,48,60,60,74,74],"floor_reached":31,"campfire_rested":1,"playtime":963,"current_hp_per_floor":[80,80,80,80,80,80,73,70,70,70,63,49,49,44,44,18,80,72,72,72,58,58,58,31,55,55,50,37,37,15,7],"items_purged":["Strike_R"],"gold":74,"score":239,"play_id":"67ef4d0d-631e-41ac-b1b7-20dd43f3459f","local_time":"20180517225932","is_prod":false,"is_daily":false,"chose_seed":false,"is_ascension_mode":false,"campfire_upgraded":5,"timestamp":1526569172,"path_taken":["M","?","$","M","?","R","M","M","T","R","E","?","R","M","R","BOSS","M","$","?","M","?","R","?","R","T","M","M","?","M","M"],"build_version":"2018-05-10","seed_source_timestamp":15548821683843,"purchased_purges":1,"victory":false,"master_deck":["Strike_R","Strike_R","Strike_R","Strike_R","Defend_R","Defend_R","Defend_R","Defend_R","Bash+1","Headbutt","Inflame+1","Panacea+1","Sword Boomerang","Inflame+1","Twin Strike","Sword Boomerang","Exhume","Seeing Red+1","Inflame","Seeing Red","Cleave","Armaments+1","Sword Boomerang","Iron Wave+1","Flex+1"],"max_hp_per_floor":[80,80,80,80,80,80,80,80,80,80,80,80,80,80,80,80,80,80,80,80,80,80,80,80,80,80,80,80,80,80,80],"relics":["Black Blood"],"card_choices":[{"not_picked":["Sword Boomerang","Havoc"],"picked":"Headbutt","floor":1},{"not_picked":["Heavy Blade","Havoc"],"picked":"Sword Boomerang","floor":4},{"not_picked":["Wild Strike","Corruption"],"picked":"Inflame","floor":7},{"not_picked":["Intimidate","Havoc"],"picked":"Twin Strike","floor":12},{"not_picked":["Havoc","Fiend Fire"],"picked":"Sword Boomerang","floor":14},{"not_picked":["Fiend Fire","Berserk"],"picked":"Exhume","floor":16},{"not_picked":["Clash","Body Slam"],"picked":"Seeing Red","floor":18},{"not_picked":["Seeing Red","Searing Blow"],"picked":"Armaments","floor":21},{"not_picked":["Perfected Strike","Shockwave"],"picked":"Sword Boomerang","floor":24},{"not_picked":["Havoc","Clothesline"],"picked":"Iron Wave","floor":27},{"not_picked":["Thunderclap","Feel No Pain"],"picked":"Flex","floor":28}],"player_experience":635602,"potions_floor_usage":[16,18,21,24,31],"damage_taken":[{"damage":1,"enemies":"Cultist","floor":1,"turns":3},{"damage":5,"enemies":"2 Louse","floor":4,"turns":2},{"damage":13,"enemies":"Jaw Worm","floor":7,"turns":3},{"damage":9,"enemies":"Blue Slaver","floor":8,"turns":3},{"damage":13,"enemies":"Lagavulin","floor":11,"turns":5},{"damage":20,"enemies":"Exordium Thugs","floor":12,"turns":5},{"damage":11,"enemies":"Exordium Wildlife","floor":14,"turns":3},{"damage":32,"enemies":"The Guardian","floor":16,"turns":8},{"damage":18,"enemies":"Shell Parasite","floor":18,"turns":4},{"damage":32,"enemies":"3 Byrds","floor":21,"turns":4},{"damage":37,"enemies":"Slaver and Parasite","floor":24,"turns":5},{"damage":15,"enemies":"Snecko","floor":27,"turns":4},{"damage":23,"enemies":"3 Cultists","floor":28,"turns":5},{"damage":32,"enemies":"Centurion and Healer","floor":30,"turns":3},{"damage":8,"enemies":"Slaver and Parasite","floor":31,"turns":3}],"event_choices":[{"event_name":"Scrap Ooze","player_choice":"unsuccessful","floor":2,"damage_taken":0},{"event_name":"Golden Idol","player_choice":"Ignored","floor":5,"damage_taken":0},{"event_name":"Masked Bandits","player_choice":"Paid Bandits 20 gold","floor":20,"damage_taken":0},{"event_name":"The Mausoleum","player_choice":"No","floor":22,"damage_taken":0},{"event_name":"Drug Dealer","player_choice":"Ignored","floor":29,"damage_taken":0}],"boss_relics":[{"not_picked":["Lizard Tail","Tiny House"],"picked":"Black Blood"}],"potions_floor_spawned":[4,11,14,16,18,24,30],"seed_played":"6959465863533438114","killed_by":"Slaver and Parasite","ascension_level":0,"is_trial":false}