{"gold_per_floor":[109,109,59,84,259,259,259,259,340,340,17,33,33,52,52,182,182,205,205,205,22,22,22,42,66,91,91,91,91,163,188,188,313,313,329,329,329,349,210,210,210,210,210,210,231,59,59,59],"floor_reached":48,"playtime":2575,"items_purged":["Strike_G","Regret","Doubt"],"score":499,"play_id":"e8ef86da-7e38-4af4-8313-574a9ecdb45c","local_time":"20190407212111","is_ascension_mode":true,"campfire_choices":[{"data":"Dagger Spray","floor":6,"key":"SMITH"},{"data":"Deadly Poison","floor":13,"key":"SMITH"},{"data":"Deadly Poison","floor":15,"key":"SMITH"},{"floor":27,"key":"REST"},{"floor":29,"key":"REST"},{"data":"Thinking Ahead","floor":32,"key":"SMITH"},{"data":"RitualDagger","floor":40,"key":"SMITH"},{"data":"Calculated Gamble","floor":44,"key":"SMITH"},{"floor":47,"key":"REST"}],"neow_cost":"NONE","seed_source_timestamp":104545457490558,"circlet_count":0,"master_deck":["Defend_G","Defend_G","Defend_G","Defend_G","Strike_G","Survivor","Neutralize+1","Dagger Spray+1","Flying Knee","Bane","Deadly Poison+1","Deadly Poison+1","Burst","After Image","Well Laid Plans","Poisoned Stab","Deflect+1","Thinking Ahead+1","RitualDagger+1","Backflip","Prepared","Terror","Noxious Fumes","Flying Knee+1","Night Terror","Poisoned Stab+1","Expertise+1","Calculated Gamble+1","Backstab+1","Panacea"],"relics":["Ring of the Snake","Golden Idol","PreservedInsect","Mercury Hourglass","Orrery","Nilry\u0027s Codex","Art of War","Pear","Cursed Key","Singing Bowl","The Courier"],"potions_floor_usage":[16,33,33],"damage_taken":[{"damage":5,"enemies":"Cultist","floor":1,"turns":5},{"damage":0,"enemies":"2 Louse","floor":4,"turns":2},{"damage":0,"enemies":"Small Slimes","floor":12,"turns":2},{"damage":0,"enemies":"2 Fungi Beasts","floor":14,"turns":2},{"damage":12,"enemies":"The Guardian","floor":16,"turns":8},{"damage":5,"enemies":"Chosen","floor":18,"turns":3},{"damage":22,"enemies":"2 Thieves","floor":24,"turns":4},{"damage":14,"enemies":"Snecko","floor":25,"turns":6},{"damage":19,"enemies":"Centurion and Healer","floor":31,"turns":7},{"damage":30,"enemies":"Collector","floor":33,"turns":9},{"damage":8,"enemies":"3 Shapes","floor":35,"turns":3},{"damage":22,"enemies":"3 Darklings","floor":38,"turns":5},{"damage":45,"enemies":"Transient","floor":45,"turns":5},{"damage":29,"enemies":"Sphere and 2 Shapes","floor":48,"turns":3}],"seed_played":"9021926878790053268","potions_obtained":[{"floor":4,"key":"Ancient Potion"},{"floor":14,"key":"Regen Potion"},{"floor":24,"key":"Dexterity Potion"},{"floor":25,"key":"GhostInAJar"},{"floor":38,"key":"Weak Potion"}],"is_trial":false,"path_per_floor":["M","?","?","M","?","R","?","?","T","?","$","M","R","M","R","B",null,"M","?","?","$","?","$","M","M","T","R","?","R","T","M","R","B",null,"M","?","T","M","$","R","?","?","T","R","M","$","R","M"],"character_chosen":"THE_SILENT","items_purchased":["Mercury Hourglass","Thinking Ahead","Calculated Gamble","Panacea"],"campfire_rested":3,"item_purchase_floors":[11,21,39,46],"current_hp_per_floor":[65,65,65,65,65,65,53,53,53,46,46,46,46,46,46,49,70,65,49,49,49,43,43,21,7,7,28,28,49,59,40,40,10,80,72,72,72,50,50,50,50,50,50,50,5,5,29,0],"gold":59,"neow_bonus":"UPGRADE_CARD","is_prod":false,"is_daily":false,"chose_seed":false,"campfire_upgraded":6,"win_rate":0,"timestamp":1554643271,"path_taken":["M","?","?","M","?","R","?","?","T","?","$","M","R","M","R","BOSS","M","?","?","?","?","?","M","?","T","R","?","R","?","M","R","BOSS","M","?","?","M","$","R","?","?","T","R","M","$","R","M"],"build_version":"2019-01-23","purchased_purges":3,"victory":false,"max_hp_per_floor":[70,70,70,70,70,70,70,70,70,70,70,70,70,70,70,70,70,70,70,70,70,70,70,70,70,70,70,70,70,80,80,80,80,80,80,80,80,80,80,80,80,80,80,80,80,80,80,80],"card_choices":[{"not_picked":["Underhanded Strike","Flying Knee"],"picked":"Dagger Spray","floor":1},{"not_picked":["Outmaneuver","Backflip"],"picked":"Flying Knee","floor":4},{"not_picked":["Blade Dance","Endless Agony"],"picked":"Deadly Poison","floor":12},{"not_picked":["Deflect","Bane"],"picked":"Deadly Poison","floor":14},{"not_picked":["Malaise","Bullet Time"],"picked":"Burst","floor":16},{"not_picked":["PiercingWail","Sucker Punch"],"picked":"After Image","floor":17},{"not_picked":["Underhanded Strike","Prepared"],"picked":"Well Laid Plans","floor":17},{"not_picked":["Sucker Punch","Dodge and Roll"],"picked":"Poisoned Stab","floor":17},{"not_picked":["Backflip","Slice"],"picked":"Deflect+1","floor":18},{"not_picked":["Poisoned Stab","Cloak And Dagger+1"],"picked":"Backflip","floor":24},{"not_picked":["Bullet Time","Well Laid Plans"],"picked":"Prepared","floor":25},{"not_picked":["Endless Agony","Backflip"],"picked":"Flying Knee+1","floor":31},{"not_picked":["Grand Finale","Malaise"],"picked":"Night Terror","floor":33},{"not_picked":["Concentrate","Riddle With Holes+1"],"picked":"Poisoned Stab+1","floor":35},{"not_picked":["PiercingWail","Prepared"],"picked":"Expertise+1","floor":38},{"not_picked":["Dagger Throw","Tactician"],"picked":"Backstab+1","floor":45}],"player_experience":944917,"relics_obtained":[{"floor":19,"key":"Nilry\u0027s Codex"},{"floor":26,"key":"Art of War"},{"floor":30,"key":"Pear"},{"floor":37,"key":"Singing Bowl"},{"floor":43,"key":"The Courier"}],"event_choices":[{"damage_healed":0,"gold_gain":0,"player_choice":"Take Wound","damage_taken":0,"relics_obtained":["Golden Idol"],"max_hp_gain":0,"max_hp_loss":0,"event_name":"Golden Idol","floor":2,"gold_loss":0,"cards_obtained":["Injury"]},{"cards_removed":["Injury"],"damage_healed":0,"gold_gain":0,"player_choice":"Card Removal","damage_taken":0,"max_hp_gain":0,"max_hp_loss":0,"event_name":"The Cleric","floor":3,"gold_loss":50},{"damage_healed":0,"gold_gain":175,"player_choice":"AGREE","damage_taken":0,"max_hp_gain":0,"max_hp_loss":0,"event_name":"Liars Game","floor":5,"gold_loss":0,"cards_obtained":["Doubt"]},{"damage_healed":0,"gold_gain":0,"player_choice":"Success","damage_taken":12,"relics_obtained":["PreservedInsect"],"max_hp_gain":0,"max_hp_loss":0,"event_name":"Scrap Ooze","floor":7,"gold_loss":0},{"damage_healed":0,"gold_gain":0,"cards_transformed":["Strike_G"],"player_choice":"Change","damage_taken":0,"max_hp_gain":0,"max_hp_loss":0,"event_name":"Living Wall","floor":8,"gold_loss":0,"cards_obtained":["Bane"]},{"cards_removed":["Doubt"],"damage_healed":0,"gold_gain":0,"player_choice":"Card Removal","damage_taken":7,"max_hp_gain":0,"max_hp_loss":0,"event_name":"Golden Wing","floor":10,"gold_loss":0},{"damage_healed":0,"gold_gain":0,"player_choice":"Obtained Book","damage_taken":16,"max_hp_gain":0,"max_hp_loss":0,"event_name":"Cursed Tome","floor":19,"gold_loss":0},{"damage_healed":0,"gold_gain":0,"player_choice":"Ignored","damage_taken":0,"max_hp_gain":0,"max_hp_loss":0,"event_name":"Vampires","floor":20,"gold_loss":0},{"damage_healed":0,"gold_gain":0,"player_choice":"Joined the Cult","damage_taken":6,"max_hp_gain":0,"max_hp_loss":0,"event_name":"Nest","floor":22,"gold_loss":0,"cards_obtained":["RitualDagger"]},{"damage_healed":0,"gold_gain":0,"cards_transformed":["Strike_G","Strike_G"],"player_choice":"Became Test Subject","damage_taken":0,"max_hp_gain":0,"max_hp_loss":0,"event_name":"Drug Dealer","floor":28,"gold_loss":0,"cards_obtained":["Terror","Noxious Fumes"]},{"damage_healed":0,"gold_gain":0,"player_choice":"Ignored","damage_taken":0,"max_hp_gain":0,"max_hp_loss":0,"event_name":"Tomb of Lord Red Mask","floor":36,"gold_loss":0},{"cards_removed":["Defend_G"],"damage_healed":0,"gold_gain":0,"player_choice":"Removed Skill","damage_taken":0,"max_hp_gain":0,"max_hp_loss":0,"event_name":"Falling","floor":41,"gold_loss":0},{"damage_healed":0,"gold_gain":0,"player_choice":"Ignored","damage_taken":0,"max_hp_gain":0,"max_hp_loss":0,"event_name":"Mysterious Sphere","floor":42,"gold_loss":0}],"is_beta":false,"boss_relics":[{"not_picked":["Eternal Feather","Tiny House"],"picked":"Orrery"},{"not_picked":["Calling Bell","WristBlade"],"picked":"Cursed Key"}],"items_purged_floors":[11,39,46],"is_endless":false,"potions_floor_spawned":[4,14,24,25,38],"killed_by":"Sphere and 2 Shapes","ascension_level":3}