{"gold_per_floor":[114,79,93,93,93,118,118,143,143,174,58,58,74,88,88,190,190,209,8,283,43,56,89,101,113,171,196,208,268,20,33,33,33],"floor_reached":33,"playtime":1448,"items_purged":["Regret"],"score":522,"play_id":"6bf10994-5c9f-4760-8337-e5b09b7a34b5","local_time":"20190203174836","is_ascension_mode":true,"campfire_choices":[{"data":"Neutralize","floor":7,"key":"SMITH"},{"data":"Footwork","floor":12,"key":"SMITH"},{"data":"Skewer","floor":15,"key":"SMITH"},{"data":"Adrenaline","floor":24,"key":"SMITH"},{"floor":28,"key":"REST"},{"floor":32,"key":"REST"}],"neow_cost":"NONE","seed_source_timestamp":870682229449900,"circlet_count":0,"master_deck":["AscendersBane","Defend_G","Defend_G+1","Defend_G","Defend_G+1","Defend_G","Strike_G","Strike_G","Strike_G","Strike_G","Survivor","Neutralize+1","Deadly Poison","Footwork+1","Skewer+1","Adrenaline+1","Crippling Poison","Leg Sweep","Dagger Spray","Leg Sweep","Bane","Burst","Terror","HandOfGreed","Bouncing Flask","Glass Knife","Bouncing Flask","Well Laid Plans"],"relics":["Ring of the Serpent","NeowsBlessing","Singing Bowl","Bottled Flame","Orichalcum","Bronze Scales","Bottled Lightning","TwistedFunnel","MawBank","Lantern","War Paint","Snake Skull"],"potions_floor_usage":[10,16,16,23,23,29,33],"damage_taken":[{"damage":0,"enemies":"Cultist","floor":1,"turns":1},{"damage":0,"enemies":"Jaw Worm","floor":3,"turns":1},{"damage":0,"enemies":"Gremlin Nob","floor":6,"turns":1},{"damage":12,"enemies":"3 Sentries","floor":8,"turns":14},{"damage":19,"enemies":"Gremlin Nob","floor":10,"turns":4},{"damage":0,"enemies":"2 Louse","floor":13,"turns":2},{"damage":4,"enemies":"Exordium Thugs","floor":14,"turns":4},{"damage":2,"enemies":"Slime Boss","floor":16,"turns":10},{"damage":2,"enemies":"Chosen","floor":18,"turns":5},{"damage":0,"enemies":"3 Byrds","floor":22,"turns":2},{"damage":25,"enemies":"Book of Stabbing","floor":23,"turns":7},{"damage":7,"enemies":"Centurion and Healer","floor":27,"turns":6},{"damage":41,"enemies":"Gremlin Leader","floor":29,"turns":7},{"damage":0,"enemies":"Snecko","floor":31,"turns":3},{"damage":69,"enemies":"Automaton","floor":33,"turns":12}],"seed_played":"-1798139393452981790","potions_obtained":[{"floor":3,"key":"Strength Potion"},{"floor":10,"key":"Dexterity Potion"},{"floor":13,"key":"Block Potion"},{"floor":14,"key":"SteroidPotion"},{"floor":16,"key":"PowerPotion"},{"floor":18,"key":"Strength Potion"},{"floor":27,"key":"Poison Potion"},{"floor":31,"key":"Regen Potion"}],"is_trial":false,"path_per_floor":["M","$","M","T","?","E","R","E","T","E","$","R","M","M","R","B",null,"M","$","?","$","M","E","R","$","T","M","R","E","$","M","R","B"],"character_chosen":"THE_SILENT","items_purchased":["Footwork","Dagger Spray","Leg Sweep","TwistedFunnel","HandOfGreed","Snake Skull","Bouncing Flask","Well Laid Plans"],"campfire_rested":2,"item_purchase_floors":[2,11,11,19,21,30,30,30],"current_hp_per_floor":[63,63,63,63,63,63,63,51,51,32,32,32,34,30,30,28,61,59,59,59,59,61,36,36,36,36,31,53,12,12,14,37,0],"gold":33,"neow_bonus":"THREE_ENEMY_KILL","is_prod":false,"is_daily":false,"chose_seed":false,"campfire_upgraded":4,"win_rate":0,"timestamp":1549212516,"path_taken":["M","$","M","?","?","E","R","E","T","E","$","R","M","?","R","BOSS","M","$","?","$","M","E","R","?","T","M","R","E","$","M","R","BOSS"],"build_version":"2019-01-23","purchased_purges":1,"victory":false,"max_hp_per_floor":[70,70,70,70,70,70,70,70,70,70,70,70,72,72,72,72,72,72,72,72,72,74,74,74,74,74,76,76,76,76,78,78,78],"card_choices":[{"not_picked":["Deflect","Sucker Punch"],"picked":"Deadly Poison","floor":1},{"not_picked":["Dagger Spray","Outmaneuver"],"picked":"Skewer","floor":3},{"not_picked":["Well Laid Plans","Choke"],"picked":"Adrenaline","floor":6},{"not_picked":["Flying Knee","Expertise"],"picked":"Crippling Poison","floor":8},{"not_picked":["Bane","Tactician"],"picked":"Leg Sweep","floor":10},{"not_picked":["Finisher","Dagger Throw","PiercingWail"],"picked":"Singing Bowl","floor":13},{"not_picked":["Blade Dance","Dagger Spray"],"picked":"Bane","floor":14},{"not_picked":["Venomology","Phantasmal Killer"],"picked":"Burst","floor":16},{"not_picked":["Blade Dance","Eviscerate"],"picked":"Terror","floor":18},{"not_picked":["PiercingWail","Terror","Poisoned Stab"],"picked":"Singing Bowl","floor":22},{"not_picked":["Storm of Steel","Sucker Punch"],"picked":"Bouncing Flask","floor":23},{"not_picked":["Sucker Punch","Concentrate","Acrobatics+1"],"picked":"Singing Bowl","floor":27},{"not_picked":["Sucker Punch","Masterful Stab"],"picked":"Glass Knife","floor":29},{"not_picked":["Endless Agony","Eviscerate+1","Infinite Blades"],"picked":"Singing Bowl","floor":31}],"player_experience":455054,"relics_obtained":[{"floor":4,"key":"Singing Bowl"},{"floor":6,"key":"Bottled Flame"},{"floor":8,"key":"Orichalcum"},{"floor":9,"key":"Bronze Scales"},{"floor":10,"key":"Bottled Lightning"},{"floor":23,"key":"MawBank"},{"floor":26,"key":"Lantern"},{"floor":29,"key":"War Paint"}],"event_choices":[{"cards_removed":["Strike_G"],"damage_healed":0,"gold_gain":0,"player_choice":"Offered Basic","damage_taken":0,"max_hp_gain":0,"max_hp_loss":0,"event_name":"Bonfire Elementals","floor":5,"gold_loss":0},{"damage_healed":0,"gold_gain":275,"player_choice":"Desecrate","damage_taken":0,"max_hp_gain":0,"max_hp_loss":0,"event_name":"Golden Shrine","floor":20,"gold_loss":0,"cards_obtained":["Regret"]}],"is_beta":false,"boss_relics":[{"not_picked":["Runic Dome","Empty Cage"],"picked":"Ring of the Serpent"}],"items_purged_floors":[21],"is_endless":false,"potions_floor_spawned":[3,10,13,14,16,18,27,31],"killed_by":"Automaton","ascension_level":12}