{"path_per_floor":["M","M","?","$","?","R","M","R","T","$","M","T","M","M","R","B",null,"M","?","?","$","M","R","M","M","T","R","M","M","M","M","R"],"character_chosen":"IRONCLAD","items_purchased":["Battle Trance"],"gold_per_floor":[218,233,203,124,124,124,138,138,138,63,83,135,154,166,166,261,261,275,200,123,23,36,36,54,67,67,67,83,101,119,129,129,129],"floor_reached":33,"campfire_rested":1,"playtime":1279,"current_hp_per_floor":[80,80,80,80,80,80,80,80,80,80,79,79,80,80,80,43,80,80,80,80,80,73,73,76,59,59,59,54,53,51,23,47,0],"items_purged":["Strike_R","Strike_R"],"gold":129,"score":243,"play_id":"1378e200-d4cd-4030-ae4f-a1daccd2dc46","local_time":"20180513235737","is_prod":false,"is_daily":false,"chose_seed":false,"is_ascension_mode":false,"campfire_upgraded":5,"timestamp":1526227057,"path_taken":["M","M","?","$","?","R","M","R","T","$","?","?","M","M","R","BOSS","M","?","?","$","?","R","M","M","T","R","M","M","M","M","R","BOSS"],"build_version":"2018-05-10","seed_source_timestamp":59226098189607,"purchased_purges":2,"victory":false,"master_deck":["Strike_R","Strike_R","Defend_R","Defend_R","Defend_R","Defend_R","Bash+1","Armaments+1","Shrug It Off","Battle Trance","Cleave","Body Slam+1","Spot Weakness","Pommel Strike+1","Offering","Entrench+1","J.A.X.","Twin Strike","True Grit+1","Body Slam+1","Shrug It Off","Headbutt"],"max_hp_per_floor":[80,80,80,80,80,80,80,80,80,80,80,80,80,80,80,80,80,80,80,80,80,80,80,80,80,80,80,80,80,80,80,80,80],"relics":["Black Blood"],"card_choices":[{"not_picked":["Havoc","Fire Breathing"],"picked":"Armaments","floor":1},{"not_picked":["Wild Strike","Havoc"],"picked":"Shrug It Off","floor":2},{"not_picked":["Flex","Burning Pact"],"picked":"Cleave","floor":7},{"not_picked":["Iron Wave","Clothesline"],"picked":"Body Slam","floor":11},{"not_picked":["True Grit","Whirlwind"],"picked":"Spot Weakness","floor":13},{"not_picked":["Headbutt","Thunderclap"],"picked":"Pommel Strike","floor":14},{"not_picked":["Reaper","Brutality"],"picked":"Offering","floor":16},{"not_picked":["Thunderclap","Uppercut"],"picked":"Entrench","floor":18},{"not_picked":["Clash","Second Wind"],"picked":"Twin Strike","floor":22},{"not_picked":["Warcry","Corruption"],"picked":"True Grit","floor":24},{"not_picked":["Ghostly Armor","Anger"],"picked":"Body Slam","floor":25},{"not_picked":["Pummel","Perfected Strike"],"picked":"Shrug It Off","floor":29},{"not_picked":["Cleave","Wild Strike"],"picked":"Headbutt","floor":30}],"player_experience":602140,"potions_floor_usage":[22,33,33],"damage_taken":[{"damage":6,"enemies":"2 Louse","floor":1,"turns":4},{"damage":1,"enemies":"Cultist","floor":2,"turns":4},{"damage":0,"enemies":"Small Slimes","floor":7,"turns":3},{"damage":7,"enemies":"Looter","floor":11,"turns":3},{"damage":3,"enemies":"3 Louse","floor":13,"turns":3},{"damage":0,"enemies":"Lots of Slimes","floor":14,"turns":1},{"damage":43,"enemies":"Slime Boss","floor":16,"turns":10},{"damage":4,"enemies":"Chosen","floor":18,"turns":5},{"damage":17,"enemies":"2 Thieves","floor":22,"turns":4},{"damage":7,"enemies":"Chosen and Byrds","floor":24,"turns":5},{"damage":27,"enemies":"Snake Plant","floor":25,"turns":5},{"damage":15,"enemies":"3 Cultists","floor":28,"turns":4},{"damage":11,"enemies":"Centurion and Healer","floor":29,"turns":5},{"damage":12,"enemies":"Snake Plant","floor":30,"turns":3},{"damage":38,"enemies":"Sentry and Sphere","floor":31,"turns":7},{"damage":54,"enemies":"Automaton","floor":33,"turns":6}],"event_choices":[{"event_name":"The Woman in Blue","player_choice":"Bought 2 Potions","floor":3,"damage_taken":0},{"event_name":"Golden Idol","player_choice":"Ignored","floor":5,"damage_taken":0},{"event_name":"Beggar","player_choice":"Gave Gold","floor":19,"damage_taken":0},{"event_name":"Drug Dealer","player_choice":"Got JAXXED","floor":20,"damage_taken":0}],"boss_relics":[{"not_picked":["Sozu","White Beast Statue"],"picked":"Black Blood"}],"potions_floor_spawned":[2,11,13,18,22],"seed_played":"8714206949692622544","killed_by":"Automaton","ascension_level":0,"is_trial":false}