{"path_per_floor":["M","M","M","M","M","R","M","E","T","?","$","M","R","M","R","B",null,"M","M","M","M","$","R","?","M","T","?","T","R","M","?","R","B",null,"M","M","$","M","$","R","M","?","T","R","?","R","M","E","R","B"],"character_chosen":"IRONCLAD","items_purchased":["Vajra","Twin Strike","Gremlin Horn"],"gold_per_floor":[119,132,148,167,184,184,198,227,227,305,73,85,85,95,95,200,200,218,230,241,256,102,102,102,114,114,114,141,141,161,161,161,264,264,280,290,41,59,59,59,77,0,0,0,0,0,11,39,39,39],"floor_reached":51,"campfire_rested":1,"playtime":2738,"current_hp_per_floor":[80,80,78,76,72,72,67,59,59,59,59,56,56,62,62,36,80,80,76,66,72,72,72,72,63,63,48,48,73,66,50,50,56,85,85,81,81,85,85,85,75,75,75,85,74,85,85,85,85,42],"items_purged":["Strike_R","Defend_R"],"gold":39,"score":558,"play_id":"45907496-3bac-46b8-9e4d-1ebb1d0ece8e","is_prod":false,"is_daily":false,"is_ascension_mode":false,"campfire_upgraded":6,"path_taken":["M","M","M","M","M","R","M","E","T","?","$","M","R","M","R","BOSS","M","M","M","M","$","R","?","M","T","?","?","R","M","?","R","BOSS","M","M","$","M","$","R","M","?","T","R","?","R","M","E","R","BOSS"],"build_version":"2018-02-22-PROD2","purchased_purges":2,"victory":true,"master_deck":["Strike_R","Strike_R","Strike_R","Strike_R","Defend_R+1","Defend_R+1","Bash","Intimidate","Headbutt","Armaments+1","Perfected Strike+1","Pommel Strike+1","Immolate","Blood for Blood","Pommel Strike+1","Double Tap","Berserk","Heavy Blade","Perfected Strike+1","Headbutt+1","Twin Strike","Shrug It Off","Shrug It Off","Offering+1","Inflame+1","Flex+1","Twin Strike+1","Twin Strike+1","Madness+1","Madness","Pommel Strike+1"],"max_hp_per_floor":[80,80,80,80,80,80,80,80,80,80,80,80,80,80,80,80,80,80,80,80,80,80,80,80,80,80,85,85,85,85,85,85,85,85,85,85,85,85,85,85,85,85,85,85,85,85,85,85,85,85],"relics":["Burning Blood","War Paint","Ancient Tea Set","Girya","Vajra","Sozu","Gambling Chip","Omamori","Necronomicon","Eternal Feather","Gremlin Horn","Red Mask","Lantern","Orichalcum"],"card_choices":[{"not_picked":["Uppercut","Carnage"],"picked":"Intimidate"},{"not_picked":["Shrug It Off","Clothesline"],"picked":"Headbutt"},{"not_picked":["Thunderclap","Fire Breathing"],"picked":"Armaments"},{"not_picked":["Evolve","Shockwave"],"picked":"Perfected Strike"},{"not_picked":["Shrug It Off","Bloodletting"],"picked":"Pommel Strike"},{"not_picked":["Iron Wave","Havoc"],"picked":"Immolate"},{"not_picked":["Shockwave","Sever Soul"],"picked":"Blood for Blood"},{"not_picked":["Iron Wave","Power Through"],"picked":"Pommel Strike"},{"not_picked":["Pommel Strike","Flex"],"picked":"Double Tap"},{"not_picked":["Fiend Fire","Dark Embrace"],"picked":"Berserk"},{"not_picked":["Cleave","Sword Boomerang"],"picked":"Heavy Blade"},{"not_picked":["Inflame","Burning Pact"],"picked":"Perfected Strike"},{"not_picked":["Anger","Body Slam"],"picked":"Headbutt"},{"not_picked":["Sword Boomerang","Whirlwind"],"picked":"Shrug It Off"},{"not_picked":["Whirlwind","Second Wind"],"picked":"Shrug It Off"},{"not_picked":["Berserk","Reaper"],"picked":"Offering"},{"not_picked":["Heavy Blade","Whirlwind"],"picked":"Inflame"},{"not_picked":["Metallicize","Thunderclap"],"picked":"Flex"},{"not_picked":["Entrench","True Grit"],"picked":"Twin Strike"},{"not_picked":["Fire Breathing","Anger"],"picked":"Twin Strike"},{"not_picked":["Iron Wave","Juggernaut"],"picked":"Pommel Strike"}],"player_experience":121210,"potions_floor_usage":[12,16],"damage_taken":[{"damage":0,"enemies":"2 Louse","floor":1,"turns":2},{"damage":2,"enemies":"Small Slimes","floor":2,"turns":4},{"damage":8,"enemies":"Jaw Worm","floor":3,"turns":4},{"damage":8,"enemies":"2 Fungi Beasts","floor":4,"turns":4},{"damage":10,"enemies":"Looter","floor":5,"turns":3},{"damage":11,"enemies":"Large Slime","floor":7,"turns":7},{"damage":14,"enemies":"3 Sentries","floor":8,"turns":8},{"damage":9,"enemies":"Gremlin Gang","floor":12,"turns":4},{"damage":0,"enemies":"Blue Slaver","floor":14,"turns":2},{"damage":32,"enemies":"Hexaghost","floor":16,"turns":9},{"damage":2,"enemies":"Chosen","floor":18,"turns":3},{"damage":10,"enemies":"Shell Parasite","floor":19,"turns":4},{"damage":16,"enemies":"Snake Plant","floor":20,"turns":2},{"damage":0,"enemies":"Cultist and Chosen","floor":21,"turns":3},{"damage":15,"enemies":"Centurion and Healer","floor":25,"turns":4},{"damage":13,"enemies":"Snake Plant","floor":30,"turns":3},{"damage":0,"enemies":"Champ","floor":33,"turns":4},{"damage":4,"enemies":"Orb Walker","floor":35,"turns":1},{"damage":10,"enemies":"3 Shapes","floor":36,"turns":2},{"damage":0,"enemies":"Sphere and 2 Shapes","floor":38,"turns":2},{"damage":16,"enemies":"4 Shapes","floor":41,"turns":2},{"damage":0,"enemies":"3 Darklings","floor":47,"turns":2},{"damage":4,"enemies":"Nemesis","floor":48,"turns":2},{"damage":49,"enemies":"Donu and Deca","floor":50,"turns":5}],"event_choices":[{"event_name":"Golden Wing","player_choice":"Gained Gold","floor":10,"damage_taken":0},{"event_name":"Back to Basics","player_choice":"Elegance","floor":24,"damage_taken":0},{"event_name":"Forgotten Altar","player_choice":"Shed Blood","floor":27,"damage_taken":0},{"event_name":"Cursed Tome","player_choice":"Obtained Book","floor":31,"damage_taken":0},{"event_name":"Tomb of Lord Red Mask","player_choice":"Paid","floor":42,"damage_taken":0},{"event_name":"Winding Halls","player_choice":"Embrace Madness","floor":45,"damage_taken":0}],"boss_relics":[{"not_picked":["Cursed Key","Runic Pyramid"],"picked":"Sozu"},{"not_picked":["Velvet Choker","Philosopher\u0027s Stone"],"picked":"Eternal Feather"}],"potions_floor_spawned":[1,2,3,7,12,16,18,19,25,33,35,36,47],"seed_played":"-5284096214061184439","ascension_level":0,"is_trial":false}