{"gold_per_floor":[109,384,400,101,121,150,150,175,175,175,98,118,138,138,138,261,261,275,275,237,237,256,256,286,286],"floor_reached":25,"playtime":1491,"items_purged":["Regret"],"score":263,"play_id":"aeb6c2e4-8edb-419a-9105-6155ab25ffc7","local_time":"20190309213841","is_ascension_mode":true,"campfire_choices":[{"data":"Neutralize","floor":7,"key":"SMITH"},{"floor":10,"key":"REST"},{"floor":15,"key":"REST"},{"data":"Doppelganger","floor":23,"key":"SMITH"}],"neow_cost":"NONE","seed_source_timestamp":601043931709300,"circlet_count":0,"master_deck":["Defend_G+1","Defend_G+1","Defend_G+1","Defend_G+1","Defend_G+1","Strike_G+1","Strike_G+1","Strike_G+1","Strike_G+1","Strike_G+1","Survivor","Neutralize+1","Cloak And Dagger","Caltrops","Quick Slash","PiercingWail","Poisoned Stab","Doppelganger+1","Slice","Noxious Fumes","Dodge and Roll","Backflip","Envenom","Skewer+1","Distraction","Burst"],"relics":["Ring of the Snake","Snake Skull","Strawberry","Du-Vu Doll","Paper Crane","Bloody Idol","Velvet Choker","Ancient Tea Set"],"potions_floor_usage":[6,16,16,22],"damage_taken":[{"damage":0,"enemies":"2 Louse","floor":1,"turns":5},{"damage":9,"enemies":"Cultist","floor":3,"turns":4},{"damage":0,"enemies":"Jaw Worm","floor":5,"turns":4},{"damage":27,"enemies":"3 Sentries","floor":6,"turns":9},{"damage":26,"enemies":"Lagavulin","floor":8,"turns":9},{"damage":0,"enemies":"Blue Slaver","floor":12,"turns":4},{"damage":4,"enemies":"Looter","floor":13,"turns":4},{"damage":13,"enemies":"Slime Boss","floor":16,"turns":9},{"damage":23,"enemies":"Spheric Guardian","floor":18,"turns":6},{"damage":2,"enemies":"Chosen","floor":22,"turns":4},{"damage":45,"enemies":"Gremlin Leader","floor":24,"turns":6},{"damage":30,"enemies":"Sentry and Sphere","floor":25,"turns":6}],"seed_played":"-6308992358379725432","potions_obtained":[{"floor":1,"key":"Fire Potion"},{"floor":8,"key":"PowerPotion"},{"floor":13,"key":"Ancient Potion"},{"floor":18,"key":"Regen Potion"},{"floor":24,"key":"Strength Potion"}],"is_trial":false,"path_per_floor":["M","?","M","$","M","E","R","E","T","R","$","M","M","?","R","B",null,"M","?","$","?","M","R","E","M"],"character_chosen":"THE_SILENT","items_purchased":["PiercingWail","Snake Skull","Poisoned Stab","Noxious Fumes","Distraction"],"campfire_rested":2,"item_purchase_floors":[4,4,4,11,20],"current_hp_per_floor":[70,70,61,61,61,41,41,15,15,38,38,38,34,34,55,42,71,48,48,48,48,63,63,23,0],"gold":286,"neow_bonus":"THREE_CARDS","is_prod":false,"is_daily":false,"chose_seed":false,"campfire_upgraded":2,"win_rate":0,"timestamp":1552163921,"path_taken":["M","?","?","$","M","E","R","E","T","R","$","M","?","?","R","BOSS","M","?","$","?","M","R","E","M"],"build_version":"2019-01-23","purchased_purges":1,"victory":false,"max_hp_per_floor":[70,70,70,70,70,77,77,77,77,77,77,77,77,71,71,71,71,71,71,71,71,71,71,71,71],"card_choices":[{"not_picked":["Prepared","Underhanded Strike"],"picked":"Cloak And Dagger","floor":0},{"not_picked":["Flechettes","Slice"],"picked":"Caltrops","floor":1},{"not_picked":["Underhanded Strike","Calculated Gamble"],"picked":"Quick Slash","floor":3},{"not_picked":["Deflect","Underhanded Strike","Dagger Throw"],"picked":"SKIP","floor":5},{"not_picked":["Flying Knee","Accuracy"],"picked":"Doppelganger","floor":6},{"not_picked":["Endless Agony","All Out Attack"],"picked":"Slice","floor":8},{"not_picked":["Eviscerate","Heel Hook"],"picked":"Dodge and Roll","floor":12},{"not_picked":["Slice","Setup"],"picked":"Backflip","floor":13},{"not_picked":["Unload","Bullet Time"],"picked":"Envenom","floor":16},{"not_picked":["Heel Hook+1","Dodge and Roll"],"picked":"Skewer+1","floor":18},{"not_picked":["Deflect","Setup","Dagger Throw"],"picked":"SKIP","floor":22},{"not_picked":["Expertise+1","Skewer+1"],"picked":"Burst","floor":24}],"player_experience":356575,"relics_obtained":[{"floor":6,"key":"Strawberry"},{"floor":8,"key":"Du-Vu Doll"},{"floor":9,"key":"Paper Crane"},{"floor":24,"key":"Ancient Tea Set"}],"event_choices":[{"damage_healed":0,"gold_gain":275,"player_choice":"Desecrate","damage_taken":0,"max_hp_gain":0,"max_hp_loss":0,"event_name":"Golden Shrine","floor":2,"gold_loss":0,"cards_obtained":["Regret"]},{"damage_healed":0,"gold_gain":0,"player_choice":"Lose Max HP","damage_taken":0,"relics_obtained":["Golden Idol"],"max_hp_gain":0,"max_hp_loss":6,"event_name":"Golden Idol","floor":14,"gold_loss":0},{"damage_healed":0,"gold_gain":0,"player_choice":"Simplicity","damage_taken":0,"max_hp_gain":0,"max_hp_loss":0,"event_name":"Back to Basics","floor":19,"gold_loss":0,"cards_upgraded":["Defend_G","Defend_G","Defend_G","Defend_G","Defend_G","Strike_G","Strike_G","Strike_G","Strike_G","Strike_G"]},{"damage_healed":0,"gold_gain":0,"player_choice":"Gave Idol","damage_taken":0,"relics_obtained":["Bloody Idol"],"max_hp_gain":0,"max_hp_loss":0,"event_name":"Forgotten Altar","floor":21,"relics_lost":["Golden Idol"],"gold_loss":0}],"is_beta":false,"boss_relics":[{"not_picked":["Snecko Eye","Empty Cage"],"picked":"Velvet Choker"}],"items_purged_floors":[4],"is_endless":false,"potions_floor_spawned":[1,8,13,18,24],"killed_by":"Sentry and Sphere","ascension_level":3}