{"gold_per_floor":[112,124,144,144,158,158,175,185,230,273,299,311,323],"floor_reached":13,"playtime":250,"items_purged":[],"score":89,"play_id":"15a4e6bf-6bff-4277-9d94-335708076f9a","local_time":"20190405212820","is_ascension_mode":false,"campfire_choices":[{"data":"Sword Boomerang","floor":6,"key":"SMITH"},{"data":"Thunderclap","floor":12,"key":"SMITH"}],"neow_cost":"NONE","seed_source_timestamp":50617630368900,"circlet_count":0,"master_deck":["Strike_R","Strike_R","Strike_R","Strike_R","Strike_R","Defend_R","Defend_R","Defend_R","Bash+1","Sword Boomerang+1","Perfected Strike","Limit Break","Thunderclap+1"],"relics":["Burning Blood","MawBank","Happy Flower"],"potions_floor_usage":[10],"damage_taken":[{"damage":11,"enemies":"Jaw Worm","floor":1,"turns":4},{"damage":6,"enemies":"Cultist","floor":2,"turns":3},{"damage":5,"enemies":"Small Slimes","floor":3,"turns":3},{"damage":11,"enemies":"Exordium Wildlife","floor":5,"turns":4},{"damage":16,"enemies":"Red Slaver","floor":7,"turns":3},{"damage":0,"enemies":"Large Slime","floor":8,"turns":4},{"damage":27,"enemies":"3 Sentries","floor":10,"turns":6},{"damage":29,"enemies":"Exordium Wildlife","floor":11,"turns":4},{"damage":47,"enemies":"Gremlin Gang","floor":13,"turns":3}],"seed_played":"7873850635397135916","potions_obtained":[{"floor":1,"key":"EssenceOfSteel"},{"floor":3,"key":"Dexterity Potion"},{"floor":7,"key":"Explosive Potion"},{"floor":11,"key":"EntropicBrew"}],"is_trial":false,"path_per_floor":["M","M","M","?","M","R","M","M","T","E","M","R","M"],"character_chosen":"IRONCLAD","items_purchased":[],"campfire_rested":0,"item_purchase_floors":[],"current_hp_per_floor":[75,75,76,76,71,71,61,67,67,46,23,23,0],"gold":323,"neow_bonus":"UPGRADE_CARD","is_prod":false,"is_daily":false,"chose_seed":false,"campfire_upgraded":2,"win_rate":0,"timestamp":1554492500,"path_taken":["M","M","M","?","M","R","M","M","T","E","M","R","M"],"build_version":"2019-01-23","purchased_purges":0,"victory":false,"max_hp_per_floor":[80,80,80,80,80,80,80,80,80,80,80,80,80],"card_choices":[{"not_picked":["Disarm","Shrug It Off","Sentinel"],"picked":"SKIP","floor":1},{"not_picked":["Body Slam","Havoc","Hemokinesis"],"picked":"SKIP","floor":2},{"not_picked":["Entrench","Shockwave"],"picked":"Sword Boomerang","floor":3},{"not_picked":["Blood for Blood","Carnage","Dropkick"],"picked":"SKIP","floor":5},{"not_picked":["Shrug It Off","Sentinel","Armaments"],"picked":"SKIP","floor":7},{"not_picked":["Rupture","Havoc"],"picked":"Perfected Strike","floor":8},{"not_picked":["Shrug It Off","True Grit"],"picked":"Limit Break","floor":10},{"not_picked":["Seeing Red","Feel No Pain"],"picked":"Thunderclap","floor":11}],"player_experience":580212,"relics_obtained":[{"floor":9,"key":"MawBank"},{"floor":10,"key":"Happy Flower"}],"event_choices":[{"cards_removed":["Defend_R"],"damage_healed":0,"gold_gain":0,"player_choice":"Offered Basic","damage_taken":0,"max_hp_gain":0,"max_hp_loss":0,"event_name":"Bonfire Elementals","floor":4,"gold_loss":0}],"is_beta":false,"boss_relics":[],"items_purged_floors":[],"is_endless":false,"potions_floor_spawned":[1,3,7,11],"killed_by":"Gremlin Gang","ascension_level":0}