{"gold_per_floor":[114,64,28,103,121,155,155,187,211,229,229,264,264,264,264,361,361,379,469,489,504,514,514,540,554,554,479,514,514,541,541,541,642,642,656,566,145,161,178,178,212,0,0,100,100,100,100,100,100,100],"floor_reached":51,"playtime":5300,"items_purged":["Strike_R"],"score":897,"play_id":"e63e4ae9-e204-4557-9b63-133146e94f73","local_time":"20190226182653","is_ascension_mode":true,"campfire_choices":[{"data":"Pommel Strike","floor":7.0,"key":"SMITH"},{"floor":11.0,"key":"DIG"},{"floor":15.0,"key":"REST"},{"floor":23.0,"key":"REST"},{"floor":29.0,"key":"DIG"},{"floor":32.0,"key":"REST"},{"floor":40.0,"key":"DIG"},{"data":"Entrench","floor":46.0,"key":"SMITH"},{"data":"Whirlwind","floor":49,"key":"SMITH"}],"neow_cost":"NONE","seed_source_timestamp":0,"circlet_count":0,"master_deck":["Strike_R","Strike_R","Defend_R","Defend_R","Defend_R","Defend_R","Bash","Disarm","Whirlwind+1","Sword Boomerang","Pommel Strike+1","Clothesline","Metallicize+1","Barricade+1","Offering","Disarm","PanicButton","Entrench+1","Pommel Strike+1","Seeing Red","True Grit+1","Exhume"],"special_seed":0,"relics":["Burning Blood","NeowsBlessing","Oddly Smooth Stone","Shovel","PreservedInsect","Thread and Needle","Gremlin Horn","Philosopher\u0027s Stone","Pen Nib","Bottled Tornado","Strawberry","Sundial","Juzu Bracelet","Boot","Busted Crown","Omamori","TheAbacus","Potion Belt","Singing Bowl","Red Mask","Mango","Incense Burner","Molten Egg 2"],"potions_floor_usage":[],"damage_taken":[{"damage":0.0,"enemies":"Jaw Worm","floor":1.0,"turns":1.0},{"damage":0.0,"enemies":"2 Louse","floor":5.0,"turns":1.0},{"damage":0.0,"enemies":"Lagavulin","floor":6.0,"turns":1.0},{"damage":30.0,"enemies":"3 Sentries","floor":8.0,"turns":7.0},{"damage":12.0,"enemies":"Small Slimes","floor":10.0,"turns":3.0},{"damage":5.0,"enemies":"Gremlin Nob","floor":12.0,"turns":3.0},{"damage":8.0,"enemies":"The Guardian","floor":16.0,"turns":22.0},{"damage":21.0,"enemies":"Spheric Guardian","floor":18.0,"turns":6.0},{"damage":7.0,"enemies":"Shell Parasite","floor":20.0,"turns":8.0},{"damage":9.0,"enemies":"Snecko","floor":21.0,"turns":5.0},{"damage":11.0,"enemies":"Snake Plant","floor":22.0,"turns":9.0},{"damage":24.0,"enemies":"Slavers","floor":24.0,"turns":6.0},{"damage":12.0,"enemies":"Centurion and Healer","floor":25.0,"turns":12.0},{"damage":6.0,"enemies":"Gremlin Leader","floor":28.0,"turns":7.0},{"damage":27.0,"enemies":"Slavers","floor":30.0,"turns":4.0},{"damage":13.0,"enemies":"Collector","floor":33.0,"turns":16.0},{"damage":0.0,"enemies":"Orb Walker","floor":35.0,"turns":5.0},{"damage":0.0,"enemies":"3 Darklings","floor":38.0,"turns":6.0},{"damage":22.0,"enemies":"Writhing Mass","floor":39.0,"turns":12.0},{"damage":11.0,"enemies":"Nemesis","floor":41.0,"turns":7.0},{"damage":0.0,"enemies":"Mind Bloom Boss Battle","floor":44.0,"turns":7.0},{"damage":24,"enemies":"Donu and Deca","floor":50,"turns":18}],"seed_played":"-3793089716723086314","potions_obtained":[{"floor":5.0,"key":"Energy Potion"},{"floor":6.0,"key":"GamblersBrew"},{"floor":12.0,"key":"GamblersBrew"},{"floor":21.0,"key":"Explosive Potion"},{"floor":28.0,"key":"FearPotion"},{"floor":30.0,"key":"LiquidBronze"},{"floor":35.0,"key":"Fire Potion"},{"floor":38.0,"key":"BloodPotion"},{"floor":41.0,"key":"Fruit Juice"}],"is_trial":false,"path_per_floor":["M","?","$","?","M","E","R","E","T","M","R","E","?","?","R","B",null,"M","?","M","M","M","R","E","M","T","?","E","R","E","?","R","B",null,"M","?","$","M","M","R","E","?","T","?","?","R","?","T","R","B",null],"character_chosen":"IRONCLAD","items_purchased":["Whirlwind","Omamori","TheAbacus"],"campfire_rested":3,"item_purchase_floors":[3,37,37],"current_hp_per_floor":[80,80,80,69,75,80,80,56,56,50,50,51,51,51,75,73,80,65,41,40,37,32,56,38,32,32,32,39,39,18,18,44,37,87,87,87,87,87,71,71,73,73,87,95,110,110,110,110,110,92],"gold":100,"neow_bonus":"THREE_ENEMY_KILL","is_prod":false,"is_daily":false,"chose_seed":false,"campfire_upgraded":3,"win_rate":0,"timestamp":1551227213,"path_taken":["M","?","$","?","M","E","R","E","T","M","R","E","?","?","R","BOSS","M","?","?","M","M","R","E","M","T","?","E","R","E","?","R","BOSS","M","?","?","M","M","R","E","?","T","?","?","R","?","?","R","BOSS"],"build_version":"2019-01-23","purchased_purges":1,"victory":true,"max_hp_per_floor":[80,80,80,80,80,80,80,80,80,80,80,80,80,80,80,80,80,80,80,80,80,80,80,80,80,80,80,87,87,87,87,87,87,87,87,87,87,87,87,87,94,94,108,110,110,110,110,110,110,110],"card_choices":[{"not_picked":["Pommel Strike","Infernal Blade"],"picked":"Disarm","floor":1.0},{"not_picked":["Entrench","Cleave"],"picked":"Sword Boomerang","floor":5.0},{"not_picked":["Armaments","Combust"],"picked":"Pommel Strike","floor":6.0},{"not_picked":["Warcry","Wild Strike"],"picked":"Clothesline","floor":8.0},{"not_picked":["Sword Boomerang","Infernal Blade"],"picked":"Metallicize","floor":10.0},{"not_picked":["Cleave","Pommel Strike"],"picked":"Barricade","floor":12.0},{"not_picked":["Exhume","Double Tap"],"picked":"Offering","floor":16.0},{"not_picked":["Havoc","Wild Strike"],"picked":"Disarm","floor":18.0},{"not_picked":["Headbutt","Warcry","Cleave"],"picked":"SKIP","floor":20.0},{"not_picked":["Shrug It Off+1","Disarm+1"],"picked":"Entrench","floor":21.0},{"not_picked":["Twin Strike","Thunderclap"],"picked":"Pommel Strike+1","floor":22.0},{"not_picked":["Flex","Headbutt"],"picked":"Seeing Red","floor":24.0},{"not_picked":["Havoc","Sword Boomerang"],"picked":"True Grit+1","floor":25.0},{"not_picked":["Sword Boomerang+1","Hemokinesis","Combust"],"picked":"SKIP","floor":28.0},{"not_picked":["Uppercut","Headbutt","Berserk"],"picked":"SKIP","floor":30.0},{"not_picked":["Fiend Fire","Berserk"],"picked":"Exhume","floor":33.0},{"not_picked":["Warcry"],"picked":"SKIP","floor":35.0},{"not_picked":["Combust+1"],"picked":"SKIP","floor":38.0},{"not_picked":["Second Wind+1"],"picked":"SKIP","floor":39.0},{"not_picked":["Seeing Red"],"picked":"Singing Bowl","floor":41.0},{"not_picked":["Sword Boomerang+1"],"picked":"Singing Bowl","floor":44.0}],"player_experience":215588,"relics_obtained":[{"floor":6.0,"key":"Oddly Smooth Stone"},{"floor":8.0,"key":"Shovel"},{"floor":9.0,"key":"PreservedInsect"},{"floor":11.0,"key":"Thread and Needle"},{"floor":12.0,"key":"Gremlin Horn"},{"floor":24.0,"key":"Pen Nib"},{"floor":26.0,"key":"Bottled Tornado"},{"floor":28.0,"key":"Strawberry"},{"floor":29.0,"key":"Sundial"},{"floor":30.0,"key":"Juzu Bracelet"},{"floor":40.0,"key":"Potion Belt"},{"floor":41.0,"key":"Singing Bowl"},{"floor":43.0,"key":"Mango"},{"floor":44.0,"key":"Incense Burner"},{"floor":48,"key":"Molten Egg 2"}],"event_choices":[{"cards_removed":["Strike_R"],"damage_healed":0.0,"max_hp_gain":0.0,"max_hp_loss":0.0,"gold_gain":0.0,"event_name":"The Cleric","player_choice":"Card Removal","floor":2.0,"gold_loss":50.0,"damage_taken":0.0},{"damage_healed":0.0,"max_hp_gain":0.0,"max_hp_loss":0.0,"gold_gain":75.0,"event_name":"World of Goop","player_choice":"Gather Gold","floor":4.0,"gold_loss":0.0,"damage_taken":11.0},{"damage_healed":0.0,"max_hp_gain":0.0,"max_hp_loss":0.0,"gold_gain":0.0,"event_name":"Dead Adventurer","player_choice":"Searched \u00270\u0027 times","floor":13.0,"gold_loss":0.0,"damage_taken":0.0},{"damage_healed":0.0,"max_hp_gain":0.0,"max_hp_loss":0.0,"gold_gain":0.0,"event_name":"Living Wall","player_choice":"Grow","floor":14.0,"gold_loss":0.0,"damage_taken":0.0,"cards_upgraded":["Barricade"]},{"damage_healed":0.0,"max_hp_gain":0.0,"max_hp_loss":0.0,"gold_gain":90.0,"event_name":"Knowing Skull","player_choice":"CARD GOLD ","floor":19.0,"potions_obtained":[],"gold_loss":0.0,"damage_taken":24.0,"cards_obtained":["PanicButton"]},{"cards_removed":["Strike_R"],"damage_healed":0.0,"max_hp_gain":0.0,"max_hp_loss":0.0,"gold_gain":0.0,"event_name":"Beggar","player_choice":"Gave Gold","floor":27.0,"gold_loss":75.0,"damage_taken":0.0},{"damage_healed":0.0,"max_hp_gain":0.0,"max_hp_loss":0.0,"gold_gain":0.0,"event_name":"The Mausoleum","player_choice":"Opened","floor":31.0,"gold_loss":0.0,"damage_taken":0.0,"relics_obtained":["Boot"],"cards_obtained":["Writhe"]},{"cards_removed":["Writhe"],"damage_healed":0.0,"max_hp_gain":0.0,"max_hp_loss":0.0,"gold_gain":0.0,"event_name":"Designer","player_choice":"Upgrade and Remove","floor":36.0,"gold_loss":90.0,"damage_taken":0.0,"cards_upgraded":["Metallicize"]},{"damage_healed":0.0,"max_hp_gain":0.0,"max_hp_loss":0.0,"gold_gain":0.0,"event_name":"Tomb of Lord Red Mask","player_choice":"Paid","floor":42.0,"gold_loss":212.0,"damage_taken":0.0,"relics_obtained":["Red Mask"]},{"damage_healed":0.0,"max_hp_gain":0.0,"max_hp_loss":0.0,"gold_gain":0.0,"event_name":"MindBloom","player_choice":"Fight","floor":44.0,"gold_loss":0.0,"damage_taken":0.0},{"damage_healed":28.0,"max_hp_gain":0.0,"max_hp_loss":0.0,"gold_gain":0.0,"event_name":"Winding Halls","player_choice":"Writhe","floor":45.0,"gold_loss":0.0,"damage_taken":0.0,"cards_obtained":["Writhe"]},{"damage_healed":0,"gold_gain":0,"player_choice":"Ignored","damage_taken":0,"max_hp_gain":0,"max_hp_loss":0,"event_name":"Mysterious Sphere","floor":47,"gold_loss":0}],"is_beta":false,"boss_relics":[{"not_picked":["Tiny House","Orrery"],"picked":"Philosopher\u0027s Stone"},{"not_picked":["Velvet Choker","Empty Cage"],"picked":"Busted Crown"}],"items_purged_floors":[37],"is_endless":false,"potions_floor_spawned":[5,6,12,21,28,30,35,38,41],"ascension_level":2}