{"gold_per_floor":[215,290,308,326,54,54,82,82,105,161,161,61,77,77,77,152,152,166,176,190,190,32,32,57,57,57,74,85,97,97,129,129,204,204,222,77,88,103,113,113,65,65,119,119],"floor_reached":44,"playtime":2149,"items_purged":["Strike_G","Strike_G"],"score":723,"play_id":"33b50d3a-ea2b-4d26-b503-f98655e9d8fe","local_time":"20190212110545","is_ascension_mode":true,"campfire_choices":[{"data":"Skewer","floor":6,"key":"SMITH"},{"floor":8,"key":"REST"},{"floor":11,"key":"REST"},{"data":"Caltrops","floor":15,"key":"SMITH"},{"floor":23,"key":"REST"},{"floor":30,"key":"REST"},{"floor":32,"key":"REST"},{"data":"Catalyst","floor":40,"key":"SMITH"},{"floor":42,"key":"REST"}],"neow_cost":"NONE","seed_source_timestamp":526906385822100,"circlet_count":0,"master_deck":["AscendersBane","Defend_G","Defend_G","Defend_G","Defend_G","Defend_G","Strike_G","Strike_G","Strike_G","Survivor","Neutralize","Dagger Spray","Skewer+1","Backflip","PiercingWail","Caltrops+1","Deadly Poison","Night Terror","Well Laid Plans","PiercingWail","Blur","Necronomicurse","Predator","Trip","Deadly Poison","After Image","Dash","Dash+1","Adrenaline","PiercingWail+1","Predator","Catalyst+1","Deadly Poison"],"relics":["Ring of the Snake","Bronze Scales","Bag of Preparation","Lantern","Tiny Chest","Sozu","Necronomicon","Potion Belt","Darkstone Periapt","Calipers","Velvet Choker","Snake Skull","Vajra"],"potions_floor_usage":[20,33],"damage_taken":[{"damage":1,"enemies":"Jaw Worm","floor":1,"turns":3},{"damage":7,"enemies":"Small Slimes","floor":3,"turns":4},{"damage":0,"enemies":"2 Louse","floor":4,"turns":3},{"damage":42,"enemies":"Gremlin Nob","floor":7,"turns":5},{"damage":17,"enemies":"3 Sentries","floor":10,"turns":5},{"damage":4,"enemies":"Exordium Wildlife","floor":13,"turns":3},{"damage":15,"enemies":"Hexaghost","floor":16,"turns":10},{"damage":4,"enemies":"Shell Parasite","floor":18,"turns":6},{"damage":0,"enemies":"3 Byrds","floor":19,"turns":4},{"damage":6,"enemies":"Centurion and Healer","floor":20,"turns":8},{"damage":0,"enemies":"Shelled Parasite and Fungi","floor":27,"turns":3},{"damage":6,"enemies":"Cultist and Chosen","floor":28,"turns":3},{"damage":0,"enemies":"Chosen and Byrds","floor":29,"turns":4},{"damage":32,"enemies":"Gremlin Leader","floor":31,"turns":9},{"damage":9,"enemies":"Champ","floor":33,"turns":10},{"damage":0,"enemies":"3 Darklings","floor":35,"turns":6},{"damage":0,"enemies":"Orb Walker","floor":37,"turns":3},{"damage":0,"enemies":"Maw","floor":38,"turns":8},{"damage":27,"enemies":"Sphere and 2 Shapes","floor":39,"turns":5},{"damage":76,"enemies":"Reptomancer","floor":44,"turns":2}],"seed_played":"584115382942652843","potions_obtained":[{"floor":7,"key":"FearPotion"},{"floor":13,"key":"Weak Potion"}],"is_trial":false,"path_per_floor":["M","?","M","M","$","R","E","R","T","E","R","$","M","?","R","B",null,"M","M","M","?","$","R","T","?","T","M","M","M","R","E","R","B",null,"M","$","M","M","M","R","$","R","T","E"],"character_chosen":"THE_SILENT","items_purchased":["PiercingWail","Bronze Scales","Predator","Trip","Snake Skull","Deadly Poison"],"campfire_rested":6,"item_purchase_floors":[5,5,22,22,36,41],"current_hp_per_floor":[62,51,44,44,44,44,2,23,23,6,27,27,23,23,23,8,55,51,51,45,29,29,50,50,50,50,50,44,44,65,33,54,45,64,64,64,64,64,37,37,37,58,58,0],"gold":119,"neow_bonus":"HUNDRED_GOLD","is_prod":false,"is_daily":false,"chose_seed":false,"campfire_upgraded":3,"win_rate":0,"timestamp":1549965945,"path_taken":["M","?","M","M","$","R","E","R","T","E","R","$","M","?","R","BOSS","M","M","M","?","$","R","?","?","T","M","M","?","R","E","R","BOSS","M","$","M","M","M","R","?","R","T","E"],"build_version":"2019-01-23","purchased_purges":2,"victory":false,"max_hp_per_floor":[70,70,70,70,70,70,70,70,70,70,70,70,70,70,70,70,70,70,70,70,70,70,70,70,70,70,70,70,70,70,70,70,70,70,70,70,70,70,70,70,70,70,70,70],"card_choices":[{"not_picked":["Slice","Terror"],"picked":"Dagger Spray","floor":1},{"not_picked":["Crippling Poison","Caltrops"],"picked":"Skewer","floor":3},{"not_picked":["Setup","Choke"],"picked":"Backflip","floor":4},{"not_picked":["Setup","Tactician"],"picked":"Caltrops","floor":7},{"not_picked":["Cloak And Dagger","Envenom"],"picked":"Deadly Poison","floor":10},{"not_picked":["Dagger Throw","Acrobatics","Choke"],"picked":"SKIP","floor":13},{"not_picked":["Storm of Steel","Wraith Form v2"],"picked":"Night Terror","floor":16},{"not_picked":["Quick Slash","Skewer"],"picked":"Well Laid Plans","floor":18},{"not_picked":["Blade Dance","Infinite Blades"],"picked":"PiercingWail","floor":19},{"not_picked":["Poisoned Stab+1","Acrobatics"],"picked":"Blur","floor":20},{"not_picked":["Choke","Sucker Punch+1"],"picked":"Deadly Poison","floor":27},{"not_picked":["Poisoned Stab","Masterful Stab"],"picked":"After Image","floor":28},{"not_picked":["Prepared","Deadly Poison"],"picked":"Dash","floor":29},{"not_picked":["Dodge and Roll","Backflip+1"],"picked":"Dash+1","floor":31},{"not_picked":["Glass Knife","Grand Finale"],"picked":"Adrenaline","floor":33},{"not_picked":["Well Laid Plans","Flying Knee","Finisher"],"picked":"SKIP","floor":35},{"not_picked":["Finisher","All Out Attack"],"picked":"PiercingWail+1","floor":37},{"not_picked":["Flying Knee","All Out Attack+1"],"picked":"Predator","floor":38},{"not_picked":["Masterful Stab+1","PiercingWail"],"picked":"Catalyst","floor":39}],"player_experience":482464,"relics_obtained":[{"floor":7,"key":"Bag of Preparation"},{"floor":9,"key":"Lantern"},{"floor":10,"key":"Tiny Chest"},{"floor":21,"key":"Necronomicon"},{"floor":24,"key":"Potion Belt"},{"floor":26,"key":"Darkstone Periapt"},{"floor":31,"key":"Calipers"},{"floor":43,"key":"Vajra"}],"event_choices":[{"damage_healed":0,"gold_gain":75,"player_choice":"Gather Gold","damage_taken":11,"max_hp_gain":0,"max_hp_loss":0,"event_name":"World of Goop","floor":2,"gold_loss":0},{"damage_healed":0,"gold_gain":0,"player_choice":"Ignored","damage_taken":0,"max_hp_gain":0,"max_hp_loss":0,"event_name":"Shining Light","floor":14,"gold_loss":0},{"damage_healed":0,"gold_gain":0,"player_choice":"Obtained Book","damage_taken":16,"max_hp_gain":0,"max_hp_loss":0,"event_name":"Cursed Tome","floor":21,"gold_loss":0}],"is_beta":false,"boss_relics":[{"not_picked":["Calling Bell","Empty Cage"],"picked":"Sozu"},{"not_picked":["Runic Dome","Lizard Tail"],"picked":"Velvet Choker"}],"items_purged_floors":[5,12],"is_endless":false,"potions_floor_spawned":[7,13,20,29,31,33,35,38],"killed_by":"Reptomancer","ascension_level":13}