{"gold_per_floor":[116,133,152,5,16,16,31,31,31,31,49,59,70,85,85,85],"floor_reached":16,"playtime":1161,"items_purged":[],"score":98,"play_id":"bbe8b863-bb3c-46a6-9d48-105cedd2534a","local_time":"20190215201034","is_ascension_mode":false,"campfire_choices":[{"data":"Armaments","floor":6,"key":"SMITH"},{"data":"Whirlwind","floor":10,"key":"SMITH"},{"data":"Warcry","floor":15,"key":"SMITH"}],"neow_cost":"NONE","seed_source_timestamp":236526236223100,"circlet_count":0,"master_deck":["Strike_R","Strike_R","Strike_R","Strike_R","Defend_R","Defend_R","Defend_R","Defend_R","Bash","Rampage","Whirlwind+1","Anger","Armaments+1","Body Slam","Anger","Feed","Dual Wield","Warcry+1","Iron Wave"],"relics":["Burning Blood","Potion Belt","Pen Nib"],"potions_floor_usage":[11,13,16],"damage_taken":[{"damage":3,"enemies":"Cultist","floor":1,"turns":6},{"damage":0,"enemies":"2 Louse","floor":2,"turns":3},{"damage":0,"enemies":"Small Slimes","floor":3,"turns":3},{"damage":7,"enemies":"3 Louse","floor":5,"turns":3},{"damage":13,"enemies":"Large Slime","floor":7,"turns":6},{"damage":18,"enemies":"Lots of Slimes","floor":11,"turns":3},{"damage":3,"enemies":"Red Slaver","floor":12,"turns":4},{"damage":31,"enemies":"Exordium Wildlife","floor":13,"turns":5},{"damage":20,"enemies":"3 Louse","floor":14,"turns":7},{"damage":61,"enemies":"The Guardian","floor":16,"turns":6}],"seed_played":"5930863756278487747","potions_obtained":[{"floor":1,"key":"Regen Potion"},{"floor":2,"key":"Regen Potion"},{"floor":11,"key":"BloodPotion"},{"floor":12,"key":"FearPotion"}],"is_trial":false,"path_per_floor":["M","M","M","$","M","R","M","?","T","R","M","M","M","M","R","B"],"character_chosen":"IRONCLAD","items_purchased":["Potion Belt"],"campfire_rested":0,"item_purchase_floors":[4],"current_hp_per_floor":[80,80,80,80,79,79,72,72,72,72,65,68,60,52,52,0],"gold":85,"neow_bonus":"REMOVE_CARD","is_prod":false,"is_daily":false,"chose_seed":false,"campfire_upgraded":3,"win_rate":0,"timestamp":1550257834,"path_taken":["M","?","M","$","M","R","M","?","T","R","M","M","?","M","R","BOSS"],"build_version":"2019-01-23","purchased_purges":0,"victory":false,"max_hp_per_floor":[80,80,80,80,80,80,80,80,80,80,80,80,83,89,89,89],"card_choices":[{"not_picked":["Iron Wave","Clash"],"picked":"Rampage","floor":1},{"not_picked":["Carnage","Heavy Blade"],"picked":"Whirlwind","floor":2},{"not_picked":["Whirlwind","Thunderclap"],"picked":"Anger","floor":3},{"not_picked":["Carnage","Pommel Strike"],"picked":"Armaments","floor":5},{"not_picked":["Anger","Uppercut"],"picked":"Body Slam","floor":7},{"not_picked":["Combust","Pommel Strike"],"picked":"Feed","floor":11},{"not_picked":["Thunderclap","Havoc"],"picked":"Dual Wield","floor":12},{"not_picked":["Dropkick","Ghostly Armor"],"picked":"Warcry","floor":13},{"not_picked":["Twin Strike","Sword Boomerang"],"picked":"Iron Wave","floor":14}],"player_experience":112868,"relics_obtained":[{"floor":9,"key":"Pen Nib"}],"event_choices":[{"damage_healed":0,"gold_gain":0,"player_choice":"1 cards matched","damage_taken":0,"max_hp_gain":0,"max_hp_loss":0,"event_name":"Match and Keep!","floor":8,"gold_loss":0,"cards_obtained":["Anger"]}],"is_beta":false,"boss_relics":[],"items_purged_floors":[],"is_endless":false,"potions_floor_spawned":[1,2,11,12],"killed_by":"The Guardian","ascension_level":0}