{"path_per_floor":["M","M","M","M","$","R","?","R","T","T","$","?","R","M","R","B",null,"M","T","?","M","M","R","M","R","T","E","M","?","?","M","R","B",null,"M","?","$","M","$","R","M","M","T","R","M","M","$","M","R","B"],"character_chosen":"IRONCLAD","items_purchased":["Tiny Chest","Feed","Sentinel","Madness","Anger","Apotheosis"],"gold_per_floor":[118,136,147,158,44,44,44,44,70,94,25,25,25,40,40,142,142,157,157,157,176,195,195,211,211,236,263,274,274,274,290,290,389,389,406,406,224,239,185,185,199,213,213,213,226,244,30,49,49,49],"floor_reached":51,"campfire_rested":0,"playtime":3768,"current_hp_per_floor":[41,46,52,57,57,57,57,57,57,57,57,50,50,57,57,29,86,86,86,86,89,89,89,84,84,84,80,80,80,64,69,69,34,98,86,86,86,89,89,89,88,89,89,89,100,101,101,98,98,73],"items_purged":[],"gold":49,"score":511,"play_id":"f4bc906b-40d2-451a-b207-c5a392fcef64","is_prod":false,"is_daily":false,"is_ascension_mode":false,"campfire_upgraded":10,"path_taken":["M","M","M","M","$","R","?","R","T","?","$","?","R","M","R","BOSS","M","?","?","M","M","R","M","R","T","E","M","?","?","M","R","BOSS","M","?","$","M","$","R","M","M","T","R","M","?","?","?","R","BOSS"],"build_version":"2018-02-22-PROD2","purchased_purges":1,"victory":true,"master_deck":["Strike_R","Strike_R+1","Strike_R","Strike_R","Strike_R","Defend_R","Defend_R","Bash+1","True Grit+1","Pommel Strike+1","Perfected Strike+1","Perfected Strike+1","Rampage+1","Feed","Battle Trance","Exhume+1","Pommel Strike+1","Brutality+1","Intimidate+1","Havoc","Perfected Strike","Uppercut+1","Dual Wield+1","Double Tap","Carnage+1","Sentinel","Madness","Metallicize+1","Anger","Iron Wave+1","Flame Barrier+1","Havoc+1","Inflame","Apotheosis+1","Anger"],"max_hp_per_floor":[80,80,80,80,80,80,80,80,80,80,80,80,80,83,83,86,86,86,86,86,89,92,92,92,92,92,95,98,98,98,98,98,98,98,98,98,98,98,98,98,98,98,98,98,101,101,101,101,101,101],"relics":["Black Blood","Dead Branch","Tiny Chest","Lantern","Gambling Chip","Sozu","Charon\u0027s Ashes","Nloth\u0027s Gift","Omamori","Bag of Preparation","Necronomicon","Sundial"],"card_choices":[{"not_picked":["Evolve","Heavy Blade"],"picked":"True Grit"},{"not_picked":["Wild Strike","Searing Blow"],"picked":"Pommel Strike"},{"not_picked":["Sword Boomerang","Thunderclap"],"picked":"Perfected Strike"},{"not_picked":["Wild Strike","Metallicize"],"picked":"Perfected Strike"},{"not_picked":["Fire Breathing","Perfected Strike"],"picked":"Battle Trance"},{"not_picked":["Demon Form","Berserk"],"picked":"Exhume"},{"not_picked":["Anger","Searing Blow"],"picked":"Pommel Strike"},{"not_picked":["Reckless Charge","Clothesline"],"picked":"Brutality"},{"not_picked":["Warcry","Clothesline"],"picked":"Intimidate"},{"not_picked":["Evolve","Thunderclap"],"picked":"Havoc"},{"not_picked":["Rampage","Flex"],"picked":"Perfected Strike"},{"not_picked":["Evolve","Cleave"],"picked":"Uppercut"},{"not_picked":["Pommel Strike","Headbutt"],"picked":"Dual Wield"},{"not_picked":["Barricade","Feed"],"picked":"Double Tap"},{"not_picked":["Flame Barrier","Sentinel"],"picked":"Carnage"},{"not_picked":["Wild Strike","Flex"],"picked":"Metallicize"},{"not_picked":["Clash","Bludgeon"],"picked":"Iron Wave"},{"not_picked":["Heavy Blade","Cleave"],"picked":"Flame Barrier"},{"not_picked":["Ghostly Armor","Limit Break"],"picked":"Havoc"},{"not_picked":["Battle Trance","Hemokinesis"],"picked":"Inflame"},{"not_picked":["Perfected Strike","Disarm"],"picked":"Anger"}],"player_experience":152355,"potions_floor_usage":[16],"damage_taken":[{"damage":5,"enemies":"Small Slimes","floor":1,"turns":5},{"damage":1,"enemies":"2 Louse","floor":2,"turns":2},{"damage":0,"enemies":"Jaw Worm","floor":3,"turns":3},{"damage":1,"enemies":"2 Fungi Beasts","floor":4,"turns":4},{"damage":2,"enemies":"3 Louse","floor":14,"turns":3},{"damage":37,"enemies":"The Guardian","floor":16,"turns":9},{"damage":1,"enemies":"Chosen","floor":18,"turns":2},{"damage":0,"enemies":"Spheric Guardian","floor":21,"turns":2},{"damage":9,"enemies":"3 Cultists","floor":22,"turns":4},{"damage":11,"enemies":"Centurion and Healer","floor":24,"turns":3},{"damage":13,"enemies":"Book of Stabbing","floor":27,"turns":4},{"damage":9,"enemies":"Slaver and Parasite","floor":28,"turns":4},{"damage":1,"enemies":"Snake Plant","floor":31,"turns":2},{"damage":41,"enemies":"Automaton","floor":33,"turns":6},{"damage":22,"enemies":"3 Darklings","floor":35,"turns":6},{"damage":7,"enemies":"3 Shapes","floor":38,"turns":2},{"damage":11,"enemies":"Maw","floor":41,"turns":4},{"damage":9,"enemies":"Sphere and 2 Shapes","floor":42,"turns":3},{"damage":2,"enemies":"3 Darklings","floor":45,"turns":3},{"damage":5,"enemies":"Maw","floor":46,"turns":3},{"damage":13,"enemies":"4 Shapes","floor":48,"turns":2},{"damage":35,"enemies":"Donu and Deca","floor":50,"turns":6}],"event_choices":[{"event_name":"Living Wall","player_choice":"Change","floor":7,"damage_taken":0},{"event_name":"Scrap Ooze","player_choice":"success","floor":12,"damage_taken":7},{"event_name":"N\u0027loth","player_choice":"Traded a Whetstone","floor":20,"damage_taken":0},{"event_name":"Purifier","player_choice":"One Purge","floor":29,"damage_taken":0},{"event_name":"Cursed Tome","player_choice":"Obtained Book","floor":30,"damage_taken":0},{"event_name":"The Lab","player_choice":"Got Potions","floor":36,"damage_taken":0}],"boss_relics":[{"not_picked":["Calling Bell","Runic Pyramid"],"picked":"Sozu"},{"not_picked":["Snecko Eye","Eternal Feather"],"picked":"Black Blood"}],"potions_floor_spawned":[1,3,21,22,24,33,35,41,42],"seed_played":"-1775081619726548165","ascension_level":0,"is_trial":false}