{"gold_per_floor":[115,43,55,55,70,99,63,90,145,145,160,125,138,168,168,272,272,288,140,140,140,104,129,129],"floor_reached":24,"playtime":1330,"items_purged":["Pain"],"score":290,"play_id":"2bf60411-f386-4a73-87c1-1790f9894dc3","local_time":"20190331003132","is_ascension_mode":true,"campfire_choices":[{"floor":10,"key":"REST"},{"floor":15,"key":"REST"}],"neow_cost":"NONE","seed_source_timestamp":134595008217948,"circlet_count":0,"master_deck":["Defend_G","Defend_G","Defend_G","Defend_G","Defend_G","Strike_G","Strike_G","Strike_G","Strike_G","Strike_G","Survivor","Neutralize","Bouncing Flask","Accuracy","Deflect","Deadly Poison","Caltrops","Dodge and Roll","Deadly Poison","Deadly Poison","Dodge and Roll","Tools of the Trade","Writhe","Clumsy","Endless Agony","Infinite Blades","Footwork","Accuracy"],"relics":["Ring of the Snake","NeowsBlessing","Anchor","PreservedInsect","Tiny Chest","Ninja Scroll","Calling Bell","Regal Pillow","Mummified Hand","Dead Branch","Oddly Smooth Stone"],"potions_floor_usage":[8,8,14],"damage_taken":[{"damage":0,"enemies":"Small Slimes","floor":1,"turns":2},{"damage":0,"enemies":"2 Louse","floor":3,"turns":1},{"damage":0,"enemies":"Jaw Worm","floor":5,"turns":1},{"damage":33,"enemies":"Lagavulin","floor":6,"turns":6},{"damage":19,"enemies":"Gremlin Nob","floor":8,"turns":4},{"damage":4,"enemies":"Large Slime","floor":11,"turns":7},{"damage":1,"enemies":"Looter","floor":13,"turns":3},{"damage":11,"enemies":"Lagavulin","floor":14,"turns":5},{"damage":35,"enemies":"Hexaghost","floor":16,"turns":8},{"damage":6,"enemies":"Spheric Guardian","floor":18,"turns":3},{"damage":38,"enemies":"Slavers","floor":23,"turns":5},{"damage":24,"enemies":"Colosseum Slavers","floor":24,"turns":3}],"seed_played":"-8787869137921416883","potions_obtained":[{"floor":1,"key":"Poison Potion"},{"floor":5,"key":"Swift Potion"},{"floor":6,"key":"Energy Potion"},{"floor":13,"key":"Dexterity Potion"}],"is_trial":false,"path_per_floor":["M","$","M","$","M","E","?","E","T","R","M","?","M","E","R","B",null,"M","$","?","?","$","E","?"],"character_chosen":"THE_SILENT","items_purchased":["Accuracy","Infinite Blades","Accuracy"],"campfire_rested":2,"item_purchase_floors":[2,19,22],"current_hp_per_floor":[70,70,70,70,70,37,37,18,18,39,35,52,51,40,61,26,59,53,53,53,53,53,15,0],"gold":129,"neow_bonus":"THREE_ENEMY_KILL","is_prod":false,"is_daily":false,"chose_seed":false,"campfire_upgraded":0,"win_rate":0,"timestamp":1554010292,"path_taken":["M","$","M","$","M","E","?","E","T","R","M","?","M","E","R","BOSS","M","$","?","?","?","E","?"],"build_version":"2019-01-23","purchased_purges":1,"victory":false,"max_hp_per_floor":[70,70,70,70,70,70,70,70,70,70,70,70,70,70,70,70,70,70,70,70,70,70,70,70],"card_choices":[{"not_picked":["Poisoned Stab","Deflect"],"picked":"Bouncing Flask","floor":1},{"not_picked":["Dagger Throw","Choke"],"picked":"Deflect","floor":3},{"not_picked":["Die Die Die","Reflex"],"picked":"Deadly Poison","floor":5},{"not_picked":["Acrobatics","Flying Knee"],"picked":"Caltrops","floor":6},{"not_picked":["Outmaneuver","Deflect"],"picked":"Dodge and Roll","floor":8},{"not_picked":["Slice","Acrobatics"],"picked":"Deadly Poison","floor":11},{"not_picked":["Slice","Acrobatics"],"picked":"Deadly Poison","floor":13},{"not_picked":["Deadly Poison","Underhanded Strike"],"picked":"Dodge and Roll","floor":14},{"not_picked":["Envenom","Storm of Steel"],"picked":"Tools of the Trade","floor":16},{"not_picked":["Blade Dance","Deflect"],"picked":"Endless Agony","floor":18},{"not_picked":["Outmaneuver","Sucker Punch","Flying Knee"],"picked":"SKIP","floor":23}],"player_experience":355860,"relics_obtained":[{"floor":6,"key":"Anchor"},{"floor":8,"key":"PreservedInsect"},{"floor":9,"key":"Tiny Chest"},{"floor":14,"key":"Ninja Scroll"},{"floor":17,"key":"Regal Pillow"},{"floor":17,"key":"Mummified Hand"},{"floor":17,"key":"Dead Branch"},{"floor":23,"key":"Oddly Smooth Stone"}],"event_choices":[{"damage_healed":0,"gold_gain":0,"player_choice":"Left Gold","damage_taken":0,"max_hp_gain":0,"max_hp_loss":0,"event_name":"World of Goop","floor":7,"gold_loss":36},{"damage_healed":17,"gold_gain":0,"player_choice":"Healed","damage_taken":0,"max_hp_gain":0,"max_hp_loss":0,"event_name":"The Cleric","floor":12,"gold_loss":35},{"damage_healed":0,"gold_gain":0,"player_choice":"Ignored","damage_taken":0,"max_hp_gain":0,"max_hp_loss":0,"event_name":"Vampires","floor":20,"gold_loss":0},{"damage_healed":0,"gold_gain":0,"player_choice":"Read","damage_taken":0,"max_hp_gain":0,"max_hp_loss":0,"event_name":"The Library","floor":21,"gold_loss":0,"cards_obtained":["Footwork"]},{"damage_healed":0,"gold_gain":0,"player_choice":"Fight","damage_taken":0,"max_hp_gain":0,"max_hp_loss":0,"event_name":"Colosseum","floor":24,"gold_loss":0}],"is_beta":false,"boss_relics":[{"not_picked":["Busted Crown","Runic Pyramid"],"picked":"Calling Bell"}],"items_purged_floors":[19],"is_endless":false,"potions_floor_spawned":[1,5,6,13],"killed_by":"Colosseum Slavers","ascension_level":5}