{"gold_per_floor":[111,111,123,139,139,169,182,182,262,275,297,297,310,323,323,421,421,440,457,473,473,63,63],"floor_reached":23,"playtime":1869,"items_purged":["Clumsy"],"score":195,"play_id":"328138ba-c63e-4783-8833-c010c4ae9211","local_time":"20190210202428","is_ascension_mode":false,"campfire_choices":[{"data":"Reaper","floor":8,"key":"SMITH"},{"data":"Armaments","floor":12,"key":"SMITH"},{"data":"1","floor":15,"key":"LIFT"}],"neow_cost":"NONE","seed_source_timestamp":1055070244431800,"circlet_count":0,"master_deck":["Strike_R+1","Strike_R+1","Defend_R","Defend_R","Defend_R","Defend_R","Bash","Cleave","Iron Wave","Pommel Strike","Reaper+1","Armaments+1","Anger","Second Wind","Warcry","Dual Wield","Barricade","Searing Blow+1","Carnage+1","Infernal Blade","Rampage","Pommel Strike+1","RitualDagger","Spot Weakness"],"relics":["Burning Blood","Girya","Potion Belt","Matryoshka","Odd Mushroom","Astrolabe","Gremlin Horn"],"potions_floor_usage":[16,16,16,19,20,23],"damage_taken":[{"damage":2,"enemies":"Cultist","floor":1,"turns":5},{"damage":2,"enemies":"Small Slimes","floor":3,"turns":3},{"damage":7,"enemies":"2 Louse","floor":4,"turns":3},{"damage":31,"enemies":"3 Sentries","floor":6,"turns":9},{"damage":7,"enemies":"Large Slime","floor":7,"turns":5},{"damage":9,"enemies":"Exordium Wildlife","floor":10,"turns":5},{"damage":11,"enemies":"The Mushroom Lair","floor":11,"turns":3},{"damage":8,"enemies":"Red Slaver","floor":13,"turns":2},{"damage":11,"enemies":"Blue Slaver","floor":14,"turns":4},{"damage":49,"enemies":"Slime Boss","floor":16,"turns":10},{"damage":34,"enemies":"Spheric Guardian","floor":18,"turns":7},{"damage":30,"enemies":"Shell Parasite","floor":19,"turns":4},{"damage":27,"enemies":"Shelled Parasite and Fungi","floor":20,"turns":7},{"damage":2,"enemies":"Book of Stabbing","floor":23,"turns":1}],"seed_played":"6383154695196877310","potions_obtained":[{"floor":7,"key":"LiquidBronze"},{"floor":11,"key":"GamblersBrew"},{"floor":13,"key":"SteroidPotion"},{"floor":14,"key":"PowerPotion"},{"floor":18,"key":"Fire Potion"},{"floor":20,"key":"Poison Potion"}],"is_trial":false,"path_per_floor":["M","?","M","M","?","E","M","R","T","M","?","R","M","M","R","B",null,"M","M","M","?","$","E"],"character_chosen":"IRONCLAD","items_purchased":["Gremlin Horn","Spot Weakness"],"campfire_rested":0,"item_purchase_floors":[22,22],"current_hp_per_floor":[80,80,80,79,63,38,41,41,41,48,58,58,56,56,56,22,80,52,28,7,1,1,0],"gold":63,"neow_bonus":"REMOVE_CARD","is_prod":false,"is_daily":false,"chose_seed":false,"campfire_upgraded":2,"win_rate":0.0,"timestamp":1549826668,"path_taken":["M","?","M","M","?","E","M","R","T","M","?","R","M","M","R","BOSS","M","M","M","?","$","E"],"build_version":"2019-01-23","purchased_purges":1,"victory":false,"max_hp_per_floor":[80,80,80,80,80,80,80,80,80,80,80,80,80,80,80,80,80,80,80,80,80,80,80],"card_choices":[{"not_picked":["Clothesline","Bloodletting"],"picked":"Cleave","floor":1},{"not_picked":["Wild Strike","True Grit"],"picked":"Iron Wave","floor":3},{"not_picked":["Rupture","Shrug It Off"],"picked":"Pommel Strike","floor":4},{"not_picked":["Limit Break","Thunderclap"],"picked":"Reaper","floor":6},{"not_picked":["Sword Boomerang","Corruption"],"picked":"Armaments","floor":7},{"not_picked":["Dual Wield","Entrench"],"picked":"Anger","floor":10},{"not_picked":["Body Slam","Wild Strike"],"picked":"Second Wind","floor":11},{"not_picked":["Shockwave","Shrug It Off"],"picked":"Warcry","floor":13},{"not_picked":["Disarm","Wild Strike"],"picked":"Dual Wield","floor":14},{"not_picked":["Bludgeon","Berserk"],"picked":"Barricade","floor":16},{"not_picked":["Hemokinesis","Heavy Blade"],"picked":"Infernal Blade","floor":18},{"not_picked":["Clothesline","Perfected Strike"],"picked":"Rampage","floor":19},{"not_picked":["Infernal Blade","Sword Boomerang+1"],"picked":"Pommel Strike+1","floor":20}],"player_experience":25281,"relics_obtained":[{"floor":6,"key":"Potion Belt"},{"floor":9,"key":"Matryoshka"},{"floor":11,"key":"Odd Mushroom"}],"event_choices":[{"damage_healed":0,"gold_gain":0,"player_choice":"Box","damage_taken":0,"relics_obtained":["Girya"],"max_hp_gain":0,"max_hp_loss":0,"event_name":"Big Fish","floor":2,"gold_loss":0,"cards_obtained":["Regret"]},{"damage_healed":0,"gold_gain":0,"player_choice":"Entered Light","damage_taken":16,"max_hp_gain":0,"max_hp_loss":0,"event_name":"Shining Light","floor":5,"gold_loss":0,"cards_upgraded":["Strike_R","Strike_R"]},{"damage_healed":0,"gold_gain":0,"player_choice":"Fought Mushrooms","damage_taken":0,"max_hp_gain":0,"max_hp_loss":0,"event_name":"Mushrooms","floor":11,"gold_loss":0},{"damage_healed":0,"gold_gain":0,"player_choice":"Joined the Cult","damage_taken":6,"max_hp_gain":0,"max_hp_loss":0,"event_name":"Nest","floor":21,"gold_loss":0,"cards_obtained":["RitualDagger"]}],"is_beta":false,"boss_relics":[{"not_picked":["Tiny House","Runic Dome"],"picked":"Astrolabe"}],"items_purged_floors":[22],"is_endless":false,"potions_floor_spawned":[7,11,13,14,18,20],"killed_by":"Book of Stabbing","ascension_level":0}