{"gold_per_floor":[115,130,19,19,94,94,132,97,97,113,133,133,177,34,34,165,165,186,386,136,152,168,168,43,61,87,87,103,28,28,72,72,72],"floor_reached":33,"playtime":1468,"items_purged":["Strike_R","Strike_R","Strike_R"],"score":341,"play_id":"53be05a8-4604-4906-a8fb-a223280113a6","local_time":"20190321211019","is_ascension_mode":true,"campfire_choices":[{"data":"Rampage","floor":6,"key":"SMITH"},{"data":"Spot Weakness","floor":12,"key":"SMITH"},{"floor":15,"key":"REST"},{"floor":23,"key":"REST"},{"data":"True Grit","floor":27,"key":"SMITH"},{"floor":30,"key":"REST"},{"data":"Bludgeon","floor":32,"key":"SMITH"}],"neow_cost":"NONE","seed_source_timestamp":82830221300100,"circlet_count":0,"master_deck":["Strike_R","Defend_R","Defend_R","Defend_R","Defend_R","Bash","Bludgeon+1","Thunderclap","Iron Wave","Rampage+1","Cleave","Spot Weakness+1","Shrug It Off","Metallicize","Barricade","Uppercut+1","True Grit+1","Ghostly Armor+1","Fire Breathing"],"relics":["Burning Blood","Golden Idol","Pen Nib","Paper Frog","Orichalcum","Oddly Smooth Stone","Mark of Pain","Art of War","PreservedInsect","Juzu Bracelet"],"potions_floor_usage":[7,13,33,33],"damage_taken":[{"damage":4,"enemies":"Jaw Worm","floor":1,"turns":5},{"damage":0,"enemies":"Cultist","floor":2,"turns":2},{"damage":30,"enemies":"3 Sentries","floor":7,"turns":8},{"damage":0,"enemies":"2 Louse","floor":10,"turns":2},{"damage":7,"enemies":"Lots of Slimes","floor":11,"turns":2},{"damage":30,"enemies":"Lagavulin","floor":13,"turns":6},{"damage":14,"enemies":"Slime Boss","floor":16,"turns":9},{"damage":21,"enemies":"Chosen","floor":18,"turns":6},{"damage":35,"enemies":"3 Byrds","floor":21,"turns":6},{"damage":7,"enemies":"3 Cultists","floor":22,"turns":5},{"damage":11,"enemies":"Centurion and Healer","floor":25,"turns":6},{"damage":4,"enemies":"Cultist and Chosen","floor":28,"turns":7},{"damage":20,"enemies":"Gremlin Leader","floor":31,"turns":7},{"damage":57,"enemies":"Automaton","floor":33,"turns":6}],"seed_played":"-8770896292948981418","potions_obtained":[{"floor":1,"key":"SpeedPotion"},{"floor":7,"key":"FearPotion"},{"floor":10,"key":"PowerPotion"},{"floor":16,"key":"Ancient Potion"},{"floor":22,"key":"Swift Potion"},{"floor":28,"key":"BloodPotion"}],"is_trial":false,"path_per_floor":["M","M","$","?","?","R","E","$","T","M","M","R","E","$","R","B",null,"M","?","$","M","M","R","$","M","T","R","M","?","R","E","R","B"],"character_chosen":"IRONCLAD","items_purchased":["Rampage","Spot Weakness","Oddly Smooth Stone","Art of War"],"campfire_rested":3,"item_purchase_floors":[3,8,14,20],"current_hp_per_floor":[80,80,80,74,63,63,39,39,39,45,44,44,20,20,42,34,64,49,49,49,20,19,41,41,36,36,36,38,38,60,46,46,0],"gold":72,"neow_bonus":"ONE_RANDOM_RARE_CARD","is_prod":false,"is_daily":false,"chose_seed":false,"campfire_upgraded":4,"win_rate":0,"timestamp":1553199019,"path_taken":["M","M","$","?","?","R","E","?","T","?","M","R","E","$","R","BOSS","M","?","$","M","M","R","$","M","T","R","?","?","R","E","R","BOSS"],"build_version":"2019-01-23","purchased_purges":3,"victory":false,"max_hp_per_floor":[80,80,80,74,74,74,74,74,74,74,74,74,74,74,74,74,74,74,74,74,74,74,74,74,74,74,74,74,74,74,74,74,74],"card_choices":[{"not_picked":["Entrench","Sword Boomerang"],"picked":"Thunderclap","floor":1},{"not_picked":["Havoc","Limit Break"],"picked":"Iron Wave","floor":2},{"not_picked":["Evolve","Blood for Blood"],"picked":"Cleave","floor":7},{"not_picked":["Anger","Offering"],"picked":"Shrug It Off","floor":10},{"not_picked":["Heavy Blade","Armaments"],"picked":"Metallicize","floor":11},{"not_picked":["Thunderclap","Body Slam","Entrench"],"picked":"SKIP","floor":13},{"not_picked":["Bludgeon","Impervious"],"picked":"Barricade","floor":16},{"not_picked":["Perfected Strike","Sentinel","Havoc"],"picked":"SKIP","floor":18},{"not_picked":["Rupture","Flex"],"picked":"Uppercut+1","floor":21},{"not_picked":["Sever Soul","Rampage"],"picked":"True Grit","floor":22},{"not_picked":["Clothesline","Anger"],"picked":"Ghostly Armor+1","floor":25},{"not_picked":["Feel No Pain","Dual Wield","Uppercut"],"picked":"SKIP","floor":28},{"not_picked":["Hemokinesis","Wild Strike"],"picked":"Fire Breathing","floor":31}],"player_experience":417378,"relics_obtained":[{"floor":7,"key":"Pen Nib"},{"floor":9,"key":"Paper Frog"},{"floor":13,"key":"Orichalcum"},{"floor":26,"key":"PreservedInsect"},{"floor":31,"key":"Juzu Bracelet"}],"event_choices":[{"damage_healed":0,"gold_gain":0,"player_choice":"Lose Max HP","damage_taken":0,"relics_obtained":["Golden Idol"],"max_hp_gain":0,"max_hp_loss":6,"event_name":"Golden Idol","floor":4,"gold_loss":0},{"damage_healed":0,"gold_gain":75,"player_choice":"Gather Gold","damage_taken":11,"max_hp_gain":0,"max_hp_loss":0,"event_name":"World of Goop","floor":5,"gold_loss":0},{"damage_healed":0,"gold_gain":250,"player_choice":"Bet on Owner","damage_taken":0,"max_hp_gain":0,"max_hp_loss":0,"event_name":"The Joust","floor":19,"gold_loss":50},{"cards_removed":["Strike_R"],"damage_healed":0,"gold_gain":0,"player_choice":"Gave Gold","damage_taken":0,"max_hp_gain":0,"max_hp_loss":0,"event_name":"Beggar","floor":29,"gold_loss":75}],"is_beta":false,"boss_relics":[{"not_picked":["Lizard Tail","Runic Cube"],"picked":"Mark of Pain"}],"items_purged_floors":[3,20,24],"is_endless":false,"potions_floor_spawned":[1,7,10,16,22,25,28],"killed_by":"Automaton","ascension_level":5}