{"gold_per_floor":[99,99,99,99,69,69,69,69,69,69,69,69,69,39,39,39],"floor_reached":16,"playtime":831,"items_purged":[],"score":125,"play_id":"25d42c17-cd25-43ca-8c26-ca68e2a97349","local_time":"20181116172341","is_ascension_mode":true,"campfire_choices":[{"data":"Footwork","floor":10,"key":"SMITH"},{"data":"Neutralize","floor":12,"key":"SMITH"},{"data":"All Out Attack","floor":15,"key":"SMITH"}],"neow_cost":"NONE","seed_source_timestamp":124102011730100,"circlet_count":0,"master_deck":["Defend_G","Defend_G","Defend_G","Defend_G","Defend_G","Strike_G","Strike_G","Strike_G","Strike_G","Strike_G","Survivor","Neutralize+1","Quick Slash","Prepared","Dagger Spray","Footwork+1","Leg Sweep","All Out Attack+1","Reflex","Backflip"],"relics":["Ectoplasm","Centennial Puzzle","WingedGreaves","Bottled Tornado","Odd Mushroom"],"potions_floor_usage":[8,16],"damage_taken":[{"damage":1,"enemies":"Small Slimes","floor":1,"turns":4},{"damage":0,"enemies":"Cultist","floor":3,"turns":4},{"damage":0,"enemies":"Jaw Worm","floor":4,"turns":4},{"damage":1,"enemies":"Looter","floor":5,"turns":3},{"damage":17,"enemies":"Lagavulin","floor":6,"turns":10},{"damage":0,"enemies":"Exordium Thugs","floor":7,"turns":6},{"damage":6,"enemies":"3 Sentries","floor":8,"turns":6},{"damage":3,"enemies":"The Mushroom Lair","floor":11,"turns":3},{"damage":0,"enemies":"Large Slime","floor":13,"turns":4},{"damage":0,"enemies":"Looter","floor":14,"turns":4},{"damage":42,"enemies":"Hexaghost","floor":16,"turns":15}],"seed_played":"-2376124291934720003","potions_obtained":[{"floor":1,"key":"PowerPotion"},{"floor":5,"key":"EssenceOfSteel"},{"floor":7,"key":"Energy Potion"},{"floor":14,"key":"GamblersBrew"}],"is_trial":false,"path_per_floor":["M","?","M","M","M","E","M","E","T","R","?","R","M","M","R","B"],"character_chosen":"THE_SILENT","items_purchased":[],"campfire_rested":0,"item_purchase_floors":[],"current_hp_per_floor":[69,69,69,69,68,51,51,45,45,45,42,42,42,42,42,0],"gold":39,"neow_bonus":"BOSS_RELIC","is_prod":false,"is_daily":false,"chose_seed":false,"campfire_upgraded":3,"win_rate":0,"timestamp":1542385421,"path_taken":["M","?","M","M","?","E","M","E","T","R","?","R","M","M","R","BOSS"],"build_version":"2018-11-15","purchased_purges":0,"victory":false,"max_hp_per_floor":[70,70,70,70,70,70,70,70,70,70,70,70,70,70,70,70],"card_choices":[{"not_picked":["Riddle With Holes","Well Laid Plans"],"picked":"Quick Slash","floor":1},{"not_picked":["Quick Slash","Slice"],"picked":"Prepared","floor":3},{"not_picked":["Sucker Punch","Setup"],"picked":"Dagger Spray","floor":4},{"not_picked":["Infinite Blades","Predator"],"picked":"Footwork","floor":5},{"not_picked":["Catalyst","Footwork"],"picked":"Leg Sweep","floor":6},{"not_picked":["Slice","Expertise"],"picked":"All Out Attack","floor":7},{"not_picked":["Slice","Unload","A Thousand Cuts"],"picked":"SKIP","floor":8},{"not_picked":["Accuracy","Prepared"],"picked":"Reflex","floor":11},{"not_picked":["Eviscerate","Prepared","Distraction"],"picked":"SKIP","floor":13},{"not_picked":["Skewer","Dagger Spray"],"picked":"Backflip","floor":14}],"player_experience":203336,"relics_obtained":[{"floor":6,"key":"Centennial Puzzle"},{"floor":8,"key":"WingedGreaves"},{"floor":9,"key":"Bottled Tornado"},{"floor":11,"key":"Odd Mushroom"}],"event_choices":[{"damage_healed":0,"gold_gain":100,"player_choice":"Pray","damage_taken":0,"max_hp_gain":0,"max_hp_loss":0,"event_name":"Golden Shrine","floor":2,"gold_loss":0},{"damage_healed":0,"gold_gain":0,"player_choice":"Fought Mushrooms","damage_taken":0,"max_hp_gain":0,"max_hp_loss":0,"event_name":"Mushrooms","floor":11,"gold_loss":0}],"is_beta":false,"boss_relics":[],"items_purged_floors":[],"is_endless":false,"potions_floor_spawned":[1,5,7,14],"killed_by":"Hexaghost","ascension_level":2}