{"gold_per_floor":[112,112,123,123,136,161,176,190,190,190,190,221,221,232,232,331,331,345,363,374,4,103,103,103,103,182,182,107,107,142,159,159,258,258,273,273,285,305,5,5,32,32,32],"floor_reached":44,"playtime":3083,"items_purged":[],"score":826,"play_id":"5717f389-b316-47f3-baf4-1661b0622401","local_time":"20190401003509","is_ascension_mode":true,"campfire_choices":[{"floor":11.0,"key":"REST"},{"floor":13.0,"key":"REST"},{"floor":15.0,"key":"REST"},{"floor":23.0,"key":"REST"},{"floor":27.0,"key":"REST"},{"floor":32.0,"key":"REST"},{"data":"Noxious Fumes","floor":40.0,"key":"SMITH"}],"neow_cost":"NONE","seed_source_timestamp":218491647356003,"circlet_count":0,"master_deck":["Survivor","Neutralize+1","Cloak And Dagger","Backstab","Noxious Fumes","Dodge and Roll","Escape Plan","Noxious Fumes+1","Backstab","Flechettes","Distraction","Riddle With Holes","Glass Knife","Underhanded Strike","Concentrate","Skewer","Finisher","Catalyst","Backflip","Backflip","Footwork","Prepared","After Image","Cloak And Dagger","Corpse Explosion","Backflip+1","Writhe","Outmaneuver+1","Parasite","Bouncing Flask","Infinite Blades","Blur","Eviscerate+1"],"special_seed":0,"relics":["Ring of the Snake","NeowsBlessing","Ornamental Fan","Mummified Hand","Potion Belt","Du-Vu Doll","Pandora\u0027s Box","Membership Card","Regal Pillow","Nilry\u0027s Codex","Sundial","Oddly Smooth Stone","Snecko Eye","Lee\u0027s Waffle","Mercury Hourglass","Bottled Lightning"],"potions_floor_usage":[43],"damage_taken":[{"damage":0.0,"enemies":"Cultist","floor":1.0,"turns":1.0},{"damage":0.0,"enemies":"Small Slimes","floor":3.0,"turns":1.0},{"damage":0.0,"enemies":"Jaw Worm","floor":5.0,"turns":1.0},{"damage":14.0,"enemies":"3 Sentries","floor":6.0,"turns":4.0},{"damage":28.0,"enemies":"Gremlin Gang","floor":7.0,"turns":5.0},{"damage":0.0,"enemies":"Looter","floor":8.0,"turns":2.0},{"damage":23.0,"enemies":"Lagavulin","floor":12.0,"turns":8.0},{"damage":5.0,"enemies":"Exordium Wildlife","floor":14.0,"turns":4.0},{"damage":24.0,"enemies":"Slime Boss","floor":16.0,"turns":12.0},{"damage":8.0,"enemies":"2 Thieves","floor":18.0,"turns":4.0},{"damage":16.0,"enemies":"Shell Parasite","floor":19.0,"turns":5.0},{"damage":10.0,"enemies":"Centurion and Healer","floor":20.0,"turns":5.0},{"damage":32.0,"enemies":"Book of Stabbing","floor":30.0,"turns":6.0},{"damage":5.0,"enemies":"Cultist and Chosen","floor":31.0,"turns":6.0},{"damage":20.0,"enemies":"Champ","floor":33.0,"turns":12.0},{"damage":0.0,"enemies":"Orb Walker","floor":35.0,"turns":3.0},{"damage":42.0,"enemies":"3 Darklings","floor":37.0,"turns":4.0},{"damage":12.0,"enemies":"Writhing Mass","floor":38.0,"turns":6.0},{"damage":26.0,"enemies":"Reptomancer","floor":41.0,"turns":4.0},{"damage":45,"enemies":"Awakened One","floor":43,"turns":17}],"seed_played":"7457455254323382360","potions_obtained":[{"floor":1.0,"key":"SkillPotion"},{"floor":7.0,"key":"SneckoOil"},{"floor":8.0,"key":"SteroidPotion"},{"floor":12.0,"key":"GamblersBrew"},{"floor":16.0,"key":"Fire Potion"},{"floor":18.0,"key":"GamblersBrew"},{"floor":31.0,"key":"Swift Potion"},{"floor":33.0,"key":"Dexterity Potion"},{"floor":35.0,"key":"Energy Potion"},{"floor":41.0,"key":"SkillPotion"}],"is_trial":false,"path_per_floor":["M","?","M","?","M","E","M","M","T","?","R","E","R","M","R","B",null,"M","M","M","$","?","R","?","?","T","R","?","?","E","M","R","B",null,"M","?","M","M","$","R","E","?","B",null],"character_chosen":"THE_SILENT","items_purchased":["Membership Card","Footwork","Regal Pillow","Prepared","SkillPotion","Lee\u0027s Waffle","Infinite Blades","PowerPotion","Mercury Hourglass","Blur"],"campfire_rested":6,"item_purchase_floors":[21,21,21,21,21,39,39,39,39,39],"current_hp_per_floor":[63,63,63,63,63,49,21,21,21,14,35,12,33,28,49,25,59,51,35,25,25,25,61,45,45,45,70,70,70,38,33,69,49,65,65,70,28,16,77,77,51,51,6],"gold":32,"neow_bonus":"THREE_ENEMY_KILL","is_prod":false,"is_daily":false,"chose_seed":false,"campfire_upgraded":1,"win_rate":0,"timestamp":1554096909,"path_taken":["M","?","M","?","?","E","?","M","T","?","R","E","R","M","R","BOSS","M","M","M","$","?","R","?","?","T","R","?","?","E","M","R","BOSS","M","?","M","M","$","R","E","?","BOSS"],"build_version":"2019-01-23","purchased_purges":0,"victory":true,"max_hp_per_floor":[70,70,70,70,70,70,70,70,70,70,70,70,70,70,70,70,70,70,70,70,70,70,70,70,70,70,70,70,70,70,70,70,70,70,70,70,70,70,77,77,77,77,77],"card_choices":[{"not_picked":["Leg Sweep","Sucker Punch"],"picked":"Cloak And Dagger","floor":1.0},{"not_picked":["Outmaneuver","Quick Slash"],"picked":"Backstab","floor":3.0},{"not_picked":["Prepared","Deflect"],"picked":"Noxious Fumes","floor":5.0},{"not_picked":["Heel Hook","Backflip"],"picked":"Dodge and Roll","floor":6.0},{"not_picked":["Dodge and Roll","Deflect"],"picked":"Escape Plan","floor":7.0},{"not_picked":["Bane","Slice","Poisoned Stab"],"picked":"SKIP","floor":8.0},{"not_picked":["Eviscerate","Envenom"],"picked":"Noxious Fumes","floor":12.0},{"not_picked":["Poisoned Stab","Crippling Poison"],"picked":"Backstab","floor":14.0},{"not_picked":["Underhanded Strike","Endless Agony"],"picked":"Catalyst","floor":18.0},{"not_picked":["Acrobatics","Dagger Throw"],"picked":"Backflip","floor":19.0},{"not_picked":["Flying Knee","Endless Agony+1"],"picked":"Backflip","floor":20.0},{"not_picked":["Bane","Slice","Finisher"],"picked":"SKIP","floor":30.0},{"not_picked":["Bane","Outmaneuver"],"picked":"Cloak And Dagger","floor":31.0},{"not_picked":["Bullet Time","Glass Knife"],"picked":"Corpse Explosion","floor":33.0},{"not_picked":["Expertise","Tactician+1"],"picked":"Backflip+1","floor":35.0},{"not_picked":["PiercingWail+1","Bane+1"],"picked":"Outmaneuver+1","floor":37.0},{"not_picked":["Outmaneuver+1","Dagger Throw"],"picked":"Bouncing Flask","floor":38.0},{"not_picked":["Outmaneuver","Quick Slash+1"],"picked":"Eviscerate+1","floor":41.0}],"player_experience":379984,"relics_obtained":[{"floor":6.0,"key":"Ornamental Fan"},{"floor":9.0,"key":"Mummified Hand"},{"floor":12.0,"key":"Du-Vu Doll"},{"floor":24.0,"key":"Nilry\u0027s Codex"},{"floor":26.0,"key":"Sundial"},{"floor":30.0,"key":"Oddly Smooth Stone"},{"floor":41.0,"key":"Bottled Lightning"}],"event_choices":[{"damage_healed":0.0,"max_hp_gain":0.0,"max_hp_loss":0.0,"gold_gain":0.0,"event_name":"Living Wall","player_choice":"Grow","floor":2.0,"gold_loss":0.0,"damage_taken":0.0,"cards_upgraded":["Neutralize"]},{"damage_healed":0.0,"max_hp_gain":0.0,"max_hp_loss":0.0,"gold_gain":0.0,"event_name":"The Cleric","player_choice":"Leave","floor":4.0,"gold_loss":0.0,"damage_taken":0.0},{"damage_healed":0.0,"max_hp_gain":0.0,"max_hp_loss":0.0,"gold_gain":0.0,"event_name":"Scrap Ooze","player_choice":"Success","floor":10.0,"gold_loss":0.0,"damage_taken":7.0,"relics_obtained":["Potion Belt"]},{"damage_healed":0.0,"max_hp_gain":0.0,"max_hp_loss":0.0,"gold_gain":99.0,"event_name":"Nest","player_choice":"Stole From Cult","floor":22.0,"gold_loss":0.0,"damage_taken":0.0},{"damage_healed":0.0,"max_hp_gain":0.0,"max_hp_loss":0.0,"gold_gain":0.0,"event_name":"Cursed Tome","player_choice":"Obtained Book","floor":24.0,"gold_loss":0.0,"damage_taken":16.0},{"cards_removed":["Reflex"],"damage_healed":0.0,"max_hp_gain":0.0,"max_hp_loss":0.0,"gold_gain":0.0,"event_name":"Back to Basics","player_choice":"Elegance","floor":25.0,"gold_loss":0.0,"damage_taken":0.0},{"cards_removed":["Grand Finale"],"damage_healed":0.0,"max_hp_gain":0.0,"max_hp_loss":0.0,"gold_gain":0.0,"event_name":"Beggar","player_choice":"Gave Gold","floor":28.0,"gold_loss":75.0,"damage_taken":0.0},{"damage_healed":0.0,"max_hp_gain":0.0,"max_hp_loss":0.0,"gold_gain":0.0,"event_name":"The Library","player_choice":"Read","floor":29.0,"gold_loss":0.0,"damage_taken":0.0,"cards_obtained":["After Image"]},{"damage_healed":18.0,"max_hp_gain":0.0,"max_hp_loss":0.0,"gold_gain":0.0,"event_name":"Winding Halls","player_choice":"Writhe","floor":36.0,"gold_loss":0.0,"damage_taken":0.0,"cards_obtained":["Writhe"]},{"damage_healed":0.0,"max_hp_gain":0.0,"max_hp_loss":0.0,"gold_gain":0.0,"event_name":"SecretPortal","player_choice":"Took Portal","floor":42.0,"gold_loss":0.0,"damage_taken":0.0}],"is_beta":false,"boss_relics":[{"not_picked":["Tiny House","HoveringKite"],"picked":"Pandora\u0027s Box"},{"not_picked":["Orrery","Calling Bell"],"picked":"Snecko Eye"}],"items_purged_floors":[],"is_endless":false,"potions_floor_spawned":[1,7,8,12,16,18,31,33,35,41],"ascension_level":6}