{"gold_per_floor":[116,126,126,138,149,178,198,43,43,61,61,61,71,90,90,193,193,205,219,50,67,139,467,467,481,553,553,572,606,606,619,619,716,716,726,726,745,545,545,545,563,563,563,563,578,578,578],"floor_reached":47,"playtime":7934,"items_purged":["Decay","Strike_G","Writhe"],"score":521,"play_id":"dcc1e570-07c0-438d-a8e7-6f6786a6e55f","local_time":"20190219165404","is_ascension_mode":false,"campfire_choices":[{"data":"Noxious Fumes","floor":11,"key":"SMITH"},{"data":"Burst","floor":15,"key":"SMITH"},{"data":"Neutralize","floor":24,"key":"SMITH"},{"data":"Footwork","floor":27,"key":"SMITH"},{"floor":32,"key":"REST"},{"data":"Concentrate","floor":40,"key":"SMITH"},{"data":"Envenom","floor":44,"key":"SMITH"},{"floor":46,"key":"REST"}],"neow_cost":"CURSE","seed_source_timestamp":145128415533300,"circlet_count":0,"master_deck":["Survivor","Neutralize+1","Predator","Burst+1","Well Laid Plans","Deflect","Infinite Blades","Escape Plan","Calculated Gamble","Crippling Poison","Blur","Noxious Fumes+1","Flying Knee","Noxious Fumes","Catalyst","Tools of the Trade","Poisoned Stab","Distraction+1","Leg Sweep","Footwork+1","Tactician","Skewer+1","Concentrate+1","Dagger Spray+1","Poisoned Stab+1","Envenom+1","Corpse Explosion","Riddle With Holes+1","Burst","Footwork","Night Terror","Die Die Die+1","Underhanded Strike+1","Footwork","Riddle With Holes+1","Bullet Time"],"relics":["Ring of the Snake","Matryoshka","Dream Catcher","Meat on the Bone","Pantograph","Regal Pillow","Sozu","Molten Egg 2","Old Coin","Bottled Flame","Ninja Scroll","Pandora\u0027s Box","Sundial"],"potions_floor_usage":[14,16,47],"damage_taken":[{"damage":0,"enemies":"Small Slimes","floor":1,"turns":3},{"damage":2,"enemies":"Cultist","floor":2,"turns":4},{"damage":0,"enemies":"Jaw Worm","floor":4,"turns":5},{"damage":2,"enemies":"Looter","floor":5,"turns":3},{"damage":21,"enemies":"Lagavulin","floor":6,"turns":11},{"damage":3,"enemies":"Blue Slaver","floor":7,"turns":5},{"damage":3,"enemies":"3 Louse","floor":10,"turns":4},{"damage":0,"enemies":"Lots of Slimes","floor":13,"turns":3},{"damage":0,"enemies":"Large Slime","floor":14,"turns":6},{"damage":5,"enemies":"The Guardian","floor":16,"turns":8},{"damage":3,"enemies":"Spheric Guardian","floor":18,"turns":5},{"damage":0,"enemies":"Shell Parasite","floor":19,"turns":5},{"damage":3,"enemies":"Cultist and Chosen","floor":21,"turns":5},{"damage":7,"enemies":"Book of Stabbing","floor":23,"turns":7},{"damage":4,"enemies":"Snecko","floor":25,"turns":7},{"damage":15,"enemies":"3 Cultists","floor":28,"turns":6},{"damage":16,"enemies":"Gremlin Leader","floor":29,"turns":8},{"damage":10,"enemies":"Centurion and Healer","floor":31,"turns":7},{"damage":35,"enemies":"Collector","floor":33,"turns":6},{"damage":20,"enemies":"3 Shapes","floor":35,"turns":2},{"damage":10,"enemies":"Orb Walker","floor":37,"turns":4},{"damage":57,"enemies":"Spire Growth","floor":41,"turns":5},{"damage":25,"enemies":"3 Darklings","floor":45,"turns":3},{"damage":69,"enemies":"Reptomancer","floor":47,"turns":3}],"seed_played":"4418833079516368662","potions_obtained":[{"floor":5,"key":"Swift Potion"},{"floor":10,"key":"Regen Potion"},{"floor":14,"key":"SneckoOil"}],"is_trial":false,"path_per_floor":["M","M","?","M","M","E","M","$","T","M","R","T","M","M","R","B",null,"M","M","$","M","T","E","R","M","T","R","M","E","?","M","R","B",null,"M","?","M","$","?","R","M","?","T","R","M","R","E"],"character_chosen":"THE_SILENT","items_purchased":["Noxious Fumes","Leg Sweep","Footwork"],"campfire_rested":2,"item_purchase_floors":[8,20,38],"current_hp_per_floor":[70,68,68,68,66,45,42,42,42,39,39,39,39,51,51,65,70,67,67,67,64,64,57,57,53,53,53,38,34,34,36,70,47,70,50,68,58,58,58,58,13,61,61,61,36,61,0],"gold":578,"neow_bonus":"TRANSFORM_TWO_CARDS","is_prod":false,"is_daily":false,"chose_seed":false,"campfire_upgraded":6,"win_rate":0,"timestamp":1550591644,"path_taken":["M","M","?","M","M","E","M","$","T","?","R","?","M","M","R","BOSS","M","M","$","M","?","E","R","M","T","R","M","E","?","M","R","BOSS","M","?","M","$","?","R","M","?","T","R","M","R","E"],"build_version":"2019-01-23","purchased_purges":3,"victory":false,"max_hp_per_floor":[70,70,70,70,70,70,70,70,70,70,70,70,70,70,70,70,70,70,70,70,70,70,70,70,70,70,70,70,70,70,70,70,70,70,70,70,70,70,70,70,70,61,61,61,61,61,61],"card_choices":[{"not_picked":["Quick Slash","Cloak And Dagger"],"picked":"Well Laid Plans","floor":1},{"not_picked":["Underhanded Strike","Sucker Punch"],"picked":"Deflect","floor":2},{"not_picked":["Cloak And Dagger","Flying Knee"],"picked":"Escape Plan","floor":4},{"not_picked":["Outmaneuver","Dagger Throw"],"picked":"Calculated Gamble","floor":5},{"not_picked":["Acrobatics","Backflip"],"picked":"Crippling Poison","floor":6},{"not_picked":["Eviscerate","Slice"],"picked":"Blur","floor":7},{"not_picked":["PiercingWail","Blade Dance"],"picked":"Flying Knee","floor":10},{"not_picked":["Dodge and Roll","Setup"],"picked":"Noxious Fumes","floor":13},{"not_picked":["Blur","Escape Plan"],"picked":"Catalyst","floor":14},{"not_picked":["Envenom","Glass Knife"],"picked":"Tools of the Trade","floor":16},{"not_picked":["Terror","Outmaneuver"],"picked":"Poisoned Stab","floor":18},{"not_picked":["Blade Dance","Slice"],"picked":"Distraction+1","floor":19},{"not_picked":["Masterful Stab","Backstab"],"picked":"Footwork","floor":21},{"not_picked":["Poisoned Stab+1","Blade Dance"],"picked":"Tactician","floor":23},{"not_picked":["Endless Agony+1","Dagger Spray+1"],"picked":"Skewer+1","floor":25},{"not_picked":["Slice+1","Finisher+1"],"picked":"Concentrate","floor":28},{"not_picked":["Dagger Throw+1","Prepared"],"picked":"Dagger Spray+1","floor":29},{"not_picked":["Concentrate+1","Dagger Throw+1"],"picked":"Poisoned Stab+1","floor":31},{"not_picked":["Infinite Blades+1","Slice+1"],"picked":"Envenom","floor":32},{"not_picked":["Storm of Steel","Doppelganger"],"picked":"Corpse Explosion","floor":33},{"not_picked":["Well Laid Plans","PiercingWail","Dodge and Roll+1"],"picked":"SKIP","floor":35},{"not_picked":["Quick Slash+1","Dagger Spray+1"],"picked":"Underhanded Strike+1","floor":37},{"not_picked":["Deadly Poison","Backflip"],"picked":"Riddle With Holes+1","floor":41},{"not_picked":["Endless Agony+1","Terror","Sucker Punch+1"],"picked":"SKIP","floor":45},{"not_picked":["Deflect","Poisoned Stab+1"],"picked":"Bullet Time","floor":46}],"player_experience":169168,"relics_obtained":[{"floor":6,"key":"Matryoshka"},{"floor":9,"key":"Dream Catcher"},{"floor":9,"key":"Meat on the Bone"},{"floor":12,"key":"Pantograph"},{"floor":12,"key":"Regal Pillow"},{"floor":22,"key":"Molten Egg 2"},{"floor":23,"key":"Old Coin"},{"floor":26,"key":"Bottled Flame"},{"floor":29,"key":"Ninja Scroll"},{"floor":43,"key":"Sundial"}],"event_choices":[{"damage_healed":0,"gold_gain":0,"cards_transformed":["Defend_G"],"player_choice":"Transformed","damage_taken":0,"max_hp_gain":0,"max_hp_loss":0,"event_name":"Transmorgrifier","floor":3,"gold_loss":0,"cards_obtained":["Infinite Blades"]},{"damage_healed":0,"gold_gain":0,"player_choice":"Ignored","damage_taken":0,"max_hp_gain":0,"max_hp_loss":0,"event_name":"Ghosts","floor":30,"gold_loss":0},{"damage_healed":18,"gold_gain":0,"player_choice":"Writhe","damage_taken":0,"max_hp_gain":0,"max_hp_loss":0,"event_name":"Winding Halls","floor":36,"gold_loss":0,"cards_obtained":["Writhe"]},{"cards_removed":["Blur"],"damage_healed":0,"gold_gain":0,"player_choice":"Removed Skill","damage_taken":0,"max_hp_gain":0,"max_hp_loss":0,"event_name":"Falling","floor":39,"gold_loss":0},{"damage_healed":61,"gold_gain":0,"player_choice":"Heal","damage_taken":0,"max_hp_gain":0,"max_hp_loss":9,"event_name":"The Moai Head","floor":42,"gold_loss":0}],"is_beta":false,"boss_relics":[{"not_picked":["Runic Dome","Philosopher\u0027s Stone"],"picked":"Sozu"},{"not_picked":["White Beast Statue","Empty Cage"],"picked":"Pandora\u0027s Box"}],"items_purged_floors":[8,20,38],"is_endless":false,"potions_floor_spawned":[5,10,14,21,28,33,35],"killed_by":"Reptomancer","ascension_level":0}