{"gold_per_floor":[114,129,144,219,234,264,264,279,304,334,9,9,9,24,24,124,124,139,154,169,184,199,229,229,79,154,154,184,199,214,229,229,329,329,344,359,359,59,74,74,104,104,129,159,174,199,214,229,229,229],"floor_reached":51,"playtime":2059,"items_purged":[],"score":965,"play_id":"cba6e936-7a9f-4ef3-9f36-695713d8e5fe","local_time":"20190401011831","daily_mods":["Specialized","Time Dilation","Lethality"],"is_ascension_mode":false,"campfire_choices":[{"data":"Storm of Steel","floor":7,"key":"SMITH"},{"data":"Storm of Steel","floor":12,"key":"SMITH"},{"data":"Storm of Steel","floor":15,"key":"SMITH"},{"floor":24,"key":"REST"},{"data":"Storm of Steel","floor":32,"key":"SMITH"},{"floor":42,"key":"REST"},{"floor":49,"key":"REST"}],"neow_cost":"","seed_source_timestamp":218491647356003,"circlet_count":0,"master_deck":["Defend_G","Defend_G","Defend_G","Defend_G","Defend_G","Strike_G","Strike_G","Strike_G","Strike_G","Strike_G","Survivor","Neutralize","Storm of Steel+1","Storm of Steel+1","Storm of Steel+1","Storm of Steel+1","Storm of Steel","Dodge and Roll","PiercingWail","Deflect","After Image","Infinite Blades","Burst","Backflip","Quick Slash+1","Quick Slash+1","A Thousand Cuts","Ghostly","Ghostly","Ghostly","Ghostly","Ghostly","Blur","Blade Dance","Infinite Blades","Die Die Die+1","Accuracy+1","Trip","PiercingWail","Terror+1","Choke+1","Leg Sweep+1"],"special_seed":17987,"relics":["Ring of the Serpent","Bag of Marbles","Vajra","Smiling Mask","Kunai","Blood Vial","Bronze Scales","Molten Egg 2","Thread and Needle","Fusion Hammer","Oddly Smooth Stone","Ancient Tea Set","Bottled Flame","Potion Belt","Ornamental Fan","Strawberry"],"potions_floor_usage":[10,18,22,28,50,50,50,50,50],"damage_taken":[{"damage":0,"enemies":"Small Slimes","floor":1,"turns":1},{"damage":0,"enemies":"2 Louse","floor":2,"turns":1},{"damage":0,"enemies":"Jaw Worm","floor":3,"turns":1},{"damage":0,"enemies":"Blue Slaver","floor":5,"turns":1},{"damage":2,"enemies":"Gremlin Nob","floor":6,"turns":3},{"damage":0,"enemies":"Red Slaver","floor":8,"turns":1},{"damage":0,"enemies":"3 Sentries","floor":10,"turns":2},{"damage":0,"enemies":"Exordium Thugs","floor":14,"turns":1},{"damage":47,"enemies":"Hexaghost","floor":16,"turns":5},{"damage":0,"enemies":"Shell Parasite","floor":18,"turns":1},{"damage":17,"enemies":"Spheric Guardian","floor":19,"turns":4},{"damage":0,"enemies":"Cultist and Chosen","floor":20,"turns":3},{"damage":11,"enemies":"Centurion and Healer","floor":21,"turns":2},{"damage":0,"enemies":"Snake Plant","floor":22,"turns":2},{"damage":22,"enemies":"Book of Stabbing","floor":23,"turns":3},{"damage":2,"enemies":"Slavers","floor":28,"turns":3},{"damage":0,"enemies":"Snecko","floor":29,"turns":3},{"damage":0,"enemies":"Cultist and Chosen","floor":30,"turns":4},{"damage":0,"enemies":"Centurion and Healer","floor":31,"turns":2},{"damage":9,"enemies":"Automaton","floor":33,"turns":10},{"damage":0,"enemies":"Orb Walker","floor":35,"turns":2},{"damage":0,"enemies":"3 Darklings","floor":36,"turns":1},{"damage":0,"enemies":"4 Shapes","floor":39,"turns":3},{"damage":0,"enemies":"Nemesis","floor":41,"turns":3},{"damage":0,"enemies":"Giant Head","floor":44,"turns":7},{"damage":0,"enemies":"Maw","floor":45,"turns":5},{"damage":0,"enemies":"Sphere and 2 Shapes","floor":47,"turns":3},{"damage":0,"enemies":"4 Shapes","floor":48,"turns":2},{"damage":0,"enemies":"Donu and Deca","floor":50,"turns":8}],"seed_played":"944917058842759055","potions_obtained":[{"floor":1,"key":"AttackPotion"},{"floor":2,"key":"Strength Potion"},{"floor":8,"key":"Poison Potion"},{"floor":14,"key":"Swift Potion"},{"floor":18,"key":"SteroidPotion"},{"floor":22,"key":"Ancient Potion"},{"floor":33,"key":"LiquidBronze"},{"floor":39,"key":"Block Potion"},{"floor":44,"key":"SteroidPotion"},{"floor":47,"key":"SkillPotion"}],"is_trial":false,"path_per_floor":["M","M","M","?","M","E","R","M","T","E","$","R","?","M","R","B",null,"M","M","M","M","M","E","R","$","T","?","E","M","M","M","R","B",null,"M","M","?","$","M","?","E","R","T","E","M","T","M","M","R","B",null],"character_chosen":"THE_SILENT","items_purchased":["Kunai","GhostInAJar","Bronze Scales","Oddly Smooth Stone","Ancient Tea Set"],"campfire_rested":3,"item_purchase_floors":[11,11,25,38,38],"current_hp_per_floor":[70,70,70,59,59,57,57,57,57,57,57,57,57,57,57,10,70,70,53,53,42,42,20,41,41,41,35,33,35,35,35,35,26,35,35,35,35,35,35,35,35,35,35,35,35,42,42,42,42,42],"gold":229,"neow_bonus":"","is_prod":false,"is_daily":true,"chose_seed":false,"campfire_upgraded":4,"win_rate":0,"timestamp":1554099511,"path_taken":["M","M","M","?","M","E","R","M","T","E","$","R","?","M","R","BOSS","M","M","M","M","M","E","R","$","T","?","E","M","M","M","R","BOSS","M","M","?","$","M","?","E","R","T","E","M","?","M","M","R","BOSS"],"build_version":"2019-01-23","purchased_purges":0,"victory":true,"max_hp_per_floor":[70,70,70,70,70,70,70,70,70,70,70,70,70,70,70,70,70,70,70,70,70,70,70,70,70,70,35,35,35,35,35,35,35,35,35,35,35,35,35,35,35,35,35,35,35,42,42,42,42,42],"card_choices":[{"not_picked":["Crippling Poison","Distraction"],"picked":"Dodge and Roll","floor":1},{"not_picked":["Dagger Throw","Dash","Flechettes"],"picked":"SKIP","floor":2},{"not_picked":["Catalyst","Prepared"],"picked":"PiercingWail","floor":3},{"not_picked":["Prepared","Flechettes"],"picked":"Deflect","floor":5},{"not_picked":["Slice","Underhanded Strike"],"picked":"After Image","floor":6},{"not_picked":["Dagger Spray","Well Laid Plans","Dash"],"picked":"SKIP","floor":8},{"not_picked":["Terror","Sucker Punch"],"picked":"Infinite Blades","floor":10},{"not_picked":["Slice","Deadly Poison","Tactician"],"picked":"SKIP","floor":14},{"not_picked":["Bullet Time","Grand Finale"],"picked":"Burst","floor":16},{"not_picked":["Dodge and Roll+1","Reflex"],"picked":"Backflip","floor":18},{"not_picked":["Flying Knee","Skewer+1"],"picked":"Quick Slash+1","floor":19},{"not_picked":["Sucker Punch","Crippling Poison"],"picked":"Quick Slash+1","floor":20},{"not_picked":["Blur","All Out Attack"],"picked":"A Thousand Cuts","floor":21},{"not_picked":["Concentrate","Deadly Poison","Dagger Spray"],"picked":"SKIP","floor":22},{"not_picked":["Poisoned Stab+1","Distraction","Slice"],"picked":"SKIP","floor":23},{"not_picked":["Phantasmal Killer","Finisher+1","Deflect"],"picked":"SKIP","floor":28},{"not_picked":["Deadly Poison+1","Sucker Punch+1"],"picked":"Blur","floor":29},{"not_picked":["Backflip","Slice+1"],"picked":"Blade Dance","floor":30},{"not_picked":["Concentrate","Expertise"],"picked":"Infinite Blades","floor":31},{"not_picked":["Bullet Time","Unload+1"],"picked":"Die Die Die+1","floor":33},{"not_picked":["Prepared","Dagger Spray+1"],"picked":"Accuracy+1","floor":35},{"not_picked":["Bane+1","Deflect+1"],"picked":"Backstab+1","floor":36},{"not_picked":["Bane+1","Flying Knee+1","Poisoned Stab+1"],"picked":"SKIP","floor":39},{"not_picked":["PanicButton","Impatience"],"picked":"Trip","floor":40},{"not_picked":["Burst","Sucker Punch+1","Predator+1"],"picked":"SKIP","floor":41},{"not_picked":["Eviscerate+1","All Out Attack+1"],"picked":"PiercingWail","floor":44},{"not_picked":["Poisoned Stab+1","Deflect"],"picked":"Terror+1","floor":45},{"not_picked":["Slice+1","Outmaneuver+1"],"picked":"Choke+1","floor":47},{"not_picked":["Blur+1","Flying Knee+1"],"picked":"Leg Sweep+1","floor":48}],"player_experience":383067,"relics_obtained":[{"floor":6,"key":"Bag of Marbles"},{"floor":9,"key":"Vajra"},{"floor":10,"key":"Smiling Mask"},{"floor":23,"key":"Blood Vial"},{"floor":26,"key":"Molten Egg 2"},{"floor":28,"key":"Thread and Needle"},{"floor":41,"key":"Bottled Flame"},{"floor":43,"key":"Potion Belt"},{"floor":44,"key":"Ornamental Fan"},{"floor":46,"key":"Strawberry"}],"event_choices":[{"damage_healed":0,"gold_gain":75,"player_choice":"Gather Gold","damage_taken":11,"max_hp_gain":0,"max_hp_loss":0,"event_name":"World of Goop","floor":4,"gold_loss":0},{"damage_healed":0,"gold_gain":0,"player_choice":"Ignored","damage_taken":0,"max_hp_gain":0,"max_hp_loss":0,"event_name":"Golden Wing","floor":13,"gold_loss":0},{"damage_healed":0,"gold_gain":0,"player_choice":"Became a Ghost","damage_taken":0,"max_hp_gain":0,"max_hp_loss":35,"event_name":"Ghosts","floor":27,"gold_loss":0,"cards_obtained":["Ghostly","Ghostly","Ghostly","Ghostly","Ghostly"]},{"cards_removed":["Backstab"],"damage_healed":0,"gold_gain":0,"player_choice":"Removed Attack","damage_taken":0,"max_hp_gain":0,"max_hp_loss":0,"event_name":"Falling","floor":37,"gold_loss":0},{"damage_healed":0,"gold_gain":0,"player_choice":"Memory 1","damage_taken":0,"max_hp_gain":0,"max_hp_loss":0,"event_name":"SensoryStone","floor":40,"gold_loss":0}],"is_beta":false,"boss_relics":[{"not_picked":["Orrery","Empty Cage"],"picked":"Ring of the Serpent"},{"not_picked":["Runic Dome","Sozu"],"picked":"Fusion Hammer"}],"items_purged_floors":[],"is_endless":false,"potions_floor_spawned":[1,2,8,14,18,19,20,22,33,39,44,47],"ascension_level":0}