{"gold_per_floor":[111,111,129,149,160,185,185,199,199,199,199,214,214,214,214,335,335,353,393,409,141,157,195,110,126,153,165,502,83,93,110,110,212,212,223,223,233,243,35,61,71,71,71,91,109,138,138,138,138,138],"floor_reached":51,"playtime":3802,"items_purged":["Injury","Strike_R","Strike_R"],"score":787,"play_id":"ce0c4c5a-3b8d-4b90-9711-cf65e1b6e8ca","local_time":"20190223001930","is_ascension_mode":true,"campfire_choices":[{"floor":7,"key":"REST"},{"data":"Whirlwind","floor":11,"key":"SMITH"},{"data":"Bash","floor":13,"key":"SMITH"},{"data":"Spot Weakness","floor":15,"key":"SMITH"},{"floor":32,"key":"REST"},{"data":"Madness","floor":42,"key":"SMITH"},{"data":"Limit Break","floor":49,"key":"SMITH"}],"neow_cost":"NONE","seed_source_timestamp":435162795286800,"circlet_count":0,"master_deck":["Strike_R","Strike_R","Strike_R","Defend_R+1","Defend_R","Defend_R","Bash+1","Iron Wave","Spot Weakness+1","Cleave","Heavy Blade","Whirlwind+1","Panacea+1","Shrug It Off","Limit Break+1","Thunderclap+1","Rampage+1","Iron Wave+1","Metallicize","Flex+1","Spot Weakness","Limit Break","Discovery","Flex","Reaper","Rage","Madness","Madness+1","Dropkick+1","Uppercut","Discovery","Metallicize+1","Spot Weakness+1","Havoc+1"],"relics":["Black Blood","NeowsBlessing","Mercury Hourglass","Paper Frog","Matryoshka","Bloody Idol","Runic Pyramid","Red Mask","Orichalcum","Charon\u0027s Ashes","Pantograph","Boot","MawBank","Old Coin","Ornamental Fan","Anchor","Letter Opener","War Paint","Singing Bowl"],"potions_floor_usage":[22,22,23,25,28,40,41,46],"damage_taken":[{"damage":0,"enemies":"2 Louse","floor":1,"turns":1},{"damage":0,"enemies":"Small Slimes","floor":3,"turns":1},{"damage":0,"enemies":"Cultist","floor":4,"turns":1},{"damage":7,"enemies":"Large Slime","floor":5,"turns":6},{"damage":35,"enemies":"Lagavulin","floor":6,"turns":6},{"damage":9,"enemies":"Blue Slaver","floor":8,"turns":4},{"damage":0,"enemies":"Exordium Wildlife","floor":12,"turns":1},{"damage":38,"enemies":"Slime Boss","floor":16,"turns":8},{"damage":15,"enemies":"Spheric Guardian","floor":18,"turns":5},{"damage":10,"enemies":"Masked Bandits","floor":19,"turns":2},{"damage":1,"enemies":"Chosen","floor":20,"turns":4},{"damage":10,"enemies":"3 Cultists","floor":22,"turns":4},{"damage":47,"enemies":"Gremlin Leader","floor":23,"turns":8},{"damage":0,"enemies":"Cultist and Chosen","floor":25,"turns":3},{"damage":27,"enemies":"Slavers","floor":28,"turns":5},{"damage":11,"enemies":"Shelled Parasite and Fungi","floor":30,"turns":5},{"damage":10,"enemies":"Snecko","floor":31,"turns":6},{"damage":68,"enemies":"Collector","floor":33,"turns":8},{"damage":28,"enemies":"3 Darklings","floor":35,"turns":4},{"damage":29,"enemies":"3 Shapes","floor":37,"turns":4},{"damage":19,"enemies":"Sphere and 2 Shapes","floor":38,"turns":4},{"damage":73,"enemies":"Reptomancer","floor":40,"turns":6},{"damage":8,"enemies":"Transient","floor":41,"turns":5},{"damage":15,"enemies":"Writhing Mass","floor":44,"turns":5},{"damage":18,"enemies":"Maw","floor":45,"turns":7},{"damage":125,"enemies":"Giant Head","floor":46,"turns":10},{"damage":75,"enemies":"Awakened One","floor":50,"turns":8}],"seed_played":"-475778661312940438","potions_obtained":[{"floor":1,"key":"EntropicBrew"},{"floor":12,"key":"Poison Potion"},{"floor":16,"key":"AttackPotion"},{"floor":18,"key":"SpeedPotion"},{"floor":22,"key":"LiquidBronze"},{"floor":35,"key":"Swift Potion"},{"floor":45,"key":"EssenceOfSteel"}],"is_trial":false,"path_per_floor":["M","?","M","M","M","E","R","M","T","?","R","M","R","?","R","B",null,"M","?","M","$","M","E","?","M","T","?","E","$","M","M","R","B",null,"M","?","M","M","$","E","M","R","T","M","M","E","?","?","R","B",null],"character_chosen":"IRONCLAD","items_purchased":["Metallicize","Orichalcum","Ornamental Fan","Discovery","Discovery"],"campfire_rested":2,"item_purchase_floors":[21,21,29,29,39],"current_hp_per_floor":[80,62,68,74,73,44,68,65,65,65,65,71,71,71,71,39,80,71,67,72,72,68,27,27,33,33,33,27,32,32,33,57,23,80,80,70,69,66,66,23,30,30,30,36,80,60,60,60,60,49],"gold":138,"neow_bonus":"THREE_ENEMY_KILL","is_prod":false,"is_daily":false,"chose_seed":false,"campfire_upgraded":5,"win_rate":0,"timestamp":1550877570,"path_taken":["M","?","M","M","M","E","R","M","T","?","R","?","R","?","R","BOSS","M","?","M","$","M","E","?","M","T","?","E","$","M","M","R","BOSS","M","?","M","M","$","E","M","R","T","M","M","E","?","?","R","BOSS"],"build_version":"2019-01-23","purchased_purges":3,"victory":true,"max_hp_per_floor":[80,80,80,80,80,80,80,80,80,80,80,80,80,80,80,80,80,80,80,80,80,80,80,80,80,80,80,80,80,80,80,80,80,80,80,80,80,80,80,80,80,80,80,80,80,80,80,80,80,80],"card_choices":[{"not_picked":["Sentinel","Combust","Clash"],"picked":"SKIP","floor":1},{"not_picked":["Pommel Strike","Bloodletting"],"picked":"Iron Wave","floor":3},{"not_picked":["Shockwave","Thunderclap"],"picked":"Spot Weakness","floor":4},{"not_picked":["Blood for Blood","Flame Barrier"],"picked":"Cleave","floor":5},{"not_picked":["Burning Pact","Iron Wave"],"picked":"Heavy Blade","floor":6},{"not_picked":["Sword Boomerang","Anger"],"picked":"Whirlwind","floor":8},{"not_picked":["Blood for Blood","Fire Breathing"],"picked":"Shrug It Off","floor":12},{"not_picked":["Impervious","Exhume"],"picked":"Limit Break","floor":16},{"not_picked":["Hemokinesis+1","Havoc"],"picked":"Thunderclap+1","floor":18},{"not_picked":["Blood for Blood","Heavy Blade"],"picked":"Rampage+1","floor":19},{"not_picked":["Heavy Blade","Whirlwind"],"picked":"Iron Wave+1","floor":20},{"not_picked":["Iron Wave+1","Headbutt","Burning Pact+1"],"picked":"SKIP","floor":22},{"not_picked":["Rampage+1","Power Through"],"picked":"Flex+1","floor":23},{"not_picked":["Inflame","Thunderclap+1"],"picked":"Spot Weakness","floor":25},{"not_picked":["Clash","Iron Wave"],"picked":"Limit Break","floor":28},{"not_picked":["Twin Strike","Feel No Pain"],"picked":"Flex","floor":30},{"not_picked":["Havoc","Searing Blow","Perfected Strike"],"picked":"SKIP","floor":31},{"not_picked":["Dark Embrace","Double Tap"],"picked":"Reaper","floor":33},{"not_picked":["Cleave+1","Perfected Strike"],"picked":"Rage","floor":35},{"not_picked":["Pummel","Cleave"],"picked":"Dropkick+1","floor":37},{"not_picked":["Twin Strike+1","Pummel"],"picked":"Uppercut","floor":38},{"not_picked":["Anger+1","Thunderclap+1"],"picked":"Metallicize+1","floor":40},{"not_picked":["Iron Wave+1","Dual Wield","Twin Strike"],"picked":"SKIP","floor":41},{"not_picked":["Carnage","Heavy Blade"],"picked":"Spot Weakness+1","floor":44},{"not_picked":["Perfected Strike+1","Clothesline","Wild Strike+1"],"picked":"SKIP","floor":45},{"not_picked":["Twin Strike+1","Iron Wave"],"picked":"Havoc+1","floor":46}],"player_experience":210731,"relics_obtained":[{"floor":6,"key":"Paper Frog"},{"floor":9,"key":"Matryoshka"},{"floor":19,"key":"Red Mask"},{"floor":23,"key":"Charon\u0027s Ashes"},{"floor":26,"key":"Boot"},{"floor":26,"key":"MawBank"},{"floor":28,"key":"Old Coin"},{"floor":40,"key":"Anchor"},{"floor":43,"key":"Letter Opener"},{"floor":43,"key":"War Paint"},{"floor":46,"key":"Singing Bowl"}],"event_choices":[{"damage_healed":0,"gold_gain":0,"player_choice":"Success","damage_taken":18,"relics_obtained":["Mercury Hourglass"],"max_hp_gain":0,"max_hp_loss":0,"event_name":"Scrap Ooze","floor":2,"gold_loss":0},{"damage_healed":0,"gold_gain":0,"player_choice":"1 cards matched","damage_taken":0,"max_hp_gain":0,"max_hp_loss":0,"event_name":"Match and Keep!","floor":10,"gold_loss":0,"cards_obtained":["Panacea"]},{"damage_healed":0,"gold_gain":0,"player_choice":"Take Wound","damage_taken":0,"relics_obtained":["Golden Idol"],"max_hp_gain":0,"max_hp_loss":0,"event_name":"Golden Idol","floor":14,"gold_loss":0,"cards_obtained":["Injury"]},{"damage_healed":0,"gold_gain":0,"player_choice":"Fought Bandits","damage_taken":0,"max_hp_gain":0,"max_hp_loss":0,"event_name":"Masked Bandits","floor":19,"gold_loss":0},{"damage_healed":0,"gold_gain":0,"player_choice":"Obtained Relic","damage_taken":0,"relics_obtained":["Pantograph"],"max_hp_gain":0,"max_hp_loss":0,"event_name":"Addict","floor":24,"gold_loss":85},{"damage_healed":0,"gold_gain":0,"player_choice":"Gave Idol","damage_taken":0,"relics_obtained":["Bloody Idol"],"max_hp_gain":0,"max_hp_loss":0,"event_name":"Forgotten Altar","floor":27,"relics_lost":["Golden Idol"],"gold_loss":0},{"damage_healed":0,"gold_gain":0,"player_choice":"Embrace Madness","damage_taken":10,"max_hp_gain":0,"max_hp_loss":0,"event_name":"Winding Halls","floor":36,"gold_loss":0,"cards_obtained":["Madness","Madness"]},{"damage_healed":0,"gold_gain":0,"player_choice":"Ignored","damage_taken":0,"max_hp_gain":0,"max_hp_loss":0,"event_name":"Mysterious Sphere","floor":47,"gold_loss":0},{"cards_removed":["Defend_R"],"damage_healed":0,"gold_gain":0,"player_choice":"Removed Skill","damage_taken":0,"max_hp_gain":0,"max_hp_loss":0,"event_name":"Falling","floor":48,"gold_loss":0}],"is_beta":false,"boss_relics":[{"not_picked":["Tiny House","Orrery"],"picked":"Runic Pyramid"},{"not_picked":["Calling Bell","Snecko Eye"],"picked":"Black Blood"}],"items_purged_floors":[21,29,39],"is_endless":false,"potions_floor_spawned":[1,12,16,18,19,22,35,45],"ascension_level":1}