{"gold_per_floor":[117,128,143,143,192,192,227,227,296,150,150,160,160,180,180,284,284,294,294,294,294,305,305,356,256,256,275,10,10,43,58,58,156,156,168,180,196,210,1209,1209,837,837,864,877,877,877,541,573,573,573],"floor_reached":51,"playtime":930,"items_purged":["Strike_R","Strike_R","Shame","Normality","Normality"],"score":818,"play_id":"6bd59298-577e-4b22-a025-81e97f729530","local_time":"20190420165035","is_ascension_mode":false,"campfire_choices":[{"data":"Inflame","floor":6.0,"key":"SMITH"},{"data":"Uppercut","floor":8.0,"key":"SMITH"},{"data":"Whirlwind","floor":13.0,"key":"SMITH"},{"data":"True Grit","floor":15.0,"key":"SMITH"},{"data":"Immolate","floor":23.0,"key":"SMITH"},{"data":"Shockwave","floor":29.0,"key":"SMITH"},{"data":"Bash","floor":32.0,"key":"SMITH"},{"data":"Demon Form","floor":40.0,"key":"SMITH"},{"data":"Evolve","floor":42.0,"key":"SMITH"},{"data":"Infernal Blade","floor":45.0,"key":"SMITH"},{"data":"Defend_R","floor":49.0,"key":"SMITH"}],"neow_cost":"NONE","seed_source_timestamp":7404210784642,"circlet_count":0,"master_deck":["Strike_R","Defend_R+1","Defend_R","Defend_R","Bash+1","Inflame+1","True Grit+1","Infernal Blade+1","Uppercut+1","Whirlwind+1","Evolve+1","Immolate+1","Shockwave+1","Demon Form+1"],"special_seed":0,"relics":["Coffee Dripper","Dream Catcher","Red Skull","Question Card","Velvet Choker","Lantern","MutagenicStrength","Bag of Preparation","Shuriken","Membership Card","Incense Burner","Empty Cage","Bottled Flame","Oddly Smooth Stone","Boot","Bottled Lightning","TheAbacus","Happy Flower"],"potions_floor_usage":[50,50,50],"damage_taken":[{"damage":0.0,"enemies":"Cultist","floor":1.0,"turns":2.0},{"damage":1.0,"enemies":"Jaw Worm","floor":2.0,"turns":2.0},{"damage":0.0,"enemies":"Small Slimes","floor":3.0,"turns":2.0},{"damage":21.0,"enemies":"Lagavulin","floor":7.0,"turns":6.0},{"damage":0.0,"enemies":"Exordium Thugs","floor":12.0,"turns":3.0},{"damage":0.0,"enemies":"3 Louse","floor":14.0,"turns":1.0},{"damage":9.0,"enemies":"Hexaghost","floor":16.0,"turns":9.0},{"damage":0.0,"enemies":"3 Byrds","floor":18.0,"turns":3.0},{"damage":3.0,"enemies":"Shell Parasite","floor":22.0,"turns":3.0},{"damage":6.0,"enemies":"Shelled Parasite and Fungi","floor":27.0,"turns":3.0},{"damage":20.0,"enemies":"Slavers","floor":30.0,"turns":3.0},{"damage":0.0,"enemies":"Snake Plant","floor":31.0,"turns":2.0},{"damage":17.0,"enemies":"Collector","floor":33.0,"turns":5.0},{"damage":0.0,"enemies":"3 Shapes","floor":35.0,"turns":1.0},{"damage":0.0,"enemies":"3 Darklings","floor":36.0,"turns":1.0},{"damage":1.0,"enemies":"4 Shapes","floor":37.0,"turns":1.0},{"damage":20.0,"enemies":"Writhing Mass","floor":38.0,"turns":6.0},{"damage":0.0,"enemies":"Jaw Worm Horde","floor":44.0,"turns":1.0},{"damage":12.0,"enemies":"Reptomancer","floor":48.0,"turns":4.0},{"damage":30,"enemies":"Awakened One","floor":50,"turns":7}],"seed_played":"5854743790764758154","potions_obtained":[{"floor":1.0,"key":"FearPotion"},{"floor":3.0,"key":"SpeedPotion"},{"floor":7.0,"key":"SpeedPotion"},{"floor":22.0,"key":"Poison Potion"},{"floor":30.0,"key":"PowerPotion"},{"floor":31.0,"key":"LiquidBronze"},{"floor":36.0,"key":"BloodPotion"},{"floor":38.0,"key":"Block Potion"}],"is_trial":false,"path_per_floor":["M","M","M","?","T","R","E","R","T","$","?","M","R","M","R","B",null,"M","?","?","?","M","R","T","$","T","M","$","R","E","M","R","B",null,"M","M","M","M","?","R","$","R","T","M","R","?","$","E","R","B",null],"character_chosen":"IRONCLAD","items_purchased":["Whirlwind","Membership Card","Bottled Flame","Oddly Smooth Stone","SteroidPotion","FearPotion","Ancient Potion","Bottled Lightning","TheAbacus","Strength Potion"],"campfire_rested":0,"item_purchase_floors":[10,28,41,41,41,41,41,47,47,47],"current_hp_per_floor":[80,79,79,84,84,84,63,63,63,63,63,63,63,63,63,54,85,85,85,85,85,82,82,82,82,82,76,76,76,56,56,56,39,85,85,85,84,64,64,64,64,64,64,64,64,64,64,52,52,22],"gold":573,"neow_bonus":"BOSS_RELIC","is_prod":false,"is_daily":false,"chose_seed":false,"campfire_upgraded":11,"win_rate":0,"timestamp":1555800635,"path_taken":["M","M","M","?","?","R","E","R","T","$","?","M","R","?","R","BOSS","M","?","?","?","?","R","?","$","T","?","$","R","E","M","R","BOSS","M","M","M","M","?","R","$","R","T","M","R","?","$","E","R","BOSS"],"build_version":"2019-01-23","purchased_purges":5,"victory":true,"max_hp_per_floor":[80,80,80,85,85,85,85,85,85,85,85,85,85,85,85,85,85,85,85,85,85,85,85,85,85,85,85,85,85,85,85,85,85,85,85,85,85,85,85,85,85,85,85,85,85,85,85,85,85,85],"card_choices":[{"not_picked":["Reckless Charge","Rupture"],"picked":"Inflame","floor":1.0},{"not_picked":["Evolve","Cleave","True Grit"],"picked":"SKIP","floor":2.0},{"not_picked":["Evolve","Cleave"],"picked":"True Grit","floor":2.0},{"not_picked":["Pommel Strike","Iron Wave","Infernal Blade"],"picked":"SKIP","floor":3.0},{"not_picked":["Pommel Strike","Iron Wave"],"picked":"Infernal Blade","floor":3.0},{"not_picked":["Body Slam","Flex"],"picked":"Uppercut","floor":7.0},{"not_picked":["Cleave","Second Wind","Clash","Perfected Strike"],"picked":"SKIP","floor":12.0},{"not_picked":["Rupture","Shrug It Off","Wild Strike","True Grit"],"picked":"SKIP","floor":14.0},{"not_picked":["Demon Form","Reaper","Impervious"],"picked":"Immolate","floor":16.0},{"not_picked":["Combust","Heavy Blade","Anger","Perfected Strike"],"picked":"SKIP","floor":18.0},{"not_picked":["Combust","Heavy Blade","Anger","Perfected Strike"],"picked":"SKIP","floor":18.0},{"not_picked":["Iron Wave","Spot Weakness","Reckless Charge","Dual Wield"],"picked":"SKIP","floor":22.0},{"not_picked":["Body Slam+1","Pommel Strike","Flame Barrier"],"picked":"Shockwave","floor":27.0},{"not_picked":["Thunderclap","Fiend Fire","Metallicize","Cleave"],"picked":"SKIP","floor":30.0},{"not_picked":["Flex","Iron Wave","Dropkick","Second Wind"],"picked":"SKIP","floor":31.0},{"not_picked":["Offering","Double Tap","Juggernaut"],"picked":"Demon Form","floor":33.0},{"not_picked":["Sever Soul","Anger+1","Body Slam","Perfected Strike"],"picked":"SKIP","floor":35.0},{"not_picked":["Clash+1","Rampage+1","Fire Breathing+1","Flex"],"picked":"SKIP","floor":36.0},{"not_picked":["Anger","Iron Wave","True Grit","Burning Pact+1"],"picked":"SKIP","floor":37.0},{"not_picked":["Uppercut+1","Flex","Corruption","Fire Breathing+1"],"picked":"SKIP","floor":38.0},{"not_picked":["Burning Pact+1","Corruption+1","Ghostly Armor+1","Disarm"],"picked":"SKIP","floor":44.0},{"not_picked":["Clash","Pommel Strike","Headbutt+1","Feed"],"picked":"SKIP","floor":48.0}],"player_experience":1273133,"relics_obtained":[{"floor":5.0,"key":"Dream Catcher"},{"floor":7.0,"key":"Red Skull"},{"floor":9.0,"key":"Question Card"},{"floor":24.0,"key":"Bag of Preparation"},{"floor":26.0,"key":"Shuriken"},{"floor":30.0,"key":"Incense Burner"},{"floor":43.0,"key":"Boot"},{"floor":48.0,"key":"Happy Flower"}],"event_choices":[{"damage_healed":0.0,"max_hp_gain":5.0,"max_hp_loss":0.0,"gold_gain":0.0,"event_name":"Big Fish","player_choice":"Donut","floor":4.0,"gold_loss":0.0,"damage_taken":0.0},{"damage_healed":0.0,"max_hp_gain":0.0,"max_hp_loss":0.0,"gold_gain":0.0,"cards_transformed":["Strike_R"],"event_name":"Transmorgrifier","player_choice":"Transformed","floor":11.0,"gold_loss":0.0,"damage_taken":0.0,"cards_obtained":["Evolve"]},{"damage_healed":0.0,"max_hp_gain":0.0,"max_hp_loss":0.0,"gold_gain":0.0,"event_name":"Addict","player_choice":"Stole Relic","floor":19.0,"gold_loss":0.0,"damage_taken":0.0,"relics_obtained":["Lantern"],"cards_obtained":["Shame"]},{"damage_healed":0.0,"max_hp_gain":0.0,"max_hp_loss":0.0,"gold_gain":0.0,"event_name":"Drug Dealer","player_choice":"Inject Mutagens","floor":20.0,"gold_loss":0.0,"damage_taken":0.0,"relics_obtained":["MutagenicStrength"]},{"damage_healed":0.0,"max_hp_gain":0.0,"max_hp_loss":0.0,"gold_gain":0.0,"event_name":"NoteForYourself","player_choice":"Ignored","floor":21.0,"gold_loss":0.0,"damage_taken":0.0},{"damage_healed":0.0,"max_hp_gain":0.0,"max_hp_loss":0.0,"gold_gain":999.0,"event_name":"MindBloom","player_choice":"Gold","floor":39.0,"gold_loss":0.0,"damage_taken":0.0,"cards_obtained":["Normality","Normality"]},{"damage_healed":0.0,"max_hp_gain":0.0,"max_hp_loss":0.0,"gold_gain":0.0,"event_name":"Tomb of Lord Red Mask","player_choice":"Ignored","floor":46.0,"gold_loss":0.0,"damage_taken":0.0}],"is_beta":false,"boss_relics":[{"not_picked":["Astrolabe","Runic Dome"],"picked":"Velvet Choker"},{"not_picked":["Lizard Tail","Tiny House"],"picked":"Empty Cage"}],"items_purged_floors":[10,25,28,41,47],"is_endless":false,"potions_floor_spawned":[1,3,7,22,30,31,36,38],"ascension_level":0}