{"gold_per_floor":[111,81,93,103,120,152,152,54,54,70,145,95,112,146,146,146],"floor_reached":16,"playtime":488,"items_purged":["Strike_R","Defend_R"],"score":112,"play_id":"0040020b-579c-407e-bc46-add3b20538de","local_time":"20190415144353","is_ascension_mode":false,"campfire_choices":[{"data":"Armaments","floor":7,"key":"SMITH"},{"data":"Bash","floor":15,"key":"SMITH"}],"neow_cost":"NONE","seed_source_timestamp":333480632644900,"circlet_count":0,"master_deck":["Strike_R","Strike_R","Strike_R","Strike_R","Defend_R","Defend_R","Defend_R","Bash+1","Armaments+1","Pommel Strike","Thunderclap","True Grit","Body Slam","Pommel Strike"],"relics":["Burning Blood","Lantern","Smiling Mask","Bottled Lightning","Bottled Flame"],"potions_floor_usage":[6,14,16,16],"damage_taken":[{"damage":1,"enemies":"Jaw Worm","floor":1,"turns":4},{"damage":6,"enemies":"Cultist","floor":3,"turns":3},{"damage":0,"enemies":"2 Louse","floor":4,"turns":3},{"damage":6,"enemies":"Exordium Wildlife","floor":5,"turns":5},{"damage":1,"enemies":"Gremlin Nob","floor":6,"turns":3},{"damage":20,"enemies":"Exordium Thugs","floor":10,"turns":5},{"damage":1,"enemies":"3 Louse","floor":13,"turns":3},{"damage":17,"enemies":"3 Sentries","floor":14,"turns":7},{"damage":63,"enemies":"Hexaghost","floor":16,"turns":11}],"seed_played":"-2148064419346286869","potions_obtained":[{"floor":2,"key":"BloodPotion"},{"floor":2,"key":"AttackPotion"},{"floor":4,"key":"PowerPotion"},{"floor":6,"key":"Strength Potion"},{"floor":14,"key":"SteroidPotion"}],"is_trial":false,"path_per_floor":["M","?","M","M","M","E","R","$","T","M","?","$","M","E","R","B"],"character_chosen":"IRONCLAD","items_purchased":["Body Slam"],"campfire_rested":0,"item_purchase_floors":[8],"current_hp_per_floor":[80,80,80,80,80,80,80,80,80,66,55,55,60,57,57,0],"gold":146,"neow_bonus":"RANDOM_COMMON_RELIC","is_prod":false,"is_daily":false,"chose_seed":false,"campfire_upgraded":2,"win_rate":0,"timestamp":1555332233,"path_taken":["M","?","M","?","M","E","R","?","T","M","?","$","M","E","R","BOSS"],"build_version":"2019-01-23","purchased_purges":2,"victory":false,"max_hp_per_floor":[80,80,80,80,80,80,80,80,80,80,80,80,80,80,80,80],"card_choices":[{"not_picked":["Wild Strike","Sword Boomerang","Ghostly Armor"],"picked":"SKIP","floor":1},{"not_picked":["Burning Pact","Flame Barrier"],"picked":"Armaments","floor":3},{"not_picked":["Clothesline","Entrench"],"picked":"Pommel Strike","floor":4},{"not_picked":["Headbutt","Armaments"],"picked":"Thunderclap","floor":5},{"not_picked":["Wild Strike","Searing Blow"],"picked":"True Grit","floor":6},{"not_picked":["Metallicize","Warcry","Pummel"],"picked":"SKIP","floor":10},{"not_picked":["Seeing Red","Armaments"],"picked":"Pommel Strike","floor":13},{"not_picked":["Corruption","Thunderclap","Evolve"],"picked":"SKIP","floor":14}],"player_experience":586221,"relics_obtained":[{"floor":6,"key":"Smiling Mask"},{"floor":9,"key":"Bottled Lightning"},{"floor":14,"key":"Bottled Flame"}],"event_choices":[{"damage_healed":0,"gold_gain":0,"player_choice":"Bought 2 Potions","damage_taken":0,"max_hp_gain":0,"max_hp_loss":0,"event_name":"The Woman in Blue","floor":2,"gold_loss":0},{"damage_healed":0,"gold_gain":75,"player_choice":"Gather Gold","damage_taken":11,"max_hp_gain":0,"max_hp_loss":0,"event_name":"World of Goop","floor":11,"gold_loss":0}],"is_beta":false,"boss_relics":[],"items_purged_floors":[8,12],"is_endless":false,"potions_floor_spawned":[4,5,6,14],"killed_by":"Hexaghost","ascension_level":0}