{"gold_per_floor":[118,136,136,61,80,80,108,125,149,169,269,269,285,297,297,396,396,408,423,283,294,307,307,319,319,400,411,430,448,448],"floor_reached":30,"playtime":1738,"items_purged":["Strike_B"],"score":312,"play_id":"9b756bfb-7d15-42b6-93dc-86c0e7e3a796","local_time":"20181219143632","is_ascension_mode":true,"campfire_choices":[{"data":"Zap","floor":6,"key":"SMITH"},{"data":"Consume","floor":12,"key":"SMITH"},{"data":"Fusion","floor":15,"key":"SMITH"},{"data":"Discovery","floor":23,"key":"SMITH"},{"data":"Coolheaded","floor":25,"key":"SMITH"}],"neow_cost":"NONE","seed_source_timestamp":150105509808000,"circlet_count":0,"master_deck":["Strike_B","Strike_B","Defend_B","Defend_B+1","Defend_B","Defend_B","Zap+1","Dualcast+1","FTL","Consume+1","Cold Snap","Fusion+1","FTL","Core Surge","Coolheaded+1","Discovery+1","Chill","Barrage+1"],"relics":["FrozenCore","Centennial Puzzle","War Paint","Pen Nib","Molten Egg 2"],"potions_floor_usage":[8,16,16,16,21,21],"damage_taken":[{"damage":2,"enemies":"Jaw Worm","floor":1,"turns":4},{"damage":0,"enemies":"Cultist","floor":2,"turns":2},{"damage":0,"enemies":"2 Louse","floor":5,"turns":3},{"damage":18,"enemies":"Gremlin Nob","floor":7,"turns":3},{"damage":0,"enemies":"Lots of Slimes","floor":8,"turns":4},{"damage":0,"enemies":"2 Fungi Beasts","floor":10,"turns":3},{"damage":0,"enemies":"Gremlin Gang","floor":13,"turns":6},{"damage":5,"enemies":"Exordium Wildlife","floor":14,"turns":3},{"damage":32,"enemies":"The Guardian","floor":16,"turns":18},{"damage":4,"enemies":"Spheric Guardian","floor":18,"turns":5},{"damage":0,"enemies":"Chosen","floor":19,"turns":6},{"damage":6,"enemies":"Shelled Parasite and Fungi","floor":21,"turns":7},{"damage":13,"enemies":"Snake Plant","floor":22,"turns":5},{"damage":10,"enemies":"Cultist and Chosen","floor":24,"turns":6},{"damage":9,"enemies":"Sentry and Sphere","floor":27,"turns":7},{"damage":11,"enemies":"Centurion and Healer","floor":28,"turns":10},{"damage":13,"enemies":"3 Cultists","floor":29,"turns":7},{"damage":8,"enemies":"Shelled Parasite and Fungi","floor":30,"turns":1}],"seed_played":"8717371336091886455","potions_obtained":[{"floor":1,"key":"SpeedPotion"},{"floor":2,"key":"Block Potion"},{"floor":7,"key":"SneckoOil"},{"floor":10,"key":"Weak Potion"},{"floor":13,"key":"EssenceOfSteel"},{"floor":16,"key":"SpeedPotion"},{"floor":18,"key":"Regen Potion"},{"floor":19,"key":"SpeedPotion"},{"floor":21,"key":"Poison Potion"},{"floor":24,"key":"AttackPotion"}],"is_trial":false,"path_per_floor":["M","M","?","$","M","R","E","M","T","M","?","R","M","M","R","B",null,"M","M","$","M","M","R","M","R","T","M","M","M","M"],"character_chosen":"DEFECT","items_purchased":["Coolheaded","Discovery"],"campfire_rested":0,"item_purchase_floors":[20,20],"current_hp_per_floor":[66,66,66,66,66,66,48,48,48,48,48,48,48,43,43,11,59,55,55,55,64,51,51,41,41,41,32,21,8,0],"gold":448,"neow_bonus":"RANDOM_COMMON_RELIC","is_prod":false,"is_daily":false,"chose_seed":false,"campfire_upgraded":5,"win_rate":0,"timestamp":1545226592,"path_taken":["M","M","?","?","M","R","E","?","T","M","?","R","?","M","R","BOSS","M","M","$","M","M","R","M","R","T","M","M","M","M"],"build_version":"2018-12-13","purchased_purges":1,"victory":false,"max_hp_per_floor":[75,75,75,75,75,75,75,75,75,75,75,75,75,75,75,75,75,75,75,75,75,75,75,75,75,75,75,75,75,75],"card_choices":[{"not_picked":["Compile Driver","Lockon"],"picked":"FTL","floor":1},{"not_picked":["Gash","Cold Snap"],"picked":"Consume","floor":2},{"not_picked":["Scrape","Skim","Stack"],"picked":"SKIP","floor":5},{"not_picked":["Leap","Rip and Tear"],"picked":"Cold Snap","floor":7},{"not_picked":["Auto Shields","Rebound"],"picked":"Fusion","floor":8},{"not_picked":["Fusion","Conserve Battery","Beam Cell"],"picked":"SKIP","floor":10},{"not_picked":["Thunder Strike","Streamline"],"picked":"FTL","floor":13},{"not_picked":["Stack","Tempest","Steam"],"picked":"SKIP","floor":14},{"not_picked":["Machine Learning","Hyperbeam"],"picked":"Core Surge","floor":16},{"not_picked":["Beam Cell","Hologram","Sunder"],"picked":"SKIP","floor":18},{"not_picked":["Sunder","Stack","BootSequence"],"picked":"SKIP","floor":19},{"not_picked":["Steam","Sweeping Beam","Consume+1"],"picked":"SKIP","floor":21},{"not_picked":["Recycle","Melter"],"picked":"Chill","floor":22},{"not_picked":["Streamline","Aggregate","Ball Lightning"],"picked":"SKIP","floor":24},{"not_picked":["Rebound+1","Lockon+1","Heatsinks"],"picked":"SKIP","floor":27},{"not_picked":["Chill","Rebound+1","Melter+1"],"picked":"SKIP","floor":28},{"not_picked":["Aggregate","Go for the Eyes+1"],"picked":"Barrage+1","floor":29}],"player_experience":278884,"relics_obtained":[{"floor":7,"key":"War Paint"},{"floor":9,"key":"Pen Nib"},{"floor":26,"key":"Molten Egg 2"}],"event_choices":[{"cards_removed":["Strike_B"],"damage_healed":0,"gold_gain":0,"player_choice":"Offered Basic","damage_taken":0,"max_hp_gain":0,"max_hp_loss":0,"event_name":"Bonfire Elementals","floor":3,"gold_loss":0},{"damage_healed":0,"gold_gain":100,"player_choice":"Pray","damage_taken":0,"max_hp_gain":0,"max_hp_loss":0,"event_name":"Golden Shrine","floor":11,"gold_loss":0}],"is_beta":false,"boss_relics":[{"not_picked":["White Beast Statue","Philosopher\u0027s Stone"],"picked":"FrozenCore"}],"items_purged_floors":[4],"is_endless":false,"potions_floor_spawned":[1,2,7,10,13,16,18,19,21,24],"killed_by":"Shelled Parasite and Fungi","ascension_level":6}