{"gold_per_floor":[117,117,130,143,159,159,177,177,201,90,110,122,138,149,149,245,245,185,185,185,205,224,224,242,242,242,267,267,267,282,298,298,399,399,417,13,33,50,63,63,63,63,89,124,26,42,60,60,60,60,60,60,12,44,44],"floor_reached":56,"playtime":3320,"items_purged":["Strike_B","Strike_B"],"score":1145,"play_id":"16363456-377e-477a-89ed-108a871e19d6","local_time":"20190410224038","is_ascension_mode":false,"campfire_choices":[{"data":"Go for the Eyes","floor":6,"key":"SMITH"},{"data":"Zap","floor":8,"key":"SMITH"},{"data":"Defragment","floor":15,"key":"SMITH"},{"data":"Sunder","floor":23,"key":"SMITH"},{"data":"Echo Form","floor":25,"key":"SMITH"},{"data":"Capacitor","floor":29,"key":"SMITH"},{"data":"Consume","floor":32,"key":"SMITH"},{"floor":40,"key":"RECALL"}],"neow_cost":"NONE","seed_source_timestamp":100234137591435,"circlet_count":0,"master_deck":["Defend_B","Defend_B","Defend_B","Zap+1","Dualcast","All For One","Capacitor+1","Go for the Eyes+1","Auto Shields","Glacier","Consume+1","Defragment+1","Conserve Battery","Self Repair","Chill","Echo Form+1","Tempest","RitualDagger","Sunder+1","Conserve Battery+1","Heatsinks","Necronomicurse","Reboot","White Noise+1","Amplify","Glacier+1","Gash+1","Gash+1","Leap+1","Hologram+1","Force Field+1","Panacea","Force Field"],"relics":["Cracked Core","Coffee Dripper","Bottled Tornado","Pear","DataDisk","Necronomicon","Fusion Hammer","Membership Card","Art of War","Bronze Scales","Lantern","Vajra","Chemical X","Oddly Smooth Stone","Pantograph"],"potions_floor_usage":[16,16,27,33,35,39,46,55,55,55],"damage_taken":[{"damage":6,"enemies":"Jaw Worm","floor":1,"turns":3},{"damage":15,"enemies":"Small Slimes","floor":3,"turns":4},{"damage":0,"enemies":"Cultist","floor":4,"turns":4},{"damage":3,"enemies":"Blue Slaver","floor":5,"turns":5},{"damage":2,"enemies":"Large Slime","floor":7,"turns":8},{"damage":3,"enemies":"Lots of Slimes","floor":11,"turns":4},{"damage":15,"enemies":"Exordium Thugs","floor":12,"turns":4},{"damage":2,"enemies":"Red Slaver","floor":13,"turns":5},{"damage":0,"enemies":"2 Fungi Beasts","floor":14,"turns":7},{"damage":21,"enemies":"Slime Boss","floor":16,"turns":9},{"damage":1,"enemies":"2 Thieves","floor":18,"turns":4},{"damage":6,"enemies":"Chosen","floor":21,"turns":4},{"damage":0,"enemies":"Centurion and Healer","floor":22,"turns":9},{"damage":8,"enemies":"Snake Plant","floor":24,"turns":4},{"damage":10,"enemies":"Gremlin Leader","floor":27,"turns":8},{"damage":10,"enemies":"Shelled Parasite and Fungi","floor":30,"turns":5},{"damage":2,"enemies":"Snecko","floor":31,"turns":7},{"damage":5,"enemies":"Automaton","floor":33,"turns":11},{"damage":12,"enemies":"3 Shapes","floor":35,"turns":3},{"damage":0,"enemies":"3 Darklings","floor":37,"turns":5},{"damage":37,"enemies":"Spire Growth","floor":38,"turns":4},{"damage":29,"enemies":"Jaw Worm Horde","floor":39,"turns":4},{"damage":6,"enemies":"Nemesis","floor":44,"turns":8},{"damage":5,"enemies":"Writhing Mass","floor":46,"turns":5},{"damage":2,"enemies":"4 Shapes","floor":47,"turns":6},{"damage":31,"enemies":"Time Eater","floor":50,"turns":10},{"damage":40,"enemies":"Shield and Spear","floor":54,"turns":6},{"damage":36,"enemies":"The Heart","floor":55,"turns":8}],"seed_played":"449155287875721376","potions_obtained":[{"floor":3,"key":"LiquidBronze"},{"floor":7,"key":"Dexterity Potion"},{"floor":11,"key":"FocusPotion"},{"floor":16,"key":"Regen Potion"},{"floor":21,"key":"Poison Potion"},{"floor":27,"key":"LiquidBronze"},{"floor":33,"key":"Poison Potion"},{"floor":39,"key":"Explosive Potion"},{"floor":44,"key":"LiquidBronze"},{"floor":46,"key":"Energy Potion"}],"is_trial":false,"path_per_floor":["M","?","M","M","M","R","M","R","T","$","M","M","M","M","R","B",null,"M","?","T","M","M","R","M","R","T","E","?","R","M","M","R","B",null,"M","$","M","M","M","R","?","R","T","E","$","M","M","T","R","B",null,"R","$","E","B",null],"character_chosen":"DEFECT","items_purchased":["Defragment","Membership Card","Art of War","Bronze Scales","Chemical X","Panacea"],"campfire_rested":0,"item_purchase_floors":[10,36,36,36,45,53],"current_hp_per_floor":[69,62,47,47,44,44,42,42,42,42,39,24,29,36,36,22,75,75,69,69,75,75,75,74,74,84,81,65,65,62,67,67,69,85,80,80,85,62,52,52,52,52,52,60,60,69,81,81,81,57,85,85,85,52,48],"gold":44,"neow_bonus":"TRANSFORM_CARD","is_prod":false,"is_daily":false,"chose_seed":false,"campfire_upgraded":7,"win_rate":0,"timestamp":1554907238,"path_taken":["M","?","M","M","M","R","M","R","T","$","M","M","M","M","R","BOSS","M","?","?","M","?","R","M","R","T","E","?","R","M","M","R","BOSS","M","$","M","M","M","R","?","R","T","E","$","M","?","?","R","BOSS","R","$","E","BOSS"],"build_version":"2019-01-23","purchased_purges":2,"victory":true,"max_hp_per_floor":[75,75,75,75,75,75,75,75,75,75,75,75,75,75,75,75,75,75,75,75,75,75,75,75,75,85,85,85,85,85,85,85,85,85,85,85,85,85,85,85,85,85,85,85,85,85,85,85,85,85,85,85,85,85,85],"card_choices":[{"not_picked":["Compile Driver","Steam"],"picked":"Capacitor","floor":1},{"not_picked":["Cold Snap","Compile Driver"],"picked":"Go for the Eyes","floor":3},{"not_picked":["Barrage","Force Field"],"picked":"Auto Shields","floor":4},{"not_picked":["Biased Cognition","Conserve Battery"],"picked":"Glacier","floor":5},{"not_picked":["Rebound","Coolheaded"],"picked":"Consume","floor":7},{"not_picked":["Redo","Static Discharge"],"picked":"Conserve Battery","floor":11},{"not_picked":["Beam Cell","Sweeping Beam"],"picked":"Self Repair","floor":12},{"not_picked":["Steam Power","Rip and Tear","Blizzard"],"picked":"SKIP","floor":13},{"not_picked":["Reprogram","Leap"],"picked":"Chill","floor":14},{"not_picked":["Creative AI","Buffer"],"picked":"Echo Form","floor":16},{"not_picked":["Cold Snap","Ball Lightning"],"picked":"Tempest","floor":18},{"not_picked":["Stack","Compile Driver","Consume"],"picked":"SKIP","floor":21},{"not_picked":["Go for the Eyes+1","Lockon"],"picked":"Sunder","floor":22},{"not_picked":["Ball Lightning","Hologram"],"picked":"Conserve Battery+1","floor":24},{"not_picked":["Self Repair+1","Steam+1"],"picked":"Heatsinks","floor":27},{"not_picked":["Barrage","Consume"],"picked":"Reboot","floor":30},{"not_picked":["Go for the Eyes","Conserve Battery"],"picked":"White Noise+1","floor":31},{"not_picked":["Buffer","Machine Learning"],"picked":"Amplify","floor":33},{"not_picked":["Compile Driver+1","Coolheaded+1"],"picked":"Glacier+1","floor":35},{"not_picked":["Heatsinks","Cold Snap"],"picked":"Gash+1","floor":37},{"not_picked":["Steam Power+1","Coolheaded+1"],"picked":"Gash+1","floor":38},{"not_picked":["Tempest+1","Go for the Eyes"],"picked":"Leap+1","floor":39},{"not_picked":["Streamline","Go for the Eyes+1"],"picked":"Hologram+1","floor":44},{"not_picked":["Sweeping Beam","Consume"],"picked":"Force Field+1","floor":46},{"not_picked":["Go for the Eyes+1","FTL","Cold Snap+1"],"picked":"SKIP","floor":47},{"not_picked":["Coolheaded+1","Rainbow"],"picked":"Force Field","floor":54}],"player_experience":954918,"relics_obtained":[{"floor":20,"key":"Bottled Tornado"},{"floor":26,"key":"Pear"},{"floor":27,"key":"DataDisk"},{"floor":28,"key":"Necronomicon"},{"floor":43,"key":"Lantern"},{"floor":44,"key":"Vajra"},{"floor":48,"key":"Oddly Smooth Stone"},{"floor":54,"key":"Pantograph"}],"event_choices":[{"cards_removed":["Strike_B"],"damage_healed":0,"gold_gain":0,"player_choice":"Card Removal","damage_taken":7,"max_hp_gain":0,"max_hp_loss":0,"event_name":"Golden Wing","floor":2,"gold_loss":0},{"damage_healed":0,"gold_gain":0,"player_choice":"Joined the Cult","damage_taken":6,"max_hp_gain":0,"max_hp_loss":0,"event_name":"Nest","floor":19,"gold_loss":0,"cards_obtained":["RitualDagger"]},{"damage_healed":0,"gold_gain":0,"player_choice":"Obtained Book","damage_taken":16,"max_hp_gain":0,"max_hp_loss":0,"event_name":"Cursed Tome","floor":28,"gold_loss":0},{"cards_removed":["Defend_B"],"damage_healed":0,"gold_gain":0,"player_choice":"Purged","damage_taken":0,"max_hp_gain":0,"max_hp_loss":0,"event_name":"Purifier","floor":41,"gold_loss":0}],"is_beta":false,"boss_relics":[{"not_picked":["Inserter","Empty Cage"],"picked":"Coffee Dripper"},{"not_picked":["Velvet Choker","Lizard Tail"],"picked":"Fusion Hammer"}],"items_purged_floors":[10,36],"is_endless":false,"potions_floor_spawned":[3,7,11,12,16,21,27,30,33,39,44,46],"ascension_level":0}