{"gold_per_floor":[116,128,203,217,235,235,235,262,262,262,262,262,288,302,302,402,402,415,515,137,149,164,164,89,117,129,141,169,198,230,256,268,385,397,429,25,36,46,46,46,60,73,73,73,90,104,123,139,139,139],"floor_reached":51,"playtime":3519,"items_purged":["Strike_G","Strike_G+1"],"score":789,"play_id":"b9eaca52-c1ee-402b-9c7c-ddaaee8d4a93","local_time":"20190422115343","is_ascension_mode":true,"campfire_choices":[{"data":"Bouncing Flask","floor":6.0,"key":"SMITH"},{"data":"Neutralize","floor":10.0,"key":"SMITH"},{"floor":12.0,"key":"REST"},{"data":"Crippling Poison","floor":15.0,"key":"SMITH"},{"data":"Cloak And Dagger","floor":23.0,"key":"SMITH"},{"data":"Malaise","floor":32.0,"key":"SMITH"},{"data":"Footwork","floor":40.0,"key":"SMITH"},{"data":"Corpse Explosion","floor":44.0,"key":"SMITH"},{"data":"Backflip","floor":49,"key":"SMITH"}],"neow_cost":"NONE","seed_source_timestamp":958074833517049,"circlet_count":0,"master_deck":["Defend_G+1","Defend_G+1","Defend_G+1","Defend_G+1","Defend_G+1","Strike_G+1","Survivor","Neutralize+1","Crippling Poison+1","Infinite Blades","Dagger Spray","Bouncing Flask+1","Backflip+1","PiercingWail","Malaise+1","PiercingWail+1","Cloak And Dagger+1","Deadly Poison+1","Dash","Footwork+1","Terror+1","Corpse Explosion+1","Footwork+1","Accuracy+1"],"special_seed":0,"relics":["Ring of the Snake","Dream Catcher","Dodecahedron","Pocketwatch","Shuriken","Coffee Dripper","Unceasing Top","Mercury Hourglass","Meat on the Bone","MawBank","Molten Egg 2","Sozu","Ornamental Fan","Frozen Egg 2","Strawberry"],"potions_floor_usage":[],"damage_taken":[{"damage":1.0,"enemies":"Small Slimes","floor":1.0,"turns":4.0},{"damage":1.0,"enemies":"Jaw Worm","floor":2.0,"turns":4.0},{"damage":1.0,"enemies":"2 Louse","floor":4.0,"turns":2.0},{"damage":2.0,"enemies":"Exordium Wildlife","floor":5.0,"turns":5.0},{"damage":9.0,"enemies":"3 Sentries","floor":8.0,"turns":4.0},{"damage":6.0,"enemies":"Gremlin Nob","floor":13.0,"turns":4.0},{"damage":4.0,"enemies":"Gremlin Gang","floor":14.0,"turns":4.0},{"damage":4.0,"enemies":"Hexaghost","floor":16.0,"turns":8.0},{"damage":1.0,"enemies":"Spheric Guardian","floor":18.0,"turns":3.0},{"damage":6.0,"enemies":"Colosseum Slavers","floor":19.0,"turns":5.0},{"damage":31.0,"enemies":"Colosseum Nobs","floor":19.0,"turns":5.0},{"damage":0.0,"enemies":"3 Byrds","floor":21.0,"turns":2.0},{"damage":13.0,"enemies":"Centurion and Healer","floor":22.0,"turns":6.0},{"damage":17.0,"enemies":"Slavers","floor":25.0,"turns":4.0},{"damage":5.0,"enemies":"Shelled Parasite and Fungi","floor":28.0,"turns":6.0},{"damage":0.0,"enemies":"Snecko","floor":29.0,"turns":5.0},{"damage":0.0,"enemies":"Snake Plant","floor":30.0,"turns":4.0},{"damage":0.0,"enemies":"Cultist and Chosen","floor":31.0,"turns":5.0},{"damage":6.0,"enemies":"Automaton","floor":33.0,"turns":10.0},{"damage":0.0,"enemies":"Orb Walker","floor":35.0,"turns":4.0},{"damage":0.0,"enemies":"3 Darklings","floor":37.0,"turns":4.0},{"damage":0.0,"enemies":"Jaw Worm Horde","floor":38.0,"turns":4.0},{"damage":0.0,"enemies":"Writhing Mass","floor":41.0,"turns":6.0},{"damage":2.0,"enemies":"Maw","floor":42.0,"turns":7.0},{"damage":0.0,"enemies":"Transient","floor":45.0,"turns":5.0},{"damage":0.0,"enemies":"3 Darklings","floor":46.0,"turns":5.0},{"damage":0.0,"enemies":"Spire Growth","floor":47.0,"turns":6.0},{"damage":10,"enemies":"Jaw Worm Horde","floor":48,"turns":6},{"damage":10,"enemies":"Awakened One","floor":50,"turns":15}],"seed_played":"8915636849994415242","potions_obtained":[{"floor":1.0,"key":"Block Potion"},{"floor":2.0,"key":"AttackPotion"},{"floor":5.0,"key":"SteroidPotion"},{"floor":14.0,"key":"Regen Potion"},{"floor":16.0,"key":"Explosive Potion"},{"floor":19.0,"key":"PowerPotion"},{"floor":30.0,"key":"EssenceOfSteel"},{"floor":31.0,"key":"Fire Potion"}],"is_trial":false,"path_per_floor":["?","?","?","?","?","?","M","M","T","M","M"],"character_chosen":"THE_SILENT","items_purchased":["Meat on the Bone","Cloak And Dagger","Ornamental Fan","Footwork"],"campfire_rested":1,"item_purchase_floors":[20,20,36,36],"current_hp_per_floor":[69,68,57,56,54,54,54,45,45,45,27,48,42,38,38,34,70,69,45,45,45,44,44,44,39,39,39,46,46,46,46,46,40,70,70,70,70,70,70,70,70,68,75,75,75,75,75,65,65,55],"gold":139,"neow_bonus":"TRANSFORM_CARD","is_prod":false,"is_daily":false,"chose_seed":false,"campfire_upgraded":8,"win_rate":0,"timestamp":1555952023,"path_taken":["M","M","?","M","M","R","?","E","T","R","?","R","E","M","R","BOSS","M","?","$","M","M","R","?","E","T","?","?","M","M","M","R","BOSS","M","$","?","M","?","R","M","M","T","R","?","M","M","?","R","BOSS"],"build_version":"2019-01-23","purchased_purges":2,"victory":true,"max_hp_per_floor":[70,70,70,70,70,70,70,70,70,70,70,70,70,70,70,70,70,70,70,70,70,70,70,70,70,70,70,70,70,70,70,70,70,70,70,70,70,70,70,70,70,70,77,77,77,77,77,77,77,77],"card_choices":[{"not_picked":["Catalyst","Heel Hook"],"picked":"Infinite Blades","floor":1.0},{"not_picked":["Quick Slash","Skewer"],"picked":"Dagger Spray","floor":2.0},{"not_picked":["Riddle With Holes","Poisoned Stab"],"picked":"Bouncing Flask","floor":4.0},{"not_picked":["Flying Knee","Bane","Riddle With Holes"],"picked":"SKIP","floor":5.0},{"not_picked":["Concentrate","Bane"],"picked":"Backflip","floor":8.0},{"not_picked":["Underhanded Strike","Riddle With Holes"],"picked":"PiercingWail","floor":12.0},{"not_picked":["Flying Knee","Grand Finale","Blade Dance"],"picked":"SKIP","floor":13.0},{"not_picked":["Eviscerate","Calculated Gamble","Dagger Throw"],"picked":"SKIP","floor":14.0},{"not_picked":["Wraith Form v2","Grand Finale"],"picked":"Malaise","floor":16.0},{"not_picked":["Quick Slash","Dagger Spray+1"],"picked":"PiercingWail+1","floor":18.0},{"not_picked":["Infinite Blades+1","Riddle With Holes"],"picked":"Deadly Poison+1","floor":21.0},{"not_picked":["Outmaneuver","Slice+1"],"picked":"Dash","floor":22.0},{"not_picked":["Flying Knee+1","Calculated Gamble","Tactician"],"picked":"SKIP","floor":25.0},{"not_picked":["Flying Knee+1","Calculated Gamble","Tactician"],"picked":"SKIP","floor":25.0},{"not_picked":["PiercingWail","Sucker Punch+1","Dodge and Roll"],"picked":"SKIP","floor":28.0},{"not_picked":["Quick Slash+1","Unload+1","Poisoned Stab+1"],"picked":"SKIP","floor":29.0},{"not_picked":["Blade Dance","Concentrate"],"picked":"Footwork+1","floor":30.0},{"not_picked":["Flying Knee+1","Backflip"],"picked":"Terror+1","floor":31.0},{"not_picked":["Night Terror","Glass Knife+1"],"picked":"Corpse Explosion","floor":33.0},{"not_picked":["Riddle With Holes+1","Prepared","Outmaneuver+1"],"picked":"SKIP","floor":35.0},{"not_picked":["Prepared+1","Skewer+1","PiercingWail"],"picked":"SKIP","floor":37.0},{"not_picked":["Underhanded Strike+1","Sucker Punch+1","Flechettes+1"],"picked":"SKIP","floor":38.0},{"not_picked":["Underhanded Strike+1","Quick Slash+1"],"picked":"Accuracy+1","floor":41.0},{"not_picked":["Flying Knee+1","Masterful Stab+1","Finisher+1"],"picked":"SKIP","floor":42.0},{"not_picked":["Slice+1","Dodge and Roll","Distraction+1"],"picked":"SKIP","floor":45.0},{"not_picked":["Reflex+1","Dagger Spray+1","Sucker Punch+1"],"picked":"SKIP","floor":46.0},{"not_picked":["Backflip","Prepared+1","Masterful Stab+1"],"picked":"SKIP","floor":47.0},{"not_picked":["Sucker Punch+1","Backstab+1","Underhanded Strike+1"],"picked":"SKIP","floor":48}],"player_experience":497949,"relics_obtained":[{"floor":8.0,"key":"Dream Catcher"},{"floor":9.0,"key":"Dodecahedron"},{"floor":13.0,"key":"Shuriken"},{"floor":19.0,"key":"Unceasing Top"},{"floor":19.0,"key":"Mercury Hourglass"},{"floor":25.0,"key":"MawBank"},{"floor":26.0,"key":"Molten Egg 2"},{"floor":39.0,"key":"Frozen Egg 2"},{"floor":43.0,"key":"Strawberry"}],"event_choices":[{"damage_healed":0.0,"max_hp_gain":0.0,"max_hp_loss":0.0,"gold_gain":75.0,"event_name":"World of Goop","player_choice":"Gather Gold","floor":3.0,"gold_loss":0.0,"damage_taken":11.0},{"damage_healed":0.0,"max_hp_gain":0.0,"max_hp_loss":0.0,"gold_gain":0.0,"event_name":"Liars Game","player_choice":"Ignored","floor":7.0,"gold_loss":0.0,"damage_taken":0.0},{"damage_healed":0.0,"max_hp_gain":0.0,"max_hp_loss":0.0,"gold_gain":0.0,"event_name":"Scrap Ooze","player_choice":"Success","floor":11.0,"gold_loss":0.0,"damage_taken":18.0,"relics_obtained":["Pocketwatch"]},{"damage_healed":0.0,"max_hp_gain":0.0,"max_hp_loss":0.0,"gold_gain":0.0,"event_name":"Colosseum","player_choice":"Fight","floor":19.0,"gold_loss":0.0,"damage_taken":0.0},{"damage_healed":0.0,"max_hp_gain":0.0,"max_hp_loss":0.0,"gold_gain":0.0,"event_name":"Colosseum","player_choice":"Fought Nobs","floor":19.0,"gold_loss":0.0,"damage_taken":0.0},{"cards_removed":["Strike_G"],"damage_healed":0.0,"max_hp_gain":0.0,"max_hp_loss":0.0,"gold_gain":0.0,"event_name":"Beggar","player_choice":"Gave Gold","floor":24.0,"gold_loss":75.0,"damage_taken":0.0},{"damage_healed":0.0,"max_hp_gain":0.0,"max_hp_loss":0.0,"gold_gain":0.0,"event_name":"Back to Basics","player_choice":"Simplicity","floor":27.0,"gold_loss":0.0,"damage_taken":0.0,"cards_upgraded":["Defend_G","Defend_G","Defend_G","Defend_G","Defend_G","Strike_G","Strike_G"]}],"is_beta":false,"boss_relics":[{"not_picked":["WristBlade","Runic Pyramid"],"picked":"Coffee Dripper"},{"not_picked":["Eternal Feather","White Beast Statue"],"picked":"Sozu"}],"items_purged_floors":[20,36],"is_endless":false,"potions_floor_spawned":[1,2,5,14,16,19,19,30,31,35,37,42,45],"ascension_level":4}