{"gold_per_floor":[119,129,140,140,156,185,185,198,225,225,225,245,300,331,331,434,434,452,452,452,16,32,32,50,50,126,142,155,173,205,228,240,252],"floor_reached":33,"playtime":1804,"items_purged":["Pain"],"score":365,"play_id":"b06e8220-f278-4c16-806f-3f31a6355783","local_time":"20181219113821","is_ascension_mode":true,"campfire_choices":[{"data":"Defragment","floor":7,"key":"SMITH"},{"data":"Dualcast","floor":10,"key":"SMITH"},{"floor":15,"key":"REST"},{"data":"Self Repair","floor":23,"key":"SMITH"},{"data":"Loop","floor":25,"key":"SMITH"},{"floor":32,"key":"REST"}],"neow_cost":"NONE","seed_source_timestamp":139348440075800,"circlet_count":0,"master_deck":["Strike_B","Strike_B","Strike_B","Strike_B","Defend_B","Defend_B","Defend_B","Defend_B","Zap+1","Dualcast+1","Conserve Battery","Sweeping Beam","Glacier","Loop+1","Defragment+1","FTL","Biased Cognition","Self Repair+1","Coolheaded","Self Repair+1","Cold Snap"],"relics":["FrozenCore","Lantern","Blood Vial","Strawberry","WarpedTongs","Art of War","Centennial Puzzle","Matryoshka","Tiny Chest","Bottled Tornado","MawBank"],"potions_floor_usage":[16,16,27],"damage_taken":[{"damage":4,"enemies":"Small Slimes","floor":1,"turns":3},{"damage":0,"enemies":"Cultist","floor":2,"turns":3},{"damage":2,"enemies":"2 Louse","floor":3,"turns":2},{"damage":0,"enemies":"2 Fungi Beasts","floor":5,"turns":3},{"damage":8,"enemies":"3 Sentries","floor":6,"turns":9},{"damage":2,"enemies":"3 Louse","floor":8,"turns":3},{"damage":3,"enemies":"Red Slaver","floor":12,"turns":4},{"damage":21,"enemies":"3 Sentries","floor":13,"turns":5},{"damage":15,"enemies":"Gremlin Nob","floor":14,"turns":5},{"damage":25,"enemies":"The Guardian","floor":16,"turns":14},{"damage":9,"enemies":"Shell Parasite","floor":18,"turns":9},{"damage":26,"enemies":"3 Byrds","floor":22,"turns":7},{"damage":10,"enemies":"Snake Plant","floor":24,"turns":6},{"damage":6,"enemies":"Cultist and Chosen","floor":27,"turns":8},{"damage":0,"enemies":"Sentry and Sphere","floor":28,"turns":5},{"damage":6,"enemies":"Shelled Parasite and Fungi","floor":29,"turns":9},{"damage":72,"enemies":"Slavers","floor":30,"turns":8},{"damage":0,"enemies":"Centurion and Healer","floor":31,"turns":9},{"damage":105,"enemies":"Champ","floor":33,"turns":20}],"seed_played":"-8961985934075107233","potions_obtained":[{"floor":5,"key":"FearPotion"},{"floor":6,"key":"FearPotion"},{"floor":14,"key":"Strength Potion"},{"floor":18,"key":"Explosive Potion"},{"floor":30,"key":"EntropicBrew"},{"floor":31,"key":"FearPotion"}],"is_trial":false,"path_per_floor":["M","M","M","?","M","E","R","M","T","R","?","M","?","E","R","B",null,"M","?","?","$","M","R","M","R","T","M","M","M","E","M","R","B"],"character_chosen":"DEFECT","items_purchased":["Matryoshka","Self Repair","Coolheaded"],"campfire_rested":2,"item_purchase_floors":[21,21,21],"current_hp_per_floor":[64,64,62,62,62,54,54,54,61,61,61,60,41,28,52,29,69,62,46,75,75,58,58,70,70,70,86,87,87,35,57,83,0],"gold":252,"neow_bonus":"RANDOM_COMMON_RELIC","is_prod":false,"is_daily":false,"chose_seed":false,"campfire_upgraded":4,"win_rate":0,"timestamp":1545215901,"path_taken":["M","M","M","?","M","E","R","M","T","R","?","?","?","E","R","BOSS","M","?","?","$","M","R","M","R","T","M","M","M","E","M","R","BOSS"],"build_version":"2018-12-13","purchased_purges":1,"victory":false,"max_hp_per_floor":[75,75,75,75,75,75,75,75,82,82,82,82,82,82,82,82,82,82,87,87,87,87,87,87,87,87,87,87,87,87,87,87,87],"card_choices":[{"not_picked":["Gash","Storm"],"picked":"Conserve Battery","floor":1},{"not_picked":["Gash","Streamline"],"picked":"Sweeping Beam","floor":2},{"not_picked":["Coolheaded","Streamline"],"picked":"Glacier","floor":3},{"not_picked":["Storm","Reinforced Body"],"picked":"Loop","floor":5},{"not_picked":["Echo Form","Gash"],"picked":"Defragment","floor":6},{"not_picked":["Beam Cell","Loop","Hologram"],"picked":"SKIP","floor":8},{"not_picked":["Gash","Stack"],"picked":"FTL","floor":12},{"not_picked":["Hologram","Stack","Gash"],"picked":"SKIP","floor":14},{"not_picked":["All For One","Amplify"],"picked":"Biased Cognition","floor":16},{"not_picked":["Skim","Streamline","Gash"],"picked":"SKIP","floor":18},{"not_picked":["FTL","Barrage"],"picked":"Self Repair+1","floor":22},{"not_picked":["Sweeping Beam","Compile Driver+1","Static Discharge"],"picked":"SKIP","floor":24},{"not_picked":["Stack","Rip and Tear","Leap"],"picked":"SKIP","floor":27},{"not_picked":["Stack","Lockon"],"picked":"Cold Snap","floor":28},{"not_picked":["Machine Learning","Sweeping Beam","Barrage"],"picked":"SKIP","floor":29},{"not_picked":["Self Repair","Go for the Eyes","Streamline"],"picked":"SKIP","floor":30},{"not_picked":["Sweeping Beam","Aggregate","Barrage"],"picked":"SKIP","floor":31}],"player_experience":275943,"relics_obtained":[{"floor":6,"key":"Blood Vial"},{"floor":9,"key":"Strawberry"},{"floor":14,"key":"Centennial Puzzle"},{"floor":26,"key":"Tiny Chest"},{"floor":26,"key":"Bottled Tornado"},{"floor":30,"key":"MawBank"}],"event_choices":[{"damage_healed":0,"gold_gain":0,"player_choice":"Grow","damage_taken":0,"max_hp_gain":0,"max_hp_loss":0,"event_name":"Living Wall","floor":4,"gold_loss":0,"cards_upgraded":["Zap"]},{"damage_healed":0,"gold_gain":0,"player_choice":"Rummage","damage_taken":0,"relics_obtained":["WarpedTongs"],"max_hp_gain":0,"max_hp_loss":0,"event_name":"Accursed Blacksmith","floor":11,"gold_loss":0,"cards_obtained":["Pain"]},{"damage_healed":0,"gold_gain":0,"player_choice":"Searched \u00273\u0027 times","damage_taken":0,"relics_obtained":["Art of War"],"max_hp_gain":0,"max_hp_loss":0,"event_name":"Dead Adventurer","floor":13,"gold_loss":0},{"damage_healed":0,"gold_gain":0,"player_choice":"Shed Blood","damage_taken":21,"max_hp_gain":5,"max_hp_loss":0,"event_name":"Forgotten Altar","floor":19,"gold_loss":0},{"damage_healed":29,"gold_gain":0,"player_choice":"Heal","damage_taken":0,"max_hp_gain":0,"max_hp_loss":0,"event_name":"The Library","floor":20,"gold_loss":0}],"is_beta":false,"boss_relics":[{"not_picked":["Snecko Eye","Eternal Feather"],"picked":"FrozenCore"}],"items_purged_floors":[21],"is_endless":false,"potions_floor_spawned":[5,6,14,18,30,31],"killed_by":"Champ","ascension_level":6}