{"path_per_floor":["M","M","M","M","$","R","T","E","T","$","M","E","M","M","R","B",null,"M","M","$","?","M","R","M","M","T"],"character_chosen":"IRONCLAD","items_purchased":["Whirlwind","Prayer Wheel","Shrug It Off"],"gold_per_floor":[117,133,144,159,45,45,125,160,187,87,97,155,175,186,186,288,318,337,355,30,30,49,49,66,77,158],"floor_reached":27,"campfire_rested":1,"playtime":3775,"current_hp_per_floor":[80,80,78,78,78,78,78,56,56,56,62,67,59,64,64,71,85,65,48,48,48,37,62,29,10,10],"items_purged":["True Grit","Defend_R","Strike_R"],"gold":158,"score":229,"play_id":"e7c209d7-64d4-409a-8957-d42eac405a49","is_prod":false,"is_daily":false,"is_ascension_mode":false,"campfire_upgraded":2,"path_taken":["M","M","M","M","$","R","?","E","T","$","M","E","M","M","R","BOSS","M","M","$","?","?","R","M","M","T","?"],"build_version":"2018-02-22-PROD2","purchased_purges":3,"victory":false,"master_deck":["Strike_R","Strike_R","Strike_R","Defend_R","Defend_R+1","Bash","Brutality","Clash","Shrug It Off+1","Armaments+1","Whirlwind","Pommel Strike+1","Blood for Blood","Rupture","Blood for Blood+1","Pommel Strike","Demon Form","Flex","Headbutt","Heavy Blade+1","Shrug It Off","True Grit","Rage+1","Sever Soul","Iron Wave"],"max_hp_per_floor":[80,80,80,80,80,80,80,80,80,80,80,80,80,80,80,80,85,85,85,85,85,85,85,85,85,85],"relics":["Burning Blood","Kunai","War Paint","Lantern","Tiny Chest","Tiny House","Prayer Wheel","Paper Frog"],"card_choices":[{"not_picked":["Corruption","Flex"],"picked":"Clash"},{"not_picked":["Fire Breathing","Shrug It Off"],"picked":"True Grit"},{"not_picked":["Headbutt","Havoc"],"picked":"Shrug It Off"},{"not_picked":["Thunderclap","Shockwave"],"picked":"Armaments"},{"not_picked":["Corruption","Flex"],"picked":"Pommel Strike"},{"not_picked":["Sentinel","Searing Blow"],"picked":"Blood for Blood"},{"not_picked":["Rage","Cleave"],"picked":"Rupture"},{"not_picked":["Clothesline","Juggernaut"],"picked":"Blood for Blood"},{"not_picked":["Flex","Rage"],"picked":"Pommel Strike"},{"not_picked":["Dark Embrace","Barricade"],"picked":"Demon Form"},{"not_picked":["Iron Wave","Pommel Strike"],"picked":"Flex"},{"not_picked":["Wild Strike","Blood for Blood"],"picked":"Headbutt"},{"not_picked":["Sever Soul","Juggernaut"],"picked":"Heavy Blade"},{"not_picked":["Sword Boomerang","Pommel Strike"],"picked":"True Grit"},{"not_picked":["Cleave","Twin Strike"],"picked":"Rage"},{"not_picked":["Clothesline","Iron Wave"],"picked":"Sever Soul"},{"not_picked":["True Grit","Shockwave"],"picked":"Iron Wave"}],"player_experience":148580,"potions_floor_usage":[12,12,16,18,22,25,27],"damage_taken":[{"damage":3,"enemies":"Cultist","floor":1,"turns":3},{"damage":0,"enemies":"2 Louse","floor":2,"turns":2},{"damage":8,"enemies":"Small Slimes","floor":3,"turns":5},{"damage":6,"enemies":"Looter","floor":4,"turns":3},{"damage":28,"enemies":"Lagavulin","floor":8,"turns":8},{"damage":0,"enemies":"Gremlin Gang","floor":11,"turns":1},{"damage":10,"enemies":"Gremlin Nob","floor":12,"turns":4},{"damage":14,"enemies":"Red Slaver","floor":13,"turns":2},{"damage":1,"enemies":"Exordium Wildlife","floor":14,"turns":2},{"damage":14,"enemies":"The Guardian","floor":16,"turns":7},{"damage":26,"enemies":"2 Thieves","floor":18,"turns":4},{"damage":23,"enemies":"Shell Parasite","floor":19,"turns":4},{"damage":17,"enemies":"Snake Plant","floor":22,"turns":5},{"damage":39,"enemies":"Chosen and Byrds","floor":24,"turns":6},{"damage":25,"enemies":"Snecko","floor":25,"turns":5},{"damage":12,"enemies":"Centurion and Healer","floor":27,"turns":4}],"event_choices":[{"event_name":"Back to Basics","player_choice":"Elegance","floor":21,"damage_taken":0}],"boss_relics":[{"not_picked":["Philosopher\u0027s Stone","Ectoplasm"],"picked":"Tiny House"}],"potions_floor_spawned":[2,3,4,12,16,18],"seed_played":"-4379898823121249296","killed_by":"Centurion and Healer","ascension_level":0,"is_trial":false}