{"gold_per_floor":[117,134,148,165,126,126,140,140,187,199,199,225,244,261,261,261],"floor_reached":16,"playtime":522,"items_purged":[],"score":106,"play_id":"f64a90d8-c4c3-403c-a717-2aa026cacc99","local_time":"20190406002624","is_ascension_mode":false,"campfire_choices":[{"data":"Sunder","floor":6,"key":"SMITH"},{"data":"Zap","floor":11,"key":"SMITH"},{"data":"Defragment","floor":15,"key":"SMITH"}],"neow_cost":"NONE","seed_source_timestamp":265176161223808,"circlet_count":0,"master_deck":["Strike_B","Strike_B","Strike_B","Strike_B","Defend_B","Defend_B","Defend_B","Defend_B","Zap+1","Dualcast","All For One","Hologram","Conserve Battery","Sunder+1","Defragment+1","Static Discharge","Hologram","Zap","Redo","Double Energy","White Noise","Melter"],"relics":["Cracked Core","Bag of Preparation","The Courier"],"potions_floor_usage":[2],"damage_taken":[{"damage":6,"enemies":"2 Louse","floor":1,"turns":3},{"damage":1,"enemies":"Cultist","floor":2,"turns":3},{"damage":1,"enemies":"Jaw Worm","floor":3,"turns":5},{"damage":5,"enemies":"3 Louse","floor":4,"turns":3},{"damage":7,"enemies":"Looter","floor":7,"turns":3},{"damage":6,"enemies":"Gremlin Gang","floor":10,"turns":4},{"damage":29,"enemies":"Gremlin Nob","floor":12,"turns":4},{"damage":4,"enemies":"2 Fungi Beasts","floor":13,"turns":2},{"damage":5,"enemies":"Exordium Thugs","floor":14,"turns":3},{"damage":25,"enemies":"Slime Boss","floor":16,"turns":3}],"seed_played":"1472130815607958498","potions_obtained":[{"floor":2,"key":"Fruit Juice"},{"floor":3,"key":"Fire Potion"},{"floor":10,"key":"SteroidPotion"},{"floor":12,"key":"GamblersBrew"},{"floor":13,"key":"Ancient Potion"}],"is_trial":false,"path_per_floor":["M","M","M","M","$","R","M","?","T","M","R","E","M","M","R","B"],"character_chosen":"DEFECT","items_purchased":["Static Discharge"],"campfire_rested":0,"item_purchase_floors":[5],"current_hp_per_floor":[69,73,72,67,67,67,60,60,60,54,54,25,21,16,16,0],"gold":261,"neow_bonus":"ONE_RANDOM_RARE_CARD","is_prod":false,"is_daily":false,"chose_seed":false,"campfire_upgraded":3,"win_rate":0,"timestamp":1554481584,"path_taken":["M","M","M","M","$","R","M","?","T","M","R","E","?","?","R","BOSS"],"build_version":"2019-01-23","purchased_purges":0,"victory":false,"max_hp_per_floor":[75,80,80,80,80,80,80,80,80,80,80,80,80,80,80,80],"card_choices":[{"not_picked":["Gash","Go for the Eyes"],"picked":"Hologram","floor":1},{"not_picked":["FTL","Consume"],"picked":"Conserve Battery","floor":2},{"not_picked":["Rebound","Turbo"],"picked":"Sunder","floor":3},{"not_picked":["Capacitor","Conserve Battery"],"picked":"Defragment","floor":4},{"not_picked":["Turbo","Barrage"],"picked":"Hologram","floor":7},{"not_picked":["Fission","Heatsinks"],"picked":"Redo","floor":10},{"not_picked":["Turbo","Ball Lightning"],"picked":"Double Energy","floor":12},{"not_picked":["Reinforced Body","Compile Driver"],"picked":"White Noise","floor":13},{"not_picked":["Cold Snap","Reprogram"],"picked":"Melter","floor":14}],"player_experience":919612,"relics_obtained":[{"floor":9,"key":"Bag of Preparation"},{"floor":12,"key":"The Courier"}],"event_choices":[{"damage_healed":0,"gold_gain":0,"player_choice":"1 cards matched","damage_taken":0,"max_hp_gain":0,"max_hp_loss":0,"event_name":"Match and Keep!","floor":8,"gold_loss":0,"cards_obtained":["Zap"]}],"is_beta":false,"boss_relics":[],"items_purged_floors":[],"is_endless":false,"potions_floor_spawned":[2,3,10,12,13],"killed_by":"Slime Boss","ascension_level":0}