{"gold_per_floor":[113,14,29,29,29,92,92,117,117,167,192,207,190,140,140,245,245,260,310,326,201,212,262,277,277,277,310,322,234,299,124,124,222,222,232,299,28,78,89,89,139,289,289,388,423,42,92,142,142,142],"floor_reached":50,"playtime":3613,"items_purged":["Strike_R","Strike_R","Defend_R","Strike_R","Defend_R","Strike_R","Bash+1"],"score":571,"play_id":"8cfcf06a-63d5-4fd7-a136-04bdbea99027","local_time":"20190417131136","is_ascension_mode":true,"campfire_choices":[{"data":"Pommel Strike","floor":7,"key":"SMITH"},{"data":"Bash","floor":15,"key":"SMITH"},{"floor":25,"key":"REST"},{"data":"Shrug It Off","floor":28,"key":"SMITH"},{"floor":32,"key":"REST"},{"data":"Shrug It Off","floor":40,"key":"SMITH"},{"floor":49,"key":"REST"}],"neow_cost":"NONE","seed_source_timestamp":556430068378121,"circlet_count":0,"master_deck":["Shrug It Off+1","Pommel Strike+1","Shrug It Off+1","Spot Weakness+1"],"relics":["Black Blood","Art of War","Magic Flower","SsserpentHead","Calipers","Thread and Needle","Bag of Marbles","Bag of Preparation","MawBank","Empty Cage","Pocketwatch","War Paint","Incense Burner","Gremlin Horn","Lantern","Regal Pillow"],"potions_floor_usage":[8,11,18,33,35,42,50,50,50],"damage_taken":[{"damage":1,"enemies":"Jaw Worm","floor":1,"turns":3},{"damage":4,"enemies":"Small Slimes","floor":3,"turns":3},{"damage":0,"enemies":"Cultist","floor":6,"turns":3},{"damage":21,"enemies":"Lagavulin","floor":8,"turns":6},{"damage":3,"enemies":"Gremlin Nob","floor":11,"turns":4},{"damage":4,"enemies":"Exordium Wildlife","floor":12,"turns":4},{"damage":1,"enemies":"Exordium Thugs","floor":13,"turns":4},{"damage":33,"enemies":"The Guardian","floor":16,"turns":16},{"damage":29,"enemies":"3 Byrds","floor":18,"turns":7},{"damage":4,"enemies":"Chosen","floor":20,"turns":6},{"damage":68,"enemies":"3 Cultists","floor":22,"turns":8},{"damage":3,"enemies":"Centurion and Healer","floor":24,"turns":8},{"damage":30,"enemies":"Book of Stabbing","floor":27,"turns":5},{"damage":2,"enemies":"Cultist and Chosen","floor":30,"turns":6},{"damage":43,"enemies":"Champ","floor":33,"turns":12},{"damage":34,"enemies":"3 Darklings","floor":35,"turns":7},{"damage":15,"enemies":"Orb Walker","floor":36,"turns":3},{"damage":7,"enemies":"3 Darklings","floor":39,"turns":9},{"damage":0,"enemies":"Mind Bloom Boss Battle","floor":42,"turns":9},{"damage":25,"enemies":"2 Orb Walkers","floor":44,"turns":3},{"damage":47,"enemies":"Reptomancer","floor":45,"turns":5},{"damage":90,"enemies":"Time Eater","floor":50,"turns":14}],"seed_played":"9052804049769847624","potions_obtained":[{"floor":6,"key":"Weak Potion"},{"floor":8,"key":"SteroidPotion"},{"floor":16,"key":"Poison Potion"},{"floor":18,"key":"Explosive Potion"},{"floor":30,"key":"Weak Potion"},{"floor":36,"key":"Poison Potion"},{"floor":42,"key":"Fruit Juice"},{"floor":44,"key":"Strength Potion"}],"is_trial":false,"path_per_floor":["M","$","M","?","?","M","R","E","T","?","E","M","M","$","R","B",null,"M","?","M","$","M","?","M","R","T","E","R","$","M","$","R","B",null,"M","M","$","?","M","R","?","?","T","?","E","$","?","T","R","B"],"character_chosen":"IRONCLAD","items_purchased":["Pommel Strike","LiquidBronze","Lantern"],"campfire_rested":3,"item_purchase_floors":[2,37,46],"current_hp_per_floor":[80,80,80,77,77,80,80,68,68,68,74,79,80,80,80,56,80,66,66,77,77,24,24,36,60,60,45,45,45,58,58,80,52,80,61,61,61,61,69,69,69,81,81,71,39,39,39,39,78,0],"gold":142,"neow_bonus":"RANDOM_COMMON_RELIC","is_prod":false,"is_daily":false,"chose_seed":false,"campfire_upgraded":4,"win_rate":0,"timestamp":1555524696,"path_taken":["M","$","M","?","?","?","R","E","T","?","E","M","M","?","R","BOSS","M","?","M","$","M","?","M","R","T","E","R","?","?","$","R","BOSS","M","?","$","?","M","R","?","?","T","?","E","$","?","?","R","BOSS"],"build_version":"2019-01-23","purchased_purges":7,"victory":false,"max_hp_per_floor":[80,80,80,80,80,80,80,80,80,80,80,80,80,80,80,80,80,80,80,80,80,80,80,80,80,80,80,80,80,80,80,80,80,80,80,80,80,76,76,76,76,81,81,81,81,81,81,81,81,81],"card_choices":[{"not_picked":["Wild Strike","Blood for Blood"],"picked":"Shrug It Off","floor":1},{"not_picked":["Twin Strike","Metallicize","Anger"],"picked":"SKIP","floor":3},{"not_picked":["Metallicize","Wild Strike"],"picked":"Shrug It Off","floor":6},{"not_picked":["Seeing Red","Intimidate","Warcry"],"picked":"SKIP","floor":8},{"not_picked":["Headbutt","Whirlwind","Warcry"],"picked":"SKIP","floor":11},{"not_picked":["Sword Boomerang","Limit Break","Clash"],"picked":"SKIP","floor":12},{"not_picked":["Clash","Warcry","Power Through"],"picked":"SKIP","floor":13},{"not_picked":["Power Through","Ghostly Armor","Uppercut"],"picked":"SKIP","floor":18},{"not_picked":["Sword Boomerang","Disarm+1","Body Slam"],"picked":"SKIP","floor":20},{"not_picked":["Sentinel","Corruption","Heavy Blade"],"picked":"SKIP","floor":22},{"not_picked":["Sentinel","Thunderclap"],"picked":"Spot Weakness+1","floor":24},{"not_picked":["Rupture","Clash","Havoc"],"picked":"SKIP","floor":27},{"not_picked":["Rupture","Clash","Havoc"],"picked":"SKIP","floor":27},{"not_picked":["Battle Trance","Dual Wield","Cleave"],"picked":"SKIP","floor":30},{"not_picked":["Thunderclap+1","Havoc+1","Cleave+1"],"picked":"SKIP","floor":35},{"not_picked":["Iron Wave","Searing Blow","Bloodletting"],"picked":"SKIP","floor":36},{"not_picked":["Thunderclap+1","Body Slam+1","Carnage+1"],"picked":"SKIP","floor":39},{"not_picked":["Twin Strike+1","Entrench+1"],"picked":"Heavy Blade+1","floor":42},{"not_picked":["Dropkick+1","Dual Wield","Warcry"],"picked":"SKIP","floor":45}],"player_experience":461723,"relics_obtained":[{"floor":8,"key":"Calipers"},{"floor":9,"key":"Thread and Needle"},{"floor":11,"key":"Bag of Marbles"},{"floor":26,"key":"Bag of Preparation"},{"floor":27,"key":"MawBank"},{"floor":42,"key":"Pocketwatch"},{"floor":43,"key":"War Paint"},{"floor":44,"key":"Incense Burner"},{"floor":45,"key":"Gremlin Horn"},{"floor":48,"key":"Regal Pillow"}],"event_choices":[{"damage_healed":0,"gold_gain":0,"player_choice":"Success","damage_taken":3,"relics_obtained":["Magic Flower"],"max_hp_gain":0,"max_hp_loss":0,"event_name":"Scrap Ooze","floor":4,"gold_loss":0},{"damage_healed":0,"gold_gain":0,"player_choice":"Trade","damage_taken":0,"relics_obtained":["SsserpentHead"],"max_hp_gain":0,"max_hp_loss":0,"event_name":"FaceTrader","floor":5,"gold_loss":0},{"cards_removed":["Defend_R"],"damage_healed":0,"gold_gain":0,"player_choice":"Forget","damage_taken":0,"max_hp_gain":0,"max_hp_loss":0,"event_name":"Living Wall","floor":10,"gold_loss":0},{"damage_healed":0,"gold_gain":0,"player_choice":"Ignored","damage_taken":0,"max_hp_gain":0,"max_hp_loss":0,"event_name":"Vampires","floor":19,"gold_loss":0},{"damage_healed":0,"gold_gain":0,"player_choice":"Ignored","damage_taken":0,"max_hp_gain":0,"max_hp_loss":0,"event_name":"Ghosts","floor":23,"gold_loss":0},{"damage_healed":0,"gold_gain":0,"player_choice":"Max HP","damage_taken":0,"max_hp_gain":0,"max_hp_loss":4,"event_name":"Winding Halls","floor":38,"gold_loss":0},{"damage_healed":0,"gold_gain":0,"player_choice":"Memory 1","damage_taken":0,"max_hp_gain":0,"max_hp_loss":0,"event_name":"SensoryStone","floor":41,"gold_loss":0},{"damage_healed":0,"gold_gain":0,"player_choice":"Fight","damage_taken":0,"max_hp_gain":0,"max_hp_loss":0,"event_name":"MindBloom","floor":42,"gold_loss":0},{"damage_healed":0,"gold_gain":0,"player_choice":"Fight","damage_taken":0,"max_hp_gain":0,"max_hp_loss":0,"event_name":"Mysterious Sphere","floor":44,"gold_loss":0},{"cards_removed":["Heavy Blade"],"damage_healed":0,"gold_gain":0,"player_choice":"Removed Attack","damage_taken":0,"max_hp_gain":0,"max_hp_loss":0,"event_name":"Falling","floor":47,"gold_loss":0}],"is_beta":false,"boss_relics":[{"not_picked":["Pandora\u0027s Box","Black Star"],"picked":"Black Blood"},{"not_picked":["Cursed Key","Runic Cube"],"picked":"Empty Cage"}],"items_purged_floors":[2,14,21,29,31,37,46],"is_endless":false,"potions_floor_spawned":[6,8,16,18,30,36,42,44],"killed_by":"Time Eater","ascension_level":1}