{"path_per_floor":["M","M","$","?","?","R","M","M","T","E","R","M","R","M","R","B",null,"M","$","?","M","M","R","?","R","T","M","$","M","M","M","R","B",null,"M","?","M","M","?","R","?","R","T","R","E","$","M","M","R","B"],"character_chosen":"IRONCLAD","items_purchased":["Sword Boomerang","Bronze Scales","Armaments","Master of Strategy"],"gold_per_floor":[119,139,13,13,13,13,30,45,69,99,99,109,109,123,123,220,220,231,84,110,126,140,140,140,140,164,177,28,45,60,74,74,170,170,188,188,208,224,224,224,224,224,249,249,282,39,50,67,67,67],"floor_reached":51,"campfire_rested":2,"playtime":2248,"current_hp_per_floor":[80,80,80,85,85,85,85,70,70,60,60,66,66,72,72,39,85,79,79,81,85,76,76,76,76,76,53,53,57,61,52,77,11,85,85,74,73,63,63,63,63,63,63,85,70,70,60,85,85,85],"items_purged":["Strike_R","Writhe","Strike_R"],"gold":67,"score":801,"play_id":"021ec345-810a-4d9f-b939-8435f3b49994","local_time":"20180520204152","is_prod":false,"is_daily":false,"chose_seed":false,"is_ascension_mode":true,"campfire_upgraded":9,"timestamp":1526820112,"campfire_choices":[{"data":"Bash","floor":6,"key":"SMITH"},{"data":"Shrug It Off","floor":11,"key":"SMITH"},{"data":"Thunderclap","floor":13,"key":"SMITH"},{"data":"Rage","floor":15,"key":"SMITH"},{"data":"Offering","floor":23,"key":"SMITH"},{"data":"Seeing Red","floor":25,"key":"SMITH"},{"floor":32,"key":"REST"},{"data":"Madness","floor":40,"key":"SMITH"},{"data":"Armaments","floor":42,"key":"SMITH"},{"floor":44,"key":"REST"},{"data":"Double Tap","floor":49,"key":"SMITH"}],"path_taken":["M","M","$","?","?","R","M","?","T","E","R","M","R","M","R","BOSS","M","$","?","M","?","R","?","R","T","?","?","M","?","M","R","BOSS","M","?","M","M","?","R","?","R","T","R","E","$","M","M","R","BOSS"],"build_version":"2018-05-17","seed_source_timestamp":118346662009268,"purchased_purges":3,"victory":true,"master_deck":["Strike_R","Defend_R","Defend_R","Defend_R","Bash+1","Sword Boomerang","Thunderclap+1","Dropkick","Shrug It Off+1","Sword Boomerang","Rage+1","Offering+1","Dual Wield+1","Sentinel+1","Power Through+1","Warcry+1","Seeing Red+1","Twin Strike","Cleave+1","Armaments+1","Sword Boomerang","Spot Weakness","Headbutt","Reaper","Whirlwind","Madness","Madness+1","Blood for Blood","Shrug It Off","Offering+1","Double Tap+1","Shockwave+1","Master of Strategy","Burning Pact","Headbutt"],"max_hp_per_floor":[80,80,80,85,85,85,85,85,85,85,85,85,85,85,85,85,85,85,85,85,85,85,85,85,85,85,85,85,85,85,85,85,85,85,85,85,85,85,85,85,85,85,85,85,85,85,85,85,85,85],"relics":["Burning Blood","Vajra","Lantern","Anchor","Astrolabe","Bronze Scales","Red Mask","Happy Flower","Blood Vial","Sozu","Dream Catcher","The Courier"],"card_choices":[{"not_picked":["Wild Strike","Burning Pact","Fire Breathing"],"picked":"SKIP","floor":1},{"not_picked":["Warcry","Entrench","Metallicize"],"picked":"SKIP","floor":2},{"not_picked":["True Grit","Sever Soul"],"picked":"Thunderclap","floor":7},{"not_picked":["Flame Barrier","Entrench"],"picked":"Dropkick","floor":8},{"not_picked":["Headbutt","Perfected Strike"],"picked":"Shrug It Off","floor":10},{"not_picked":["Body Slam","Metallicize"],"picked":"Sword Boomerang","floor":12},{"not_picked":["Pummel","Ghostly Armor"],"picked":"Rage","floor":14},{"not_picked":["Dark Embrace","Bludgeon"],"picked":"Offering","floor":16},{"not_picked":["Pommel Strike","Heavy Blade"],"picked":"Warcry+1","floor":18},{"not_picked":["Iron Wave","Clothesline+1"],"picked":"Seeing Red","floor":20},{"not_picked":["Flame Barrier","Sentinel","Dual Wield"],"picked":"SKIP","floor":21},{"not_picked":["Hemokinesis+1","Wild Strike"],"picked":"Twin Strike","floor":22},{"not_picked":["Headbutt","Corruption"],"picked":"Cleave+1","floor":27},{"not_picked":["Seeing Red","Clothesline"],"picked":"Sword Boomerang","floor":29},{"not_picked":["Shrug It Off","Sever Soul+1"],"picked":"Spot Weakness","floor":30},{"not_picked":["Sword Boomerang","Dark Embrace"],"picked":"Headbutt","floor":31},{"not_picked":["Bludgeon","Barricade"],"picked":"Reaper","floor":33},{"not_picked":["Body Slam+1","Twin Strike"],"picked":"Whirlwind","floor":35},{"not_picked":["Wild Strike+1","Cleave+1"],"picked":"Blood for Blood","floor":37},{"not_picked":["Wild Strike","Body Slam"],"picked":"Shrug It Off","floor":38},{"not_picked":["Flex","Rupture"],"picked":"Double Tap","floor":44},{"not_picked":["Perfected Strike","Body Slam"],"picked":"Shockwave+1","floor":45},{"not_picked":["Sword Boomerang","Perfected Strike"],"picked":"Burning Pact","floor":47},{"not_picked":["Warcry","Disarm"],"picked":"Headbutt","floor":48}],"player_experience":654186,"potions_floor_usage":[18,20,20,33,33,33,37],"damage_taken":[{"damage":5,"enemies":"2 Louse","floor":1,"turns":3},{"damage":0,"enemies":"Small Slimes","floor":2,"turns":2},{"damage":1,"enemies":"Cultist","floor":7,"turns":3},{"damage":21,"enemies":"Exordium Wildlife","floor":8,"turns":3},{"damage":16,"enemies":"Gremlin Nob","floor":10,"turns":3},{"damage":0,"enemies":"Large Slime","floor":12,"turns":2},{"damage":0,"enemies":"Blue Slaver","floor":14,"turns":2},{"damage":39,"enemies":"The Guardian","floor":16,"turns":13},{"damage":12,"enemies":"Spheric Guardian","floor":18,"turns":4},{"damage":4,"enemies":"∏≤√Ê§Œµ¡Ÿ\","floor":20,"turns":2},{"damage":1,"enemies":"3 Byrds","floor":21,"turns":3},{"damage":15,"enemies":"Snake Plant","floor":22,"turns":3},{"damage":31,"enemies":"Centurion and Healer","floor":27,"turns":5},{"damage":4,"enemies":"3 Cultists","floor":29,"turns":4},{"damage":4,"enemies":"Snake Plant","floor":30,"turns":3},{"damage":17,"enemies":"Snecko","floor":31,"turns":4},{"damage":82,"enemies":"Collector","floor":33,"turns":9},{"damage":2,"enemies":"Orb Walker","floor":35,"turns":3},{"damage":18,"enemies":"3 Darklings","floor":37,"turns":4},{"damage":18,"enemies":"Sphere and 2 Shapes","floor":38,"turns":3},{"damage":29,"enemies":"Nemesis","floor":45,"turns":7},{"damage":18,"enemies":"Maw","floor":47,"turns":6},{"damage":13,"enemies":"4 Shapes","floor":48,"turns":3},{"damage":18,"enemies":"Donu and Deca","floor":50,"turns":5}],"relics_obtained":[{"floor":9,"key":"Lantern"},{"floor":10,"key":"Anchor"},{"floor":20,"key":"Red Mask"},{"floor":26,"key":"Blood Vial"},{"floor":43,"key":"Dream Catcher"},{"floor":45,"key":"The Courier"}],"event_choices":[{"event_name":"Big Fish","player_choice":"Donut","floor":4,"damage_taken":0},{"event_name":"The Cleric","player_choice":"Leave","floor":5,"damage_taken":0},{"event_name":"Masked Bandits","player_choice":"Fought over 84 gold","floor":20,"damage_taken":0},{"event_name":"The Mausoleum","player_choice":"Yes","floor":24,"damage_taken":0},{"event_name":"Winding Halls","player_choice":"Embrace Madness","floor":36,"damage_taken":0},{"event_name":"Mysterious Sphere","player_choice":"Ignore","floor":39,"damage_taken":0},{"event_name":"Duplicator","player_choice":"One dupe","floor":41,"damage_taken":0}],"boss_relics":[{"not_picked":["Runic Cube","Philosopher\u0027s Stone"],"picked":"Astrolabe"},{"not_picked":["Runic Pyramid","Black Star"],"picked":"Sozu"}],"potions_floor_spawned":[7,8,10,14,20,29,30,31,33,35,37,45,48],"seed_played":"2865007186664259633","ascension_level":3,"potions_obtained":[{"floor":7,"key":"Swift Potion"},{"floor":8,"key":"SkillPotion"},{"floor":10,"key":"GamblersBrew"},{"floor":20,"key":"PowerPotion"},{"floor":29,"key":"SpeedPotion"},{"floor":30,"key":"Weak Potion"},{"floor":31,"key":"BloodPotion"},{"floor":33,"key":"Regen Potion"}],"is_trial":false}