{"gold_per_floor":[113,113,127,138,138,169,183,183],"floor_reached":8,"playtime":315,"items_purged":[],"score":113,"play_id":"5791aaf1-543a-4d18-8477-508ed7fc9a65","local_time":"20190302145054","is_ascension_mode":true,"campfire_choices":[],"neow_cost":"NONE","seed_source_timestamp":0,"circlet_count":0,"master_deck":["AscendersBane","Defend_G","Defend_G","Defend_G","Defend_G","Defend_G","Strike_G","Strike_G","Strike_G","Strike_G","Survivor","Neutralize","Bane","Flying Knee","Quick Slash","Deflect","Poisoned Stab"],"special_seed":0,"relics":["Ring of the Snake","NeowsBlessing","Regal Pillow"],"potions_floor_usage":[6,7],"damage_taken":[{"damage":0,"enemies":"Cultist","floor":1,"turns":1},{"damage":0,"enemies":"Small Slimes","floor":3,"turns":1},{"damage":0,"enemies":"2 Louse","floor":4,"turns":1},{"damage":29,"enemies":"3 Sentries","floor":6,"turns":15},{"damage":7,"enemies":"Exordium Wildlife","floor":7,"turns":5},{"damage":42,"enemies":"Lagavulin","floor":8,"turns":6}],"seed_played":"5212754286761863016","potions_obtained":[{"floor":3,"key":"Swift Potion"},{"floor":6,"key":"SkillPotion"}],"is_trial":false,"path_per_floor":["M","?","M","M","?","E","M","E"],"character_chosen":"THE_SILENT","items_purchased":[],"campfire_rested":0,"item_purchase_floors":[],"current_hp_per_floor":[59,59,59,59,59,30,23,0],"gold":183,"neow_bonus":"THREE_ENEMY_KILL","is_prod":false,"is_daily":false,"chose_seed":false,"campfire_upgraded":0,"win_rate":0,"timestamp":1551534654,"path_taken":["M","?","M","?","?","E","M","E"],"build_version":"2019-01-23","purchased_purges":0,"victory":false,"max_hp_per_floor":[66,66,66,66,66,66,66,66],"card_choices":[{"not_picked":["Dodge and Roll","Heel Hook"],"picked":"Bane","floor":1},{"not_picked":["Bane","Masterful Stab"],"picked":"Flying Knee","floor":3},{"not_picked":["Dagger Throw","Tactician"],"picked":"Quick Slash","floor":4},{"not_picked":["Distraction","Concentrate"],"picked":"Deflect","floor":6},{"not_picked":["Distraction","Endless Agony"],"picked":"Poisoned Stab","floor":7}],"player_experience":531882,"relics_obtained":[{"floor":6,"key":"Regal Pillow"}],"event_choices":[{"damage_healed":0,"gold_gain":0,"player_choice":"0 cards matched","damage_taken":0,"max_hp_gain":0,"max_hp_loss":0,"event_name":"Match and Keep!","floor":2,"gold_loss":0,"cards_obtained":[]},{"cards_removed":["Strike_G"],"damage_healed":0,"gold_gain":0,"player_choice":"Card Removal","damage_taken":0,"max_hp_gain":0,"max_hp_loss":0,"event_name":"Wheel of Change","floor":5,"gold_loss":0}],"is_beta":false,"boss_relics":[],"items_purged_floors":[],"is_endless":false,"potions_floor_spawned":[3,6],"killed_by":"Lagavulin","ascension_level":19}