{"gold_per_floor":[215,229,244,255,74,102,67,67,137,137,157,157],"floor_reached":12,"playtime":471,"items_purged":[],"score":156,"play_id":"318159c6-a7c2-4cc9-8a3c-5ef323188413","local_time":"20190302180309","is_ascension_mode":true,"campfire_choices":[{"floor":8,"key":"REST"},{"data":"Cloak And Dagger","floor":10,"key":"SMITH"}],"neow_cost":"NONE","seed_source_timestamp":381578742953800,"circlet_count":0,"master_deck":["AscendersBane","Defend_G","Defend_G","Defend_G","Defend_G","Defend_G","Strike_G","Strike_G","Strike_G","Strike_G","Strike_G","Survivor","Neutralize","Cloak And Dagger+1","Backflip","Dash","Deflect","Footwork","Skewer","PiercingWail","Deflect","Footwork"],"relics":["Ring of the Snake","Torii","Mummified Hand"],"potions_floor_usage":[],"damage_taken":[{"damage":14,"enemies":"Cultist","floor":1,"turns":6},{"damage":2,"enemies":"Jaw Worm","floor":2,"turns":5},{"damage":0,"enemies":"2 Louse","floor":3,"turns":5},{"damage":0,"enemies":"Blue Slaver","floor":4,"turns":8},{"damage":40,"enemies":"Gremlin Nob","floor":6,"turns":6},{"damage":0,"enemies":"Red Slaver","floor":11,"turns":5},{"damage":15,"enemies":"Lagavulin","floor":12,"turns":12}],"seed_played":"1449382950613050866","potions_obtained":[{"floor":4,"key":"Explosive Potion"},{"floor":6,"key":"Energy Potion"}],"is_trial":false,"path_per_floor":["M","M","M","M","$","E","?","R","T","R","M","E"],"character_chosen":"THE_SILENT","items_purchased":["Footwork","Skewer","PiercingWail"],"campfire_rested":1,"item_purchase_floors":[5,5,5],"current_hp_per_floor":[45,43,43,43,43,3,19,38,38,38,38,23],"gold":157,"neow_bonus":"HUNDRED_GOLD","is_prod":false,"is_daily":false,"chose_seed":false,"campfire_upgraded":1,"win_rate":0,"timestamp":1551546189,"path_taken":["M","M","?","M","$","E","?","R","T","R","M","E"],"build_version":"2019-01-23","purchased_purges":0,"victory":false,"max_hp_per_floor":[66,66,66,66,66,66,66,66,66,66,66,66],"card_choices":[{"not_picked":["Slice","Setup"],"picked":"Cloak And Dagger","floor":1},{"not_picked":["Choke","Dodge and Roll"],"picked":"Backflip","floor":2},{"not_picked":["Underhanded Strike","Deflect"],"picked":"Dash","floor":3},{"not_picked":["Heel Hook","Grand Finale"],"picked":"Deflect","floor":4},{"not_picked":["Eviscerate","Dagger Throw"],"picked":"Deflect","floor":6},{"not_picked":["Quick Slash","Night Terror"],"picked":"Footwork","floor":11}],"player_experience":533947,"relics_obtained":[{"floor":6,"key":"Torii"},{"floor":9,"key":"Mummified Hand"}],"event_choices":[{"damage_healed":16,"gold_gain":0,"player_choice":"Healed","damage_taken":0,"max_hp_gain":0,"max_hp_loss":0,"event_name":"The Cleric","floor":7,"gold_loss":35}],"is_beta":false,"boss_relics":[],"items_purged_floors":[],"is_endless":false,"potions_floor_spawned":[4,6],"killed_by":"Lagavulin","ascension_level":19}