{"gold_per_floor":[113,113,133,150,325,325,339,12,12,47,47,65,84,101,101,101],"floor_reached":16,"playtime":814,"items_purged":["Doubt"],"score":140,"play_id":"cabbd382-b3b5-42cf-8352-6810fcb79b58","local_time":"20190404235415","is_ascension_mode":true,"campfire_choices":[{"data":"Neutralize","floor":6,"key":"SMITH"},{"floor":11,"key":"REST"},{"floor":15,"key":"REST"}],"neow_cost":"NONE","seed_source_timestamp":88960435834597,"circlet_count":0,"master_deck":["Defend_G","Defend_G","Defend_G+1","Defend_G","Defend_G","Strike_G","Strike_G","Strike_G","Strike_G","Strike_G","Survivor","Neutralize+1","Cloak And Dagger","Backflip","Terror+1","Cloak And Dagger","Escape Plan","Deadly Poison","Leg Sweep","Deadly Poison"],"relics":["Ring of the Snake","NeowsBlessing","Question Card","War Paint","Darkstone Periapt"],"potions_floor_usage":[7,14,16,16],"damage_taken":[{"damage":0,"enemies":"Small Slimes","floor":1,"turns":1},{"damage":0,"enemies":"Jaw Worm","floor":3,"turns":1},{"damage":0,"enemies":"Cultist","floor":4,"turns":1},{"damage":5,"enemies":"Exordium Wildlife","floor":7,"turns":7},{"damage":29,"enemies":"Lagavulin","floor":10,"turns":7},{"damage":7,"enemies":"2 Fungi Beasts","floor":12,"turns":4},{"damage":14,"enemies":"Exordium Thugs","floor":13,"turns":6},{"damage":8,"enemies":"Exordium Wildlife","floor":14,"turns":5},{"damage":42,"enemies":"Slime Boss","floor":16,"turns":10}],"seed_played":"7503428382289685990","potions_obtained":[{"floor":1,"key":"Explosive Potion"},{"floor":3,"key":"Swift Potion"},{"floor":13,"key":"Fire Potion"},{"floor":14,"key":"Poison Potion"}],"is_trial":false,"path_per_floor":["M","?","M","M","?","R","M","$","T","E","R","M","M","M","R","B"],"character_chosen":"THE_SILENT","items_purchased":["Question Card"],"campfire_rested":2,"item_purchase_floors":[8],"current_hp_per_floor":[63,63,63,63,63,63,58,58,58,29,50,43,29,21,42,0],"gold":101,"neow_bonus":"THREE_ENEMY_KILL","is_prod":false,"is_daily":false,"chose_seed":false,"campfire_upgraded":1,"win_rate":0,"timestamp":1554440055,"path_taken":["M","?","M","M","?","R","M","?","T","E","R","M","?","M","R","BOSS"],"build_version":"2019-01-23","purchased_purges":1,"victory":false,"max_hp_per_floor":[70,70,70,70,70,70,70,70,70,70,70,70,70,70,70,70],"card_choices":[{"not_picked":["Predator","Flechettes"],"picked":"Cloak And Dagger","floor":1},{"not_picked":["Underhanded Strike","Finisher"],"picked":"Backflip","floor":3},{"not_picked":["Acrobatics","Sucker Punch"],"picked":"Terror","floor":4},{"not_picked":["Bane","Dagger Spray"],"picked":"Cloak And Dagger","floor":7},{"not_picked":["Dagger Spray","Blade Dance","A Thousand Cuts"],"picked":"Escape Plan","floor":10},{"not_picked":["Backflip","PiercingWail","Dagger Spray"],"picked":"Deadly Poison","floor":12},{"not_picked":["Slice","Dagger Throw","Endless Agony"],"picked":"Leg Sweep","floor":13},{"not_picked":["Blur","Acrobatics","Dagger Spray"],"picked":"Deadly Poison","floor":14}],"player_experience":404800,"relics_obtained":[{"floor":9,"key":"War Paint"},{"floor":10,"key":"Darkstone Periapt"}],"event_choices":[{"damage_healed":0,"gold_gain":0,"player_choice":"Ignored","damage_taken":0,"max_hp_gain":0,"max_hp_loss":0,"event_name":"Golden Wing","floor":2,"gold_loss":0},{"damage_healed":0,"gold_gain":175,"player_choice":"AGREE","damage_taken":0,"max_hp_gain":0,"max_hp_loss":0,"event_name":"Liars Game","floor":5,"gold_loss":0,"cards_obtained":["Doubt"]}],"is_beta":false,"boss_relics":[],"items_purged_floors":[8],"is_endless":false,"potions_floor_spawned":[1,3,13,14],"killed_by":"Slime Boss","ascension_level":7}