{"gold_per_floor":[112,35,210,210,230,230,245,245,297,315,334,350,375,375,375,475,475,488,33,33,9,9,23,122,137,137,170,170,170,189,206,206,206],"floor_reached":33,"playtime":2953,"items_purged":["Strike_G"],"score":292,"play_id":"de8f7be1-96d2-4e11-894d-1bf316516eb2","local_time":"20190213211932","is_ascension_mode":false,"campfire_choices":[{"data":"Terror","floor":6,"key":"SMITH"},{"data":"Dash","floor":8,"key":"SMITH"},{"floor":15,"key":"REST"},{"floor":28,"key":"REST"},{"data":"Skewer","floor":32,"key":"SMITH"}],"neow_cost":"NONE","seed_source_timestamp":66075022931700,"circlet_count":0,"master_deck":["Defend_G","Defend_G","Defend_G","Defend_G","Defend_G","Survivor","Neutralize","Leg Sweep","Blur","Terror+1","Dash+1","Quick Slash","Endless Agony","Outmaneuver","Poisoned Stab","Tools of the Trade","Flying Knee","Infinite Blades","Master of Strategy","Backflip","Prepared","Slice","Outmaneuver","Bite","Bite","Bite","Bite","Bite","Blur","Skewer+1","Flying Knee","Dash+1","Choke+1","Outmaneuver"],"relics":["Ring of the Snake","Ancient Tea Set","Vajra","Bag of Preparation","Busted Crown","Membership Card","Meat on the Bone","Snake Skull"],"potions_floor_usage":[12,13,13,13,13,16,18,27,27],"damage_taken":[{"damage":0,"enemies":"Jaw Worm","floor":1,"turns":6},{"damage":3,"enemies":"2 Louse","floor":5,"turns":7},{"damage":0,"enemies":"Cultist","floor":7,"turns":4},{"damage":0,"enemies":"Large Slime","floor":10,"turns":7},{"damage":0,"enemies":"3 Louse","floor":11,"turns":4},{"damage":0,"enemies":"Red Slaver","floor":12,"turns":3},{"damage":17,"enemies":"3 Sentries","floor":13,"turns":10},{"damage":17,"enemies":"Hexaghost","floor":16,"turns":14},{"damage":10,"enemies":"2 Thieves","floor":18,"turns":4},{"damage":20,"enemies":"3 Byrds","floor":23,"turns":5},{"damage":16,"enemies":"Shelled Parasite and Fungi","floor":25,"turns":5},{"damage":59,"enemies":"Slavers","floor":27,"turns":7},{"damage":11,"enemies":"Snake Plant","floor":30,"turns":4},{"damage":0,"enemies":"3 Cultists","floor":31,"turns":5},{"damage":58,"enemies":"Automaton","floor":33,"turns":10}],"seed_played":"-2460144437464793542","potions_obtained":[{"floor":1,"key":"Swift Potion"},{"floor":5,"key":"EssenceOfSteel"},{"floor":11,"key":"EntropicBrew"},{"floor":12,"key":"SkillPotion"},{"floor":25,"key":"GamblersBrew"}],"is_trial":false,"path_per_floor":["M","$","?","?","M","R","M","R","T","M","M","M","E","?","R","B",null,"M","$","?","$","?","M","?","M","T","E","R","?","M","M","R","B"],"character_chosen":"THE_SILENT","items_purchased":["Blur","Membership Card","Infinite Blades","Master of Strategy","Backflip","Regen Potion","Prepared","Slice","Outmaneuver"],"campfire_rested":2,"item_purchase_floors":[2,19,19,19,19,19,19,19,21],"current_hp_per_floor":[77,77,77,70,67,67,67,67,67,67,67,67,50,50,73,56,77,67,67,77,77,53,43,43,37,37,21,36,36,31,43,43,0],"gold":206,"neow_bonus":"TEN_PERCENT_HP_BONUS","is_prod":false,"is_daily":false,"chose_seed":false,"campfire_upgraded":3,"win_rate":0.0,"timestamp":1550089172,"path_taken":["M","$","?","?","M","R","M","R","T","M","M","M","E","?","R","BOSS","M","$","?","?","?","M","?","M","T","E","R","?","M","M","R","BOSS"],"build_version":"2019-01-23","purchased_purges":1,"victory":false,"max_hp_per_floor":[77,77,77,77,77,77,77,77,77,77,77,77,77,77,77,77,77,77,77,77,77,53,53,53,53,53,53,53,53,53,53,53,53],"card_choices":[{"not_picked":["Masterful Stab","Slice"],"picked":"Leg Sweep","floor":1},{"not_picked":["Well Laid Plans","Infinite Blades"],"picked":"Terror","floor":5},{"not_picked":["Deadly Poison","Choke"],"picked":"Dash","floor":7},{"not_picked":["Bane","Deflect"],"picked":"Quick Slash","floor":10},{"not_picked":["Quick Slash","Masterful Stab"],"picked":"Endless Agony","floor":11},{"not_picked":["Sucker Punch","Predator"],"picked":"Outmaneuver","floor":12},{"not_picked":["Deflect","Prepared"],"picked":"Poisoned Stab","floor":13},{"not_picked":["Wraith Form v2","Phantasmal Killer"],"picked":"Tools of the Trade","floor":16},{"not_picked":[],"picked":"Flying Knee","floor":18},{"not_picked":[],"picked":"Blur","floor":23},{"not_picked":[],"picked":"Skewer","floor":25},{"not_picked":[],"picked":"Flying Knee","floor":27},{"not_picked":[],"picked":"Choke+1","floor":30},{"not_picked":[],"picked":"Outmaneuver","floor":31}],"player_experience":80585,"relics_obtained":[{"floor":9,"key":"Vajra"},{"floor":13,"key":"Bag of Preparation"},{"floor":26,"key":"Meat on the Bone"},{"floor":27,"key":"Snake Skull"}],"event_choices":[{"damage_healed":0,"gold_gain":175,"player_choice":"AGREE","damage_taken":0,"max_hp_gain":0,"max_hp_loss":0,"event_name":"Liars Game","floor":3,"gold_loss":0,"cards_obtained":["Doubt"]},{"damage_healed":0,"gold_gain":0,"player_choice":"Success","damage_taken":7,"relics_obtained":["Ancient Tea Set"],"max_hp_gain":0,"max_hp_loss":0,"event_name":"Scrap Ooze","floor":4,"gold_loss":0},{"cards_removed":["Doubt"],"damage_healed":0,"gold_gain":0,"player_choice":"Forget","damage_taken":0,"max_hp_gain":0,"max_hp_loss":0,"event_name":"Living Wall","floor":14,"gold_loss":0},{"damage_healed":10,"gold_gain":0,"player_choice":"Full Heal","damage_taken":0,"max_hp_gain":0,"max_hp_loss":0,"event_name":"Wheel of Change","floor":20,"gold_loss":0},{"damage_healed":0,"gold_gain":0,"player_choice":"Became a vampire","damage_taken":0,"max_hp_gain":0,"max_hp_loss":24,"event_name":"Vampires","floor":22,"gold_loss":0,"cards_obtained":["Bite","Bite","Bite","Bite","Bite"]},{"damage_healed":0,"gold_gain":99,"player_choice":"Stole From Cult","damage_taken":0,"max_hp_gain":0,"max_hp_loss":0,"event_name":"Nest","floor":24,"gold_loss":0},{"damage_healed":0,"gold_gain":0,"player_choice":"Copied","damage_taken":0,"max_hp_gain":0,"max_hp_loss":0,"event_name":"Duplicator","floor":29,"gold_loss":0,"cards_obtained":["Dash"]}],"is_beta":false,"boss_relics":[{"not_picked":["White Beast Statue","Eternal Feather"],"picked":"Busted Crown"}],"items_purged_floors":[19],"is_endless":false,"potions_floor_spawned":[1,5,11,12,25],"killed_by":"Automaton","ascension_level":0}