{"gold_per_floor":[116,116,135,52,70,102,102,117,164,176,188,170,182,210,222,331,343,336,348,377,408,420,432,472,484,496,534,546,570,241,261,261,361,361,376,61,61,137,237,237,249,249,304,304,304,404,404,422,422,422],"floor_reached":51,"playtime":4286,"items_purged":[],"score":706,"play_id":"90954dec-a9c2-416c-bdb5-b8f2a7a6cbaf","local_time":"20190322203429","is_ascension_mode":false,"campfire_choices":[{"data":"Discovery","floor":7.0,"key":"SMITH"},{"data":"Zap","floor":11.0,"key":"SMITH"},{"data":"White Noise","floor":13.0,"key":"SMITH"},{"data":"Dualcast","floor":15.0,"key":"SMITH"},{"floor":23,"key":"REST"},{"floor":25,"key":"REST"},{"floor":28,"key":"REST"},{"data":"Fusion","floor":32,"key":"SMITH"},{"data":"Double Energy","floor":40,"key":"SMITH"},{"data":"Blizzard","floor":42,"key":"SMITH"},{"data":"Zap","floor":45,"key":"SMITH"},{"data":"Jack Of All Trades","floor":49,"key":"SMITH"}],"neow_cost":"TEN_PERCENT_HP_LOSS","seed_source_timestamp":9506307567505,"circlet_count":0,"master_deck":["Strike_B","Strike_B","Strike_B","Defend_B","Defend_B","Zap+1","Dualcast+1","Barrage","Blizzard+1","Force Field","Discovery+1","Cold Snap","White Noise+1","Cold Snap","Steam","Conserve Battery","Echo Form","Go for the Eyes","Electrodynamics","Conserve Battery","Zap+1","Meteor Strike","Jack Of All Trades+1","Chill","Static Discharge","Capacitor+1","Fusion+1","Double Energy+1","Defragment+1","Cold Snap","Amplify","Hello World+1","Ball Lightning+1","Reinforced Body"],"special_seed":0,"relics":["FrozenCore","Sundial","MawBank","Black Star","Orichalcum","Centennial Puzzle","Frozen Egg 2","Emotion Chip","Juzu Bracelet","Kunai","Lee\u0027s Waffle","Bronze Scales","Bottled Tornado","Singing Bowl","Thread and Needle","Happy Flower"],"potions_floor_usage":[24,50,50,50],"damage_taken":[{"damage":1.0,"enemies":"Jaw Worm","floor":1.0,"turns":3.0},{"damage":0.0,"enemies":"Cultist","floor":3.0,"turns":3.0},{"damage":0.0,"enemies":"Small Slimes","floor":5.0,"turns":1.0},{"damage":10.0,"enemies":"Lagavulin","floor":6.0,"turns":5.0},{"damage":0.0,"enemies":"Exordium Thugs","floor":8.0,"turns":4.0},{"damage":5.0,"enemies":"Looter","floor":14.0,"turns":3.0},{"damage":0.0,"enemies":"Slime Boss","floor":16.0,"turns":6.0},{"damage":22.0,"enemies":"2 Thieves","floor":18.0,"turns":4.0},{"damage":9,"enemies":"3 Byrds","floor":20,"turns":3},{"damage":21,"enemies":"Sentry and Sphere","floor":21,"turns":7},{"damage":33,"enemies":"Gremlin Leader","floor":24,"turns":5},{"damage":12,"enemies":"Book of Stabbing","floor":27,"turns":4},{"damage":7,"enemies":"3 Cultists","floor":29,"turns":3},{"damage":10,"enemies":"Centurion and Healer","floor":31,"turns":5},{"damage":8,"enemies":"Champ","floor":33,"turns":12},{"damage":1,"enemies":"Orb Walker","floor":35,"turns":5},{"damage":12,"enemies":"Mind Bloom Boss Battle","floor":39,"turns":9},{"damage":0,"enemies":"3 Darklings","floor":41,"turns":6},{"damage":0,"enemies":"Spire Growth","floor":48,"turns":5},{"damage":35,"enemies":"Time Eater","floor":50,"turns":11}],"seed_played":"6237791262886169025","potions_obtained":[{"floor":6.0,"key":"PowerPotion"},{"floor":12.0,"key":"Swift Potion"},{"floor":12.0,"key":"Fire Potion"},{"floor":14.0,"key":"PowerPotion"},{"floor":16.0,"key":"FearPotion"},{"floor":31,"key":"Explosive Potion"},{"floor":33,"key":"Regen Potion"},{"floor":35,"key":"Swift Potion"},{"floor":41,"key":"EssenceOfSteel"},{"floor":48,"key":"PowerPotion"}],"is_trial":false,"path_per_floor":["M","?","M","$","M","E","R","M","T","$","R","?","R","M","R","B",null,"M","?","M","M","T","R","E","R","T","E","R","M","$","M","R","B",null,"M","$","?","T","?","R","M","R","T","?","R","?","?","M","R","B",null],"character_chosen":"DEFECT","items_purchased":["White Noise","Cold Snap","Lee\u0027s Waffle","Bronze Scales","Bottled Tornado","Hello World+1"],"campfire_rested":3,"item_purchase_floors":[4,4,30,30,36,36],"current_hp_per_floor":[67,67,67,67,67,57,57,57,57,57,57,57,57,52,52,52,68,46,46,37,16,16,36,3,23,23,11,31,24,75,65,65,57,75,74,74,74,74,62,62,64,64,64,64,64,64,64,64,64,29],"gold":422,"neow_bonus":"TRANSFORM_TWO_CARDS","is_prod":false,"is_daily":false,"chose_seed":false,"campfire_upgraded":9,"win_rate":0,"timestamp":1553308469,"path_taken":["M","?","M","?","M","E","R","M","T","?","R","?","R","?","R","BOSS","M","?","M","?","?","R","E","R","T","E","R","M","$","M","R","BOSS","M","$","?","?","?","R","M","R","T","?","R","?","?","M","R","BOSS"],"build_version":"2019-01-23","purchased_purges":0,"victory":true,"max_hp_per_floor":[68,68,68,68,68,68,68,68,68,68,68,68,68,68,68,68,68,68,68,68,68,68,68,68,68,68,68,68,68,75,75,75,75,75,75,75,75,75,75,75,77,77,77,77,77,77,77,77,77,77],"card_choices":[{"not_picked":["Streamline","Barrage"],"picked":"Cold Snap","floor":1.0},{"not_picked":["Steam","Sunder"],"picked":"Cold Snap","floor":3.0},{"not_picked":["Redo","Stack"],"picked":"Steam","floor":5.0},{"not_picked":["Leap","Gash"],"picked":"Conserve Battery","floor":6.0},{"not_picked":["Coolheaded","Stack"],"picked":"Echo Form","floor":8.0},{"not_picked":["Stack","Steam"],"picked":"Go for the Eyes","floor":14.0},{"not_picked":["Thunder Strike","Hyperbeam"],"picked":"Electrodynamics","floor":16.0},{"not_picked":["Rebound","Recycle+1"],"picked":"Conserve Battery","floor":18.0},{"not_picked":["Rebound+1","Go for the Eyes"],"picked":"Static Discharge","floor":20},{"not_picked":["Skim+1","Stack"],"picked":"Capacitor+1","floor":21},{"not_picked":["Conserve Battery","Fission"],"picked":"Fusion","floor":24},{"not_picked":["Stack","Skim"],"picked":"Double Energy","floor":27},{"not_picked":["Conserve Battery","Blizzard+1"],"picked":"Defragment+1","floor":29},{"not_picked":["BootSequence+1","Barrage"],"picked":"Cold Snap","floor":31},{"not_picked":["All For One","Hyperbeam"],"picked":"Amplify","floor":33},{"not_picked":["Gash+1","Beam Cell","Rip and Tear+1"],"picked":"SKIP","floor":35},{"not_picked":["Rebound","Coolheaded+1"],"picked":"Ball Lightning+1","floor":39},{"not_picked":["Heatsinks+1","Go for the Eyes+1","Sunder"],"picked":"Singing Bowl","floor":41},{"not_picked":["Aggregate","Beam Cell"],"picked":"Reinforced Body","floor":48}],"player_experience":1115542,"relics_obtained":[{"floor":6.0,"key":"Sundial"},{"floor":9.0,"key":"MawBank"},{"floor":22,"key":"Orichalcum"},{"floor":24,"key":"Centennial Puzzle"},{"floor":24,"key":"Frozen Egg 2"},{"floor":26,"key":"Emotion Chip"},{"floor":27,"key":"Juzu Bracelet"},{"floor":27,"key":"Kunai"},{"floor":38,"key":"Singing Bowl"},{"floor":39,"key":"Thread and Needle"},{"floor":43,"key":"Happy Flower"}],"event_choices":[{"damage_healed":0.0,"max_hp_gain":0.0,"max_hp_loss":0.0,"gold_gain":0.0,"event_name":"Match and Keep!","player_choice":"2 cards matched","floor":2.0,"gold_loss":0.0,"damage_taken":0.0,"cards_obtained":["Force Field","Discovery"]},{"damage_healed":0.0,"max_hp_gain":0.0,"max_hp_loss":0.0,"gold_gain":0.0,"event_name":"The Woman in Blue","player_choice":"Bought 2 Potions","floor":12.0,"gold_loss":0.0,"damage_taken":0.0},{"damage_healed":0,"gold_gain":0,"player_choice":"4 cards matched","damage_taken":0,"max_hp_gain":0,"max_hp_loss":0,"event_name":"Match and Keep!","floor":19,"gold_loss":0,"cards_obtained":["Zap","Meteor Strike","Jack Of All Trades","Chill"]},{"cards_removed":["Cold Snap"],"damage_healed":0,"gold_gain":0,"player_choice":"Removed Attack","damage_taken":0,"max_hp_gain":0,"max_hp_loss":0,"event_name":"Falling","floor":37,"gold_loss":0},{"damage_healed":0,"gold_gain":0,"player_choice":"Fight","damage_taken":0,"max_hp_gain":0,"max_hp_loss":0,"event_name":"MindBloom","floor":39,"gold_loss":0},{"damage_healed":0,"gold_gain":0,"player_choice":"Ignored","damage_taken":0,"max_hp_gain":0,"max_hp_loss":0,"event_name":"Mysterious Sphere","floor":44,"gold_loss":0},{"damage_healed":0,"gold_gain":100,"player_choice":"Pray","damage_taken":0,"max_hp_gain":0,"max_hp_loss":0,"event_name":"Golden Shrine","floor":46,"gold_loss":0},{"cards_removed":["Defend_B"],"damage_healed":0,"gold_gain":0,"player_choice":"Purged","damage_taken":0,"max_hp_gain":0,"max_hp_loss":0,"event_name":"Purifier","floor":47,"gold_loss":0}],"is_beta":false,"boss_relics":[{"not_picked":["Lizard Tail","Snecko Eye"],"picked":"Black Star"},{"not_picked":["Empty Cage","Calling Bell"],"picked":"FrozenCore"}],"items_purged_floors":[],"is_endless":false,"potions_floor_spawned":[6,14,16,31,33,35,41,48],"ascension_level":0}