{"gold_per_floor":[119,135,154,164,181,181,212,228,255,290,290,290,306,318,318,392,392,412,427,5,20,20,20],"floor_reached":23,"playtime":905,"items_purged":[],"score":393,"play_id":"9c174445-3b53-40de-8d2b-59ba3835f3db","local_time":"20190327174333","is_ascension_mode":true,"campfire_choices":[{"data":"Zap","floor":6,"key":"SMITH"},{"floor":11,"key":"REST"},{"floor":15,"key":"REST"}],"neow_cost":"NONE","seed_source_timestamp":1157311936663700,"circlet_count":0,"master_deck":["AscendersBane","Strike_B","Strike_B","Strike_B","Strike_B","Defend_B","Defend_B","Defend_B","Defend_B","Zap+1","Dualcast","Electrodynamics","Steam","Compile Driver","Steam","Melter","Sunder","Undo","Loop","Leap","Amplify","Force Field","Self Repair","Auto Shields","Leap","Ball Lightning"],"relics":["Cracked Core","Mummified Hand","Potion Belt","Bottled Flame","Cursed Key","Omamori"],"potions_floor_usage":[7,7,16,18,23],"damage_taken":[{"damage":1,"enemies":"Cultist","floor":1,"turns":3},{"damage":7,"enemies":"Jaw Worm","floor":2,"turns":3},{"damage":1,"enemies":"2 Louse","floor":3,"turns":3},{"damage":19,"enemies":"Exordium Thugs","floor":4,"turns":3},{"damage":12,"enemies":"Large Slime","floor":5,"turns":5},{"damage":2,"enemies":"Gremlin Nob","floor":7,"turns":3},{"damage":7,"enemies":"2 Fungi Beasts","floor":8,"turns":2},{"damage":8,"enemies":"Lagavulin","floor":10,"turns":5},{"damage":3,"enemies":"Exordium Thugs","floor":13,"turns":3},{"damage":8,"enemies":"Blue Slaver","floor":14,"turns":3},{"damage":14,"enemies":"Slime Boss","floor":16,"turns":6},{"damage":11,"enemies":"Shell Parasite","floor":18,"turns":5},{"damage":8,"enemies":"2 Thieves","floor":19,"turns":4},{"damage":3,"enemies":"Snecko","floor":21,"turns":5},{"damage":53,"enemies":"Gremlin Leader","floor":23,"turns":5}],"seed_played":"4826391374439765600","potions_obtained":[{"floor":1,"key":"FearPotion"},{"floor":5,"key":"Poison Potion"},{"floor":7,"key":"Ancient Potion"},{"floor":8,"key":"Strength Potion"},{"floor":14,"key":"SteroidPotion"},{"floor":18,"key":"Explosive Potion"}],"is_trial":false,"path_per_floor":["M","M","M","M","M","R","E","M","T","E","R","?","M","M","R","B",null,"M","M","$","M","?","E"],"character_chosen":"DEFECT","items_purchased":["Omamori","Self Repair","Auto Shields","Leap","Ball Lightning"],"campfire_rested":2,"item_purchase_floors":[20,20,20,20,20],"current_hp_per_floor":[63,56,55,36,24,24,22,15,15,7,28,28,25,17,38,24,59,48,40,40,44,44,0],"gold":20,"neow_bonus":"ONE_RANDOM_RARE_CARD","is_prod":false,"is_daily":false,"chose_seed":false,"campfire_upgraded":1,"win_rate":0,"timestamp":1553705013,"path_taken":["M","M","M","M","M","R","E","M","T","E","R","?","M","M","R","BOSS","M","?","$","M","?","E"],"build_version":"2019-01-23","purchased_purges":0,"victory":false,"max_hp_per_floor":[71,71,71,71,71,71,71,71,71,71,71,71,71,71,71,71,71,71,71,71,71,71,71],"card_choices":[{"not_picked":["Fusion","Turbo"],"picked":"Steam","floor":1},{"not_picked":["Rip and Tear","Rebound"],"picked":"Compile Driver","floor":2},{"not_picked":["Rebound","Rip and Tear"],"picked":"Steam","floor":3},{"not_picked":["Reprogram","Stack","Heatsinks"],"picked":"SKIP","floor":4},{"not_picked":["Hologram","Conserve Battery"],"picked":"Melter","floor":5},{"not_picked":["Reboot","Streamline"],"picked":"Sunder","floor":7},{"not_picked":["Hologram","Compile Driver"],"picked":"Undo","floor":8},{"not_picked":["Aggregate","Chaos"],"picked":"Loop","floor":10},{"not_picked":["Go for the Eyes","Reprogram","Rebound"],"picked":"SKIP","floor":13},{"not_picked":["Beam Cell","Recycle"],"picked":"Leap","floor":14},{"not_picked":["All For One","Electrodynamics"],"picked":"Amplify","floor":16},{"not_picked":["White Noise","Stack","Compile Driver"],"picked":"SKIP","floor":18},{"not_picked":["Rebound","Lockon"],"picked":"Force Field","floor":19},{"not_picked":["Rebound","Streamline","Skim"],"picked":"SKIP","floor":21}],"player_experience":567950,"relics_obtained":[{"floor":7,"key":"Mummified Hand"},{"floor":9,"key":"Potion Belt"},{"floor":10,"key":"Bottled Flame"}],"event_choices":[{"damage_healed":0,"gold_gain":0,"player_choice":"0 cards matched","damage_taken":0,"max_hp_gain":0,"max_hp_loss":0,"event_name":"Match and Keep!","floor":12,"gold_loss":0,"cards_obtained":[]},{"damage_healed":0,"gold_gain":0,"player_choice":"Ignored","damage_taken":0,"max_hp_gain":0,"max_hp_loss":0,"event_name":"Beggar","floor":22,"gold_loss":0}],"is_beta":false,"boss_relics":[{"not_picked":["Coffee Dripper","Black Star"],"picked":"Cursed Key"}],"items_purged_floors":[],"is_endless":false,"potions_floor_spawned":[1,5,7,8,14,18],"killed_by":"Gremlin Leader","ascension_level":18}