{"path_per_floor":["M","$","M","M","M","R","M","R","T","E","T","M","$","M","R","B",null,"M","$","M","M","M","R","$","R","T","M","?","R","?","$","R","B",null,"M","M","$","?","?","R","E","R","T","?","R","M","?","$","R","B"],"character_chosen":"IRONCLAD","items_purchased":["Shrug It Off","Spot Weakness","Headbutt"],"gold_per_floor":[116,41,53,67,87,87,97,97,97,123,123,143,91,104,104,208,208,193,15,35,49,63,63,10,10,84,101,16,16,16,16,16,116,116,135,147,47,47,0,0,26,26,26,26,26,45,45,45,45,45],"floor_reached":51,"campfire_rested":2,"playtime":2049,"current_hp_per_floor":[80,80,80,79,78,78,80,80,80,69,69,74,74,76,76,43,80,79,79,80,74,49,49,49,73,73,66,66,66,66,66,66,18,80,79,80,80,80,80,80,37,61,61,80,80,66,66,66,66,45],"items_purged":["Defend_R","Strike_R","Strike_R"],"gold":45,"score":675,"play_id":"2b5ab931-8d54-47c2-86ba-b3d870d84d82","local_time":"20180325234449","is_prod":false,"is_daily":false,"is_ascension_mode":false,"campfire_upgraded":9,"timestamp":1521992689,"path_taken":["M","$","M","M","M","R","M","R","T","E","?","M","$","M","R","BOSS","M","$","M","M","M","R","$","R","T","M","?","R","?","$","R","BOSS","M","M","$","?","?","R","E","R","T","?","R","M","?","$","R","BOSS"],"build_version":"2018-03-22v2","purchased_purges":5,"victory":true,"master_deck":["Strike_R","Strike_R","Defend_R","Defend_R","Defend_R","Bash+1","Double Tap","Shrug It Off+1","Armaments+1","Rampage+1","Seeing Red","Shrug It Off+1","Limit Break+1","Metallicize+1","Spot Weakness","Thunderclap","Inflame+1","Headbutt","Sword Boomerang+1","Limit Break+1","Reaper","Pommel Strike+1","Bloodletting+1","Sword Boomerang","Iron Wave+1","Madness+1","Iron Wave+1"],"max_hp_per_floor":[80,80,80,80,80,80,80,80,80,80,80,80,80,80,80,80,80,80,80,80,80,80,80,80,80,80,80,80,80,80,80,80,80,80,80,80,80,80,80,80,80,80,80,80,80,80,80,80,80,80],"relics":["Burning Blood","Mercury Hourglass","Blood Vial","Bottled Flame","Sozu","The Courier","Kunai","Orrery","Red Mask","Art of War","Darkstone Periapt"],"card_choices":[{"not_picked":["Wild Strike","Sword Boomerang"],"picked":"Shrug It Off","floor":1},{"not_picked":["Whirlwind","Inflame"],"picked":"Armaments","floor":5},{"not_picked":["Infernal Blade","Sword Boomerang"],"picked":"Rampage","floor":7},{"not_picked":["Carnage","Twin Strike"],"picked":"Seeing Red","floor":12},{"not_picked":["Reaper","Exhume"],"picked":"Limit Break","floor":16},{"not_picked":["Heavy Blade","Flex"],"picked":"Metallicize","floor":18},{"not_picked":["Clash","Shrug It Off"],"picked":"Thunderclap","floor":20},{"not_picked":["Cleave","Havoc"],"picked":"Inflame","floor":21},{"not_picked":["Metallicize","Sever Soul"],"picked":"Sword Boomerang","floor":27},{"not_picked":["Barricade","Limit Break"],"picked":"Reaper","floor":33},{"not_picked":["Perfected Strike","Warcry"],"picked":"Pommel Strike","floor":34},{"not_picked":["Shrug It Off","Iron Wave"],"picked":"Bloodletting","floor":34},{"not_picked":["Juggernaut","Searing Blow"],"picked":"Sword Boomerang","floor":34},{"not_picked":["Anger","Heavy Blade"],"picked":"Iron Wave","floor":36},{"not_picked":["Fiend Fire","Flex"],"picked":"Iron Wave","floor":41}],"player_experience":373394,"potions_floor_usage":[50,50,50],"damage_taken":[{"damage":1,"enemies":"Cultist","floor":1,"turns":3},{"damage":2,"enemies":"Small Slimes","floor":3,"turns":4},{"damage":7,"enemies":"2 Louse","floor":4,"turns":3},{"damage":7,"enemies":"Looter","floor":5,"turns":3},{"damage":2,"enemies":"2 Fungi Beasts","floor":7,"turns":6},{"damage":17,"enemies":"3 Sentries","floor":10,"turns":6},{"damage":3,"enemies":"Red Slaver","floor":12,"turns":5},{"damage":6,"enemies":"Large Slime","floor":14,"turns":5},{"damage":41,"enemies":"Hexaghost","floor":16,"turns":8},{"damage":7,"enemies":"2 Thieves","floor":18,"turns":4},{"damage":1,"enemies":"Shell Parasite","floor":20,"turns":5},{"damage":12,"enemies":"Chosen and Byrds","floor":21,"turns":6},{"damage":33,"enemies":"Snake Plant","floor":22,"turns":5},{"damage":15,"enemies":"Centurion and Healer","floor":27,"turns":5},{"damage":56,"enemies":"Collector","floor":33,"turns":7},{"damage":13,"enemies":"3 Shapes","floor":35,"turns":8},{"damage":7,"enemies":"Orb Walker","floor":36,"turns":4},{"damage":69,"enemies":"Nemesis","floor":41,"turns":7},{"damage":20,"enemies":"Maw","floor":46,"turns":5},{"damage":29,"enemies":"Donu and Deca","floor":50,"turns":4}],"event_choices":[{"event_name":"Addict","player_choice":"Obtained Relic","floor":28,"damage_taken":0},{"event_name":"Duplicator","player_choice":"One dupe","floor":30,"damage_taken":0},{"event_name":"Match and Keep!","player_choice":"1 cards matched","floor":38,"damage_taken":0},{"event_name":"Tomb of Lord Red Mask","player_choice":"Paid","floor":39,"damage_taken":0},{"event_name":"Wheel of Change","player_choice":"Full Heal","floor":44,"damage_taken":0},{"event_name":"Accursed Blacksmith","player_choice":"Forge","floor":47,"damage_taken":0}],"boss_relics":[{"not_picked":["Black Blood","Black Star"],"picked":"Sozu"},{"not_picked":["Snecko Eye","Eternal Feather"],"picked":"Orrery"}],"potions_floor_spawned":[4,5,7,10,16,20,21,27,33,35,46],"seed_played":"-3873948042928997721","ascension_level":0,"is_trial":false}