{"gold_per_floor":[113,113,133,133,133,133,161,173,185,230,242,284,218,229,229,306,356,368,278,297,317,317,317,317],"floor_reached":24,"playtime":859,"items_purged":[],"score":438,"play_id":"c25bf4ff-aacc-4aa8-8323-fefb6b1e5186","local_time":"20190203160727","is_ascension_mode":true,"campfire_choices":[{"floor":6,"key":"REST"},{"data":"Coolheaded","floor":8,"key":"SMITH"},{"data":"Capacitor","floor":15,"key":"SMITH"},{"data":"Barrage","floor":23,"key":"SMITH"}],"neow_cost":"NONE","seed_source_timestamp":865202816464700,"circlet_count":0,"master_deck":["AscendersBane","Strike_B","Strike_B+1","Strike_B+1","Strike_B","Defend_B","Defend_B","Defend_B","Defend_B","Zap+1","Dualcast+1","Sweeping Beam","Coolheaded+1","Cold Snap","Leap","FTL","Capacitor+1","Core Surge","Barrage+1","Capacitor"],"relics":["Cracked Core","NeowsBlessing","Letter Opener","MawBank","Lantern","Singing Bowl","Art of War","Tiny House","MutagenicStrength"],"potions_floor_usage":[10,16,16,20],"damage_taken":[{"damage":0,"enemies":"Jaw Worm","floor":1,"turns":1},{"damage":0,"enemies":"Small Slimes","floor":3,"turns":1},{"damage":0,"enemies":"Gremlin Nob","floor":7,"turns":1},{"damage":1,"enemies":"3 Sentries","floor":10,"turns":6},{"damage":7,"enemies":"Lagavulin","floor":12,"turns":7},{"damage":0,"enemies":"2 Louse","floor":14,"turns":3},{"damage":3,"enemies":"The Guardian","floor":16,"turns":14},{"damage":9,"enemies":"Chosen","floor":18,"turns":5},{"damage":14,"enemies":"Spheric Guardian","floor":20,"turns":5},{"damage":25,"enemies":"Centurion and Healer","floor":21,"turns":10},{"damage":41,"enemies":"Cultist and Chosen","floor":24,"turns":4}],"seed_played":"4303151902015568994","potions_obtained":[{"floor":7,"key":"Fire Potion"},{"floor":12,"key":"SkillPotion"},{"floor":14,"key":"Dexterity Potion"},{"floor":17,"key":"AttackPotion"}],"is_trial":false,"path_per_floor":["M","?","M","?","?","R","E","R","T","E","?","E","$","M","R","B",null,"M","$","M","M","?","R","M"],"character_chosen":"DEFECT","items_purchased":["FTL","Capacitor"],"campfire_rested":1,"item_purchase_floors":[13,19],"current_hp_per_floor":[64,53,53,32,32,53,53,53,53,54,59,52,52,52,52,49,78,69,69,57,34,34,34,0],"gold":317,"neow_bonus":"THREE_ENEMY_KILL","is_prod":false,"is_daily":false,"chose_seed":false,"campfire_upgraded":3,"win_rate":0,"timestamp":1549206447,"path_taken":["M","?","M","?","?","R","E","R","T","E","?","E","$","M","R","BOSS","M","$","M","M","?","R","M"],"build_version":"2019-01-23","purchased_purges":0,"victory":false,"max_hp_per_floor":[71,71,71,71,71,71,71,71,71,73,78,78,78,78,78,78,85,85,85,87,89,89,89,89],"card_choices":[{"not_picked":["Barrage","Beam Cell"],"picked":"Sweeping Beam","floor":1},{"not_picked":["Genetic Algorithm","Barrage"],"picked":"Coolheaded","floor":3},{"not_picked":["Turbo","Recycle"],"picked":"Cold Snap","floor":7},{"not_picked":["Streamline","Barrage","Turbo"],"picked":"Singing Bowl","floor":10},{"not_picked":["Steam","Aggregate"],"picked":"Leap","floor":12},{"not_picked":["Rip and Tear","Reprogram"],"picked":"Capacitor","floor":14},{"not_picked":["Reboot","Creative AI"],"picked":"Core Surge","floor":16},{"not_picked":["Conserve Battery","Hologram","Beam Cell"],"picked":"Singing Bowl","floor":17},{"not_picked":["Go for the Eyes","Static Discharge+1"],"picked":"Barrage","floor":18},{"not_picked":["Beam Cell","Go for the Eyes+1","Darkness"],"picked":"Singing Bowl","floor":20},{"not_picked":["Coolheaded","Stack","Rip and Tear"],"picked":"Singing Bowl","floor":21}],"player_experience":453947,"relics_obtained":[{"floor":7,"key":"MawBank"},{"floor":9,"key":"Lantern"},{"floor":10,"key":"Singing Bowl"},{"floor":12,"key":"Art of War"}],"event_choices":[{"damage_healed":0,"gold_gain":0,"player_choice":"Success","damage_taken":11,"relics_obtained":["Letter Opener"],"max_hp_gain":0,"max_hp_loss":0,"event_name":"Scrap Ooze","floor":2,"gold_loss":0},{"damage_healed":0,"gold_gain":0,"player_choice":"Entered Light","damage_taken":21,"max_hp_gain":0,"max_hp_loss":0,"event_name":"Shining Light","floor":4,"gold_loss":0,"cards_upgraded":["Zap","Strike_B"]},{"damage_healed":0,"gold_gain":0,"player_choice":"Grow","damage_taken":0,"max_hp_gain":0,"max_hp_loss":0,"event_name":"Living Wall","floor":5,"gold_loss":0,"cards_upgraded":["Dualcast"]},{"damage_healed":0,"gold_gain":0,"player_choice":"Donut","damage_taken":0,"max_hp_gain":5,"max_hp_loss":0,"event_name":"Big Fish","floor":11,"gold_loss":0},{"damage_healed":0,"gold_gain":0,"player_choice":"Inject Mutagens","damage_taken":0,"relics_obtained":["MutagenicStrength"],"max_hp_gain":0,"max_hp_loss":0,"event_name":"Drug Dealer","floor":22,"gold_loss":0}],"is_beta":false,"boss_relics":[{"not_picked":["Pandora\u0027s Box","White Beast Statue"],"picked":"Tiny House"}],"items_purged_floors":[],"is_endless":false,"potions_floor_spawned":[7,12,14],"killed_by":"Cultist and Chosen","ascension_level":17}