{"gold_per_floor":[214,225,243,257,277,277,290,290,316,316,348,363,64,89,89,185,185,195,195,211,211,222,247,247,62,88,88,108,23,33,48,48,48],"floor_reached":33,"playtime":1420,"items_purged":[],"score":296,"play_id":"ad25bb23-fbf5-44d0-b874-92e2ef96b127","local_time":"20190406005016","is_ascension_mode":false,"campfire_choices":[{"data":"Sunder","floor":6,"key":"SMITH"},{"data":"Zap","floor":8,"key":"SMITH"},{"data":"White Noise","floor":10,"key":"SMITH"},{"data":"Recycle","floor":15,"key":"SMITH"},{"floor":24,"key":"REST"},{"data":"Hologram","floor":27,"key":"SMITH"},{"data":"Buffer","floor":32,"key":"SMITH"}],"neow_cost":"NONE","seed_source_timestamp":265709935849335,"circlet_count":0,"master_deck":["Strike_B","Strike_B","Strike_B","Strike_B","Defend_B","Defend_B","Defend_B","Defend_B","Zap+1","Dualcast","Leap","White Noise+1","FTL","Sunder+1","Multi-Cast","Sweeping Beam","Recycle+1","Hologram+1","Amplify","Barrage","Zap+1","Coolheaded","Buffer+1","Auto Shields+1","Self Repair","Conserve Battery","Leap+1","Redo"],"relics":["Cracked Core","PreservedInsect","Pear","WingedGreaves","Odd Mushroom","Inserter","Bronze Scales","Tiny Chest","DataDisk"],"potions_floor_usage":[14,16,20,23,23,28,33],"damage_taken":[{"damage":1,"enemies":"Cultist","floor":1,"turns":3},{"damage":3,"enemies":"2 Louse","floor":2,"turns":3},{"damage":0,"enemies":"Jaw Worm","floor":3,"turns":3},{"damage":3,"enemies":"Gremlin Gang","floor":4,"turns":7},{"damage":1,"enemies":"Large Slime","floor":5,"turns":6},{"damage":8,"enemies":"3 Louse","floor":7,"turns":3},{"damage":0,"enemies":"Gremlin Nob","floor":11,"turns":2},{"damage":8,"enemies":"Red Slaver","floor":12,"turns":3},{"damage":1,"enemies":"The Mushroom Lair","floor":14,"turns":2},{"damage":48,"enemies":"Hexaghost","floor":16,"turns":9},{"damage":12,"enemies":"Chosen","floor":18,"turns":6},{"damage":17,"enemies":"2 Thieves","floor":20,"turns":3},{"damage":27,"enemies":"Sentry and Sphere","floor":22,"turns":6},{"damage":30,"enemies":"Gremlin Leader","floor":23,"turns":5},{"damage":14,"enemies":"Centurion and Healer","floor":28,"turns":8},{"damage":4,"enemies":"Snecko","floor":30,"turns":5},{"damage":17,"enemies":"Sentry and Sphere","floor":31,"turns":6},{"damage":34,"enemies":"Collector","floor":33,"turns":5}],"seed_played":"7854127169901482460","potions_obtained":[{"floor":2,"key":"Swift Potion"},{"floor":3,"key":"FocusPotion"},{"floor":12,"key":"AttackPotion"},{"floor":14,"key":"Regen Potion"},{"floor":16,"key":"Explosive Potion"},{"floor":21,"key":"Fire Potion"},{"floor":21,"key":"PowerPotion"},{"floor":22,"key":"Regen Potion"},{"floor":31,"key":"Weak Potion"}],"is_trial":false,"path_per_floor":["M","M","M","M","M","R","M","R","T","R","E","M","$","?","R","B",null,"M","?","M","?","M","E","R","$","T","R","M","?","M","M","R","B"],"character_chosen":"DEFECT","items_purchased":["WingedGreaves","Self Repair","Tiny Chest"],"campfire_rested":1,"item_purchase_floors":[13,25,25],"current_hp_per_floor":[74,71,71,68,67,67,59,59,59,59,69,61,61,60,60,27,85,73,73,56,56,29,13,38,38,38,38,31,31,34,24,24,0],"gold":48,"neow_bonus":"HUNDRED_GOLD","is_prod":false,"is_daily":false,"chose_seed":false,"campfire_upgraded":6,"win_rate":0,"timestamp":1554483016,"path_taken":["M","M","M","M","M","R","M","R","T","R","E","M","$","?","R","BOSS","M","?","?","?","?","E","R","$","T","R","M","?","M","M","R","BOSS"],"build_version":"2019-01-23","purchased_purges":0,"victory":false,"max_hp_per_floor":[75,75,75,75,75,75,75,75,75,75,85,85,85,85,85,85,85,85,85,85,85,85,85,85,85,85,85,85,85,85,85,85,85],"card_choices":[{"not_picked":["Stack","Coolheaded"],"picked":"Leap","floor":1},{"not_picked":["Rebound","Beam Cell"],"picked":"White Noise","floor":2},{"not_picked":["Barrage","Gash"],"picked":"FTL","floor":3},{"not_picked":["Sweeping Beam","Ball Lightning"],"picked":"Sunder","floor":4},{"not_picked":["Sweeping Beam","Streamline"],"picked":"Multi-Cast","floor":5},{"not_picked":["Reprogram","Go for the Eyes"],"picked":"Sweeping Beam","floor":7},{"not_picked":["Steam Power","Turbo","Heatsinks"],"picked":"SKIP","floor":11},{"not_picked":["Coolheaded","Sweeping Beam"],"picked":"Recycle","floor":12},{"not_picked":["Rebound","Doom and Gloom"],"picked":"Hologram","floor":14},{"not_picked":["Meteor Strike","Hyperbeam"],"picked":"Amplify","floor":16},{"not_picked":["Beam Cell","Reprogram"],"picked":"Barrage","floor":18},{"not_picked":["Go for the Eyes","Recycle"],"picked":"Coolheaded","floor":20},{"not_picked":["Stack","Hologram"],"picked":"Buffer","floor":22},{"not_picked":["Go for the Eyes","Cold Snap"],"picked":"Auto Shields+1","floor":23},{"not_picked":["Sweeping Beam","Gash+1"],"picked":"Conserve Battery","floor":28},{"not_picked":["Rebound","Steam Power"],"picked":"Leap+1","floor":30},{"not_picked":["Compile Driver","Steam Power"],"picked":"Redo","floor":31}],"player_experience":920134,"relics_obtained":[{"floor":9,"key":"PreservedInsect"},{"floor":11,"key":"Pear"},{"floor":14,"key":"Odd Mushroom"},{"floor":23,"key":"Bronze Scales"}],"event_choices":[{"damage_healed":0,"gold_gain":0,"player_choice":"Fought Mushrooms","damage_taken":0,"max_hp_gain":0,"max_hp_loss":0,"event_name":"Mushrooms","floor":14,"gold_loss":0},{"damage_healed":0,"gold_gain":0,"player_choice":"Copied","damage_taken":0,"max_hp_gain":0,"max_hp_loss":0,"event_name":"Duplicator","floor":19,"gold_loss":0,"cards_obtained":["Zap"]},{"damage_healed":0,"gold_gain":0,"player_choice":"Got Potions","damage_taken":0,"max_hp_gain":0,"max_hp_loss":0,"event_name":"Lab","floor":21,"gold_loss":0},{"damage_healed":0,"gold_gain":0,"player_choice":"Obtained Relic","damage_taken":0,"relics_obtained":["DataDisk"],"max_hp_gain":0,"max_hp_loss":0,"event_name":"Addict","floor":29,"gold_loss":85}],"is_beta":false,"boss_relics":[{"not_picked":["Black Star","Fusion Hammer"],"picked":"Inserter"}],"items_purged_floors":[],"is_endless":false,"potions_floor_spawned":[2,3,12,14,16,22,31],"killed_by":"Collector","ascension_level":0}