{"gold_per_floor":[113,38,38,52,64,89,89,124,149,161,181,181,200,220,220,316,316,332,64,64,64,64,64,80,98,98,129,129,129,129,144,144,144],"floor_reached":33,"playtime":1663,"items_purged":["Strike_R","Strike_R"],"score":346,"play_id":"efc60bd4-c933-46c7-b3e5-e687febe23dc","local_time":"20190322221433","is_ascension_mode":true,"campfire_choices":[{"data":"Anger","floor":7,"key":"SMITH"},{"data":"Cleave","floor":12,"key":"SMITH"},{"data":"Clash","floor":15,"key":"SMITH"},{"data":"Apotheosis","floor":23,"key":"SMITH"},{"floor":30,"key":"REST"},{"floor":32,"key":"REST"}],"neow_cost":"NONE","seed_source_timestamp":172889744577200,"circlet_count":0,"master_deck":["Strike_R","Defend_R+1","Defend_R","Defend_R","Defend_R+1","Bash","Immolate","Flex","Fiend Fire","Ghostly Armor","Anger+1","Thunderclap","Cleave+1","Feel No Pain","Exhume","Clash+1","Dark Embrace","Apotheosis+1","Whirlwind"],"relics":["Burning Blood","Bronze Scales","Boot","War Paint","Busted Crown","Juzu Bracelet","Nloth\u0027s Gift"],"potions_floor_usage":[6,6,16,16,27],"damage_taken":[{"damage":0,"enemies":"Small Slimes","floor":1,"turns":2},{"damage":1,"enemies":"Cultist","floor":4,"turns":3},{"damage":2,"enemies":"Jaw Worm","floor":5,"turns":3},{"damage":20,"enemies":"3 Sentries","floor":6,"turns":5},{"damage":30,"enemies":"Lagavulin","floor":8,"turns":6},{"damage":8,"enemies":"Blue Slaver","floor":10,"turns":2},{"damage":11,"enemies":"Looter","floor":11,"turns":2},{"damage":0,"enemies":"3 Louse","floor":13,"turns":1},{"damage":4,"enemies":"Red Slaver","floor":14,"turns":3},{"damage":28,"enemies":"The Guardian","floor":16,"turns":8},{"damage":22,"enemies":"2 Thieves","floor":18,"turns":4},{"damage":0,"enemies":"Spheric Guardian","floor":24,"turns":3},{"damage":10,"enemies":"Centurion and Healer","floor":25,"turns":5},{"damage":14,"enemies":"Gremlin Leader","floor":27,"turns":5},{"damage":52,"enemies":"Shelled Parasite and Fungi","floor":31,"turns":5},{"damage":40,"enemies":"Automaton","floor":33,"turns":4}],"seed_played":"373784646463155007","potions_obtained":[{"floor":4,"key":"Strength Potion"},{"floor":5,"key":"LiquidBronze"},{"floor":8,"key":"Dexterity Potion"},{"floor":10,"key":"Strength Potion"},{"floor":13,"key":"Explosive Potion"},{"floor":16,"key":"EssenceOfSteel"},{"floor":31,"key":"Dexterity Potion"}],"is_trial":false,"path_per_floor":["M","$","?","M","M","E","R","E","T","M","M","R","M","M","R","B",null,"M","$","?","?","?","R","M","M","T","E","?","?","R","M","R","B"],"character_chosen":"IRONCLAD","items_purchased":["Apotheosis"],"campfire_rested":2,"item_purchase_floors":[19],"current_hp_per_floor":[80,80,80,80,80,66,66,42,42,40,35,35,41,43,43,21,65,49,49,49,49,34,34,40,36,36,28,28,28,53,7,32,0],"gold":144,"neow_bonus":"TRANSFORM_CARD","is_prod":false,"is_daily":false,"chose_seed":false,"campfire_upgraded":4,"win_rate":0,"timestamp":1553289273,"path_taken":["M","$","?","M","M","E","R","E","T","M","M","R","M","?","R","BOSS","M","$","?","?","?","R","M","M","T","E","?","?","R","M","R","BOSS"],"build_version":"2019-01-23","purchased_purges":2,"victory":false,"max_hp_per_floor":[80,80,80,80,80,80,80,80,80,80,80,80,80,80,80,80,80,80,80,80,80,85,85,85,85,85,85,85,85,85,85,85,85],"card_choices":[{"not_picked":["Clash","Flame Barrier"],"picked":"Flex","floor":1},{"not_picked":["Burning Pact","Hemokinesis"],"picked":"Ghostly Armor","floor":4},{"not_picked":["Sword Boomerang","Blood for Blood"],"picked":"Anger","floor":5},{"not_picked":["Searing Blow","Body Slam"],"picked":"Thunderclap","floor":6},{"not_picked":["Perfected Strike","Sentinel"],"picked":"Cleave","floor":8},{"not_picked":["Searing Blow","Dropkick"],"picked":"Feel No Pain","floor":10},{"not_picked":["Infernal Blade","Disarm"],"picked":"Exhume","floor":11},{"not_picked":["Body Slam","Anger","Bloodletting"],"picked":"SKIP","floor":13},{"not_picked":["Sever Soul","Havoc"],"picked":"Clash","floor":14},{"not_picked":["Double Tap","Barricade"],"picked":"Dark Embrace","floor":16},{"not_picked":["Sword Boomerang"],"picked":"SKIP","floor":18},{"not_picked":["Carnage"],"picked":"SKIP","floor":24},{"not_picked":["Sword Boomerang"],"picked":"SKIP","floor":25},{"not_picked":["Hemokinesis"],"picked":"SKIP","floor":27},{"not_picked":["Body Slam"],"picked":"SKIP","floor":31}],"player_experience":419896,"relics_obtained":[{"floor":6,"key":"Bronze Scales"},{"floor":8,"key":"Boot"},{"floor":9,"key":"War Paint"},{"floor":26,"key":"Matryoshka"},{"floor":27,"key":"Juzu Bracelet"}],"event_choices":[{"damage_healed":0,"gold_gain":0,"cards_transformed":["Strike_R"],"player_choice":"Transformed","damage_taken":0,"max_hp_gain":0,"max_hp_loss":0,"event_name":"Transmorgrifier","floor":3,"gold_loss":0,"cards_obtained":["Fiend Fire"]},{"damage_healed":0,"gold_gain":0,"player_choice":"Read","damage_taken":0,"max_hp_gain":0,"max_hp_loss":0,"event_name":"The Library","floor":20,"gold_loss":0,"cards_obtained":["Whirlwind"]},{"damage_healed":0,"gold_gain":0,"player_choice":"Ignored","damage_taken":0,"max_hp_gain":0,"max_hp_loss":0,"event_name":"Vampires","floor":21,"gold_loss":0},{"damage_healed":0,"gold_gain":0,"player_choice":"Shed Blood","damage_taken":20,"max_hp_gain":5,"max_hp_loss":0,"event_name":"Forgotten Altar","floor":22,"gold_loss":0},{"damage_healed":0,"gold_gain":0,"player_choice":"Traded Relic","damage_taken":0,"relics_obtained":["Nloth\u0027s Gift"],"max_hp_gain":0,"max_hp_loss":0,"event_name":"N\u0027loth","floor":28,"relics_lost":["Matryoshka"],"gold_loss":0},{"damage_healed":0,"gold_gain":0,"player_choice":"Ignored","damage_taken":0,"max_hp_gain":0,"max_hp_loss":0,"event_name":"Beggar","floor":29,"gold_loss":0}],"is_beta":false,"boss_relics":[{"not_picked":["Astrolabe","White Beast Statue"],"picked":"Busted Crown"}],"items_purged_floors":[2,19],"is_endless":false,"potions_floor_spawned":[4,5,8,10,13,16,31],"killed_by":"Automaton","ascension_level":5}