{"gold_per_floor":[211,230,241,254,354,354,374,374,374,404,416,416,444,456,456,555,555,571,586,597,609,626,626,639,652,678,711,711,723,638,259,259,259],"floor_reached":33,"playtime":1735,"items_purged":["Strike_R"],"score":265,"play_id":"c518da33-ba06-4b47-9573-65856b69b1ae","local_time":"20190227202102","is_ascension_mode":false,"campfire_choices":[{"data":"Rage","floor":6,"key":"SMITH"},{"data":"Bash","floor":8,"key":"SMITH"},{"data":"Armaments","floor":12,"key":"SMITH"},{"data":"Pommel Strike","floor":15,"key":"SMITH"},{"data":"Double Tap","floor":23,"key":"SMITH"},{"floor":28,"key":"REST"},{"data":"Shrug It Off","floor":32,"key":"SMITH"}],"neow_cost":"NONE","seed_source_timestamp":364926628963199,"circlet_count":0,"master_deck":["Strike_R","Strike_R","Strike_R","Strike_R","Defend_R","Defend_R","Defend_R","Defend_R","Bash+1","Rage+1","Twin Strike","Rampage","Pommel Strike+1","Armaments+1","Double Tap+1","Flex","Impervious","Seeing Red","Body Slam+1","True Grit+1","Cleave","Immolate","Inflame","Shrug It Off+1"],"relics":["Burning Blood","Bronze Scales","Bag of Preparation","Mummified Hand","Velvet Choker","Juzu Bracelet","Red Mask","Strawberry","ClockworkSouvenir"],"potions_floor_usage":[10,20,24,33,33],"damage_taken":[{"damage":7,"enemies":"2 Louse","floor":1,"turns":2},{"damage":4,"enemies":"Cultist","floor":2,"turns":4},{"damage":15,"enemies":"Jaw Worm","floor":3,"turns":5},{"damage":7,"enemies":"Blue Slaver","floor":4,"turns":4},{"damage":6,"enemies":"Gremlin Gang","floor":7,"turns":6},{"damage":21,"enemies":"3 Sentries","floor":10,"turns":6},{"damage":8,"enemies":"Exordium Thugs","floor":11,"turns":4},{"damage":11,"enemies":"Gremlin Nob","floor":13,"turns":4},{"damage":0,"enemies":"Large Slime","floor":14,"turns":3},{"damage":20,"enemies":"The Guardian","floor":16,"turns":8},{"damage":5,"enemies":"Shell Parasite","floor":18,"turns":3},{"damage":2,"enemies":"3 Byrds","floor":19,"turns":3},{"damage":6,"enemies":"Snake Plant","floor":20,"turns":4},{"damage":3,"enemies":"Shelled Parasite and Fungi","floor":21,"turns":4},{"damage":27,"enemies":"Snecko","floor":22,"turns":5},{"damage":30,"enemies":"Centurion and Healer","floor":24,"turns":5},{"damage":20,"enemies":"Shelled Parasite and Fungi","floor":25,"turns":4},{"damage":11,"enemies":"Masked Bandits","floor":27,"turns":4},{"damage":26,"enemies":"Sentry and Sphere","floor":29,"turns":6},{"damage":48,"enemies":"Champ","floor":33,"turns":10}],"seed_played":"546517451530263861","potions_obtained":[{"floor":1,"key":"Block Potion"},{"floor":3,"key":"PowerPotion"},{"floor":4,"key":"BloodPotion"},{"floor":11,"key":"Dexterity Potion"},{"floor":19,"key":"Ancient Potion"},{"floor":21,"key":"BloodPotion"},{"floor":24,"key":"PowerPotion"}],"is_trial":false,"path_per_floor":["M","M","M","M","?","R","M","R","T","E","M","R","E","M","R","B",null,"M","M","M","M","M","R","M","M","T","?","R","M","?","$","R","B"],"character_chosen":"IRONCLAD","items_purchased":["Inflame","Shrug It Off","ClockworkSouvenir"],"campfire_rested":1,"item_purchase_floors":[31,31,31],"current_hp_per_floor":[79,80,71,70,70,70,70,70,70,55,53,53,48,54,54,40,80,80,80,80,80,59,59,43,29,29,24,48,28,35,35,35,0],"gold":259,"neow_bonus":"HUNDRED_GOLD","is_prod":false,"is_daily":false,"chose_seed":false,"campfire_upgraded":6,"win_rate":0,"timestamp":1551270062,"path_taken":["M","M","M","M","?","R","M","R","T","E","?","R","E","M","R","BOSS","M","M","M","M","M","R","M","M","T","?","R","M","?","$","R","BOSS"],"build_version":"2019-01-23","purchased_purges":1,"victory":false,"max_hp_per_floor":[80,80,80,80,80,80,80,80,80,80,80,80,80,80,80,80,80,80,80,80,80,80,80,80,80,80,80,80,80,87,87,87,87],"card_choices":[{"not_picked":["Carnage","Searing Blow"],"picked":"Rage","floor":1},{"not_picked":["Clash","Havoc","Rage"],"picked":"SKIP","floor":2},{"not_picked":["Perfected Strike","Warcry"],"picked":"Twin Strike","floor":3},{"not_picked":["Thunderclap","Clothesline"],"picked":"Rampage","floor":4},{"not_picked":["Evolve","Rage","Rampage"],"picked":"SKIP","floor":7},{"not_picked":["Carnage","Second Wind"],"picked":"Pommel Strike","floor":10},{"not_picked":["Flex","Carnage"],"picked":"Armaments","floor":11},{"not_picked":["Reckless Charge","Wild Strike"],"picked":"Double Tap","floor":13},{"not_picked":["Iron Wave","Pommel Strike"],"picked":"Flex","floor":14},{"not_picked":["Exhume","Double Tap"],"picked":"Impervious","floor":16},{"not_picked":["Sentinel","Anger+1","Iron Wave"],"picked":"SKIP","floor":18},{"not_picked":["Body Slam","Pommel Strike+1"],"picked":"Seeing Red","floor":19},{"not_picked":["Warcry+1","Anger+1","Perfected Strike+1"],"picked":"SKIP","floor":20},{"not_picked":["Clothesline","Heavy Blade","Anger"],"picked":"SKIP","floor":21},{"not_picked":["Anger","Heavy Blade+1"],"picked":"Body Slam+1","floor":22},{"not_picked":["Brutality","Anger"],"picked":"True Grit+1","floor":24},{"not_picked":["Iron Wave","Havoc"],"picked":"Cleave","floor":25},{"not_picked":["Heavy Blade","Iron Wave"],"picked":"Immolate","floor":29}],"player_experience":706483,"relics_obtained":[{"floor":9,"key":"Bronze Scales"},{"floor":10,"key":"Bag of Preparation"},{"floor":13,"key":"Mummified Hand"},{"floor":26,"key":"Juzu Bracelet"},{"floor":27,"key":"Red Mask"}],"event_choices":[{"damage_healed":0,"gold_gain":100,"player_choice":"Pray","damage_taken":0,"max_hp_gain":0,"max_hp_loss":0,"event_name":"Golden Shrine","floor":5,"gold_loss":0},{"damage_healed":0,"gold_gain":0,"player_choice":"Fought Bandits","damage_taken":0,"max_hp_gain":0,"max_hp_loss":0,"event_name":"Masked Bandits","floor":27,"gold_loss":0},{"damage_healed":0,"gold_gain":0,"player_choice":"Obtained Relic","damage_taken":0,"relics_obtained":["Strawberry"],"max_hp_gain":0,"max_hp_loss":0,"event_name":"Addict","floor":30,"gold_loss":85}],"is_beta":false,"boss_relics":[{"not_picked":["Orrery","Mark of Pain"],"picked":"Velvet Choker"}],"items_purged_floors":[31],"is_endless":false,"potions_floor_spawned":[1,3,4,11,19,21,24,25,27],"killed_by":"Champ","ascension_level":0}