{"path_per_floor":["M","$","?","$","T","E","R","?","T","R","M","M","M","M","R","B",null,"M","$","?","?","M","E","M","R","T","R","M","M","$","M","R","B",null,"M","$","M","M","?","R","M","R","T","M","?","R","M","M","R"],"character_chosen":"IRONCLAD","items_purchased":["Whirlwind","Bloodletting","Apotheosis","Offering"],"gold_per_floor":[110,31,206,51,51,79,79,79,79,79,94,107,125,138,138,236,236,256,76,76,76,87,114,124,124,124,124,137,155,4,17,17,116,116,130,30,40,53,53,53,72,72,125,140,140,140,160,176,176,176],"floor_reached":50,"campfire_rested":1,"playtime":1980,"current_hp_per_floor":[80,80,80,80,80,80,80,73,73,73,79,80,77,80,80,32,80,62,62,62,62,75,62,54,54,54,54,33,36,36,28,28,18,80,61,61,63,65,65,65,57,57,57,63,63,63,65,64,80,0],"items_purged":["Doubt","Strike_R"],"gold":176,"score":491,"play_id":"07e74423-64c0-47ee-a175-825bc421ec45","local_time":"20180519211401","is_prod":false,"is_daily":false,"chose_seed":false,"is_ascension_mode":false,"campfire_upgraded":9,"timestamp":1526735641,"campfire_choices":[{"data":"Whirlwind","floor":7,"key":"SMITH"},{"data":"Bash","floor":10,"key":"SMITH"},{"data":"Body Slam","floor":15,"key":"SMITH"},{"data":"Apotheosis","floor":25,"key":"SMITH"},{"data":"Battle Trance","floor":27,"key":"SMITH"},{"data":"Shrug It Off","floor":32,"key":"SMITH"},{"data":"Bloodletting","floor":40,"key":"SMITH"},{"data":"Offering","floor":42,"key":"SMITH"},{"data":"Flex","floor":46,"key":"SMITH"},{"floor":49,"key":"REST"}],"path_taken":["M","$","?","$","?","E","R","?","T","R","M","?","M","M","R","BOSS","M","$","?","?","M","E","M","R","T","R","M","M","$","M","R","BOSS","M","$","M","M","?","R","M","R","T","M","?","R","?","M","R","BOSS"],"build_version":"2018-05-17","seed_source_timestamp":34154515194607,"purchased_purges":2,"victory":false,"master_deck":["Strike_R","Strike_R","Defend_R","Defend_R","Defend_R","Defend_R","Bash+1","Cleave","Whirlwind+1","Bloodletting+1","Rage","Flex+1","Body Slam+1","Battle Trance+1","Immolate","Shrug It Off+1","Apotheosis+1","Spot Weakness","Twin Strike","Dual Wield","Sword Boomerang","Offering+1","Flame Barrier+1","Sword Boomerang+1","Impervious","True Grit+1","Seeing Red","Offering","Uppercut+1","Headbutt","Disarm+1","Burning Pact+1","Offering+1"],"max_hp_per_floor":[80,80,80,80,80,80,80,80,80,80,80,80,80,80,80,80,80,80,80,80,80,80,80,80,80,80,80,80,80,80,80,80,80,80,80,80,80,80,80,80,80,80,80,80,80,80,80,80,80,80],"relics":["Burning Blood","NeowsBlessing","Letter Opener","Gremlin Horn","Omamori","Black Star","Boot","Anchor","Prayer Wheel","Sozu","Tiny Chest"],"card_choices":[{"not_picked":["Clash","Disarm"],"picked":"Cleave","floor":1},{"not_picked":["Warcry","Ghostly Armor","Flame Barrier"],"picked":"SKIP","floor":6},{"not_picked":["Wild Strike","Shockwave"],"picked":"Rage","floor":11},{"not_picked":["Clash","Anger"],"picked":"Flex","floor":12},{"not_picked":["Anger","Brutality"],"picked":"Body Slam","floor":13},{"not_picked":["Headbutt","True Grit"],"picked":"Battle Trance","floor":14},{"not_picked":["Demon Form","Bludgeon"],"picked":"Immolate","floor":16},{"not_picked":["Fire Breathing","Wild Strike+1"],"picked":"Shrug It Off","floor":18},{"not_picked":["Metallicize+1","Clash"],"picked":"Spot Weakness","floor":22},{"not_picked":["Perfected Strike","Clash","Bloodletting"],"picked":"SKIP","floor":23},{"not_picked":["Clothesline","Combust"],"picked":"Twin Strike","floor":24},{"not_picked":["Sever Soul","Metallicize+1"],"picked":"Dual Wield","floor":28},{"not_picked":["Ghostly Armor","Second Wind","Whirlwind"],"picked":"SKIP","floor":28},{"not_picked":["Anger+1","Flex"],"picked":"Sword Boomerang","floor":29},{"not_picked":["Clash","Feel No Pain+1","Ghostly Armor"],"picked":"SKIP","floor":29},{"not_picked":["Perfected Strike","Feel No Pain"],"picked":"Flame Barrier+1","floor":31},{"not_picked":["Rage","Carnage"],"picked":"Sword Boomerang+1","floor":31},{"not_picked":["Fiend Fire","Barricade"],"picked":"Impervious","floor":33},{"not_picked":["True Grit+1","Clash"],"picked":"Inflame+1","floor":35},{"not_picked":["Ghostly Armor+1","Iron Wave","Flame Barrier"],"picked":"SKIP","floor":35},{"not_picked":["Flex","Iron Wave+1"],"picked":"True Grit+1","floor":37},{"not_picked":["Iron Wave","Feel No Pain+1"],"picked":"Seeing Red","floor":37},{"not_picked":["Warcry","Twin Strike+1"],"picked":"Offering","floor":38},{"not_picked":["Flex+1","Perfected Strike","Ghostly Armor"],"picked":"SKIP","floor":38},{"not_picked":["Infernal Blade","Pommel Strike"],"picked":"Uppercut+1","floor":41},{"not_picked":["Flex+1","Iron Wave+1"],"picked":"Headbutt","floor":41},{"not_picked":["Infernal Blade","Perfected Strike"],"picked":"Disarm+1","floor":44},{"not_picked":["Flame Barrier+1","Headbutt+1"],"picked":"Burning Pact+1","floor":44},{"not_picked":["Wild Strike","Armaments+1","Havoc"],"picked":"SKIP","floor":47},{"not_picked":["Armaments+1","Body Slam","Searing Blow+1"],"picked":"SKIP","floor":47},{"not_picked":["Burning Pact+1","Armaments+1","Reaper"],"picked":"SKIP","floor":48},{"not_picked":["Flex","Armaments+1","Disarm"],"picked":"SKIP","floor":48}],"player_experience":647480,"potions_floor_usage":[22,23,33,50,50],"damage_taken":[{"damage":0,"enemies":"Small Slimes","floor":1,"turns":1},{"damage":0,"enemies":"Gremlin Nob","floor":6,"turns":1},{"damage":0,"enemies":"Jaw Worm","floor":11,"turns":1},{"damage":0,"enemies":"Cultist","floor":12,"turns":3},{"damage":9,"enemies":"Large Slime","floor":13,"turns":5},{"damage":0,"enemies":"2 Fungi Beasts","floor":14,"turns":1},{"damage":54,"enemies":"Slime Boss","floor":16,"turns":8},{"damage":24,"enemies":"Spheric Guardian","floor":18,"turns":4},{"damage":7,"enemies":"Chosen","floor":22,"turns":6},{"damage":19,"enemies":"Slavers","floor":23,"turns":2},{"damage":14,"enemies":"Centurion and Healer","floor":24,"turns":4},{"damage":27,"enemies":"Snake Plant","floor":28,"turns":4},{"damage":3,"enemies":"Slaver and Parasite","floor":29,"turns":2},{"damage":14,"enemies":"Centurion and Healer","floor":31,"turns":3},{"damage":24,"enemies":"Automaton","floor":33,"turns":5},{"damage":25,"enemies":"3 Shapes","floor":35,"turns":2},{"damage":4,"enemies":"Orb Walker","floor":37,"turns":2},{"damage":4,"enemies":"3 Darklings","floor":38,"turns":2},{"damage":14,"enemies":"Maw","floor":41,"turns":7},{"damage":0,"enemies":"Sphere and 2 Shapes","floor":44,"turns":1},{"damage":4,"enemies":"3 Darklings","floor":47,"turns":1},{"damage":7,"enemies":"4 Shapes","floor":48,"turns":1},{"damage":81,"enemies":"Time Eater","floor":50,"turns":10}],"relics_obtained":[{"floor":5,"key":"Letter Opener"},{"floor":6,"key":"Gremlin Horn"},{"floor":9,"key":"Omamori"},{"floor":23,"key":"Boot"},{"floor":23,"key":"Anchor"},{"floor":26,"key":"Prayer Wheel"},{"floor":43,"key":"Tiny Chest"}],"event_choices":[{"event_name":"Liars Game","player_choice":"agreed","floor":3,"damage_taken":0},{"event_name":"Golden Wing","player_choice":"Card Removal","floor":8,"damage_taken":0},{"event_name":"Back to Basics","player_choice":"Elegance","floor":20,"damage_taken":0},{"event_name":"Addict","player_choice":"Ignored","floor":21,"damage_taken":0},{"event_name":"Duplicator","player_choice":"One dupe","floor":45,"damage_taken":0}],"boss_relics":[{"not_picked":["Philosopher\u0027s Stone","Calling Bell"],"picked":"Black Star"},{"not_picked":["Tiny House","Mark of Pain"],"picked":"Sozu"}],"potions_floor_spawned":[11,13,16,18,22,31,35,41,44,48],"seed_played":"4180162684006142910","killed_by":"Time Eater","ascension_level":0,"potions_obtained":[{"floor":11,"key":"Swift Potion"},{"floor":13,"key":"Weak Potion"},{"floor":16,"key":"SpeedPotion"},{"floor":18,"key":"Regen Potion"},{"floor":22,"key":"Swift Potion"},{"floor":31,"key":"BloodPotion"}],"is_trial":false}