{"gold_per_floor":[362,373,385,460,187,187,207,207,232,251,251,271,23,40,40,135,135,155,30,47,63,63,96,96,109,109,109,120,134,154,154],"floor_reached":31,"playtime":1284,"items_purged":["Strike_R","Strike_R","Strike_R"],"score":253,"play_id":"1538d577-bf54-4a6d-b732-d6e3c0bea246","local_time":"20190228223821","is_ascension_mode":false,"campfire_choices":[{"data":"Bash","floor":6,"key":"SMITH"},{"data":"Heavy Blade","floor":11,"key":"SMITH"},{"data":"Flex","floor":15,"key":"SMITH"},{"data":"Blind","floor":24,"key":"SMITH"},{"floor":27,"key":"REST"}],"neow_cost":"PERCENT_DAMAGE","seed_source_timestamp":460009647678800,"circlet_count":0,"master_deck":["Strike_R","Strike_R","Defend_R","Defend_R+1","Defend_R","Defend_R+1","Bash+1","Inflame+1","Sword Boomerang","Heavy Blade+1","Flex+1","Whirlwind","Exhume","Pommel Strike","Metallicize","Heavy Blade","Metallicize+1","Sword Boomerang+1","Blind+1","Headbutt","Shrug It Off","Flame Barrier+1","Dual Wield+1"],"relics":["Burning Blood","Sling","War Paint","Vajra","Orrery","PreservedInsect","Shovel"],"potions_floor_usage":[7,14,16,23,25,28,30],"damage_taken":[{"damage":5,"enemies":"Jaw Worm","floor":1,"turns":5},{"damage":1,"enemies":"Cultist","floor":2,"turns":4},{"damage":1,"enemies":"2 Louse","floor":3,"turns":2},{"damage":12,"enemies":"Lots of Slimes","floor":7,"turns":4},{"damage":4,"enemies":"Blue Slaver","floor":10,"turns":3},{"damage":0,"enemies":"Exordium Wildlife","floor":12,"turns":3},{"damage":4,"enemies":"Gremlin Gang","floor":14,"turns":2},{"damage":5,"enemies":"Slime Boss","floor":16,"turns":7},{"damage":11,"enemies":"3 Byrds","floor":18,"turns":4},{"damage":19,"enemies":"2 Thieves","floor":20,"turns":4},{"damage":12,"enemies":"Centurion and Healer","floor":21,"turns":5},{"damage":32,"enemies":"Slavers","floor":23,"turns":4},{"damage":15,"enemies":"Snecko","floor":25,"turns":4},{"damage":17,"enemies":"3 Cultists","floor":28,"turns":5},{"damage":22,"enemies":"Snake Plant","floor":29,"turns":3},{"damage":17,"enemies":"Cultist and Chosen","floor":30,"turns":5}],"seed_played":"-6609972113740001800","potions_obtained":[{"floor":3,"key":"Block Potion"},{"floor":7,"key":"Block Potion"},{"floor":12,"key":"Explosive Potion"},{"floor":16,"key":"Fruit Juice"},{"floor":20,"key":"SpeedPotion"},{"floor":23,"key":"Swift Potion"},{"floor":25,"key":"SteroidPotion"},{"floor":29,"key":"AttackPotion"}],"is_trial":false,"path_per_floor":["M","M","M","?","$","R","M","?","T","M","R","M","$","M","R","B",null,"M","$","M","M","?","E","R","M","T","R","M","M","M","?"],"character_chosen":"IRONCLAD","items_purchased":["Sling","Vajra"],"campfire_rested":1,"item_purchase_floors":[5,13],"current_hp_per_floor":[57,62,67,56,56,56,50,50,50,52,52,58,58,60,60,66,85,80,80,67,61,61,35,35,26,26,51,40,24,13,0],"gold":154,"neow_bonus":"TWO_FIFTY_GOLD","is_prod":false,"is_daily":false,"chose_seed":false,"campfire_upgraded":4,"win_rate":0,"timestamp":1551364701,"path_taken":["M","M","M","?","$","R","M","?","T","M","R","M","$","M","R","BOSS","M","$","?","?","?","E","R","?","T","R","M","M","M","?"],"build_version":"2019-01-23","purchased_purges":3,"victory":false,"max_hp_per_floor":[80,80,80,80,80,80,80,80,80,80,80,80,80,80,80,85,85,85,85,85,85,85,85,85,85,85,85,85,85,85,85],"card_choices":[{"not_picked":["Body Slam","Evolve"],"picked":"Inflame","floor":1},{"not_picked":["Uppercut","Feel No Pain"],"picked":"Sword Boomerang","floor":2},{"not_picked":["Rampage","Warcry"],"picked":"Heavy Blade","floor":3},{"not_picked":["Sentinel","Anger","Perfected Strike"],"picked":"SKIP","floor":7},{"not_picked":["Carnage","Shockwave"],"picked":"Flex","floor":10},{"not_picked":["Warcry","Body Slam"],"picked":"Whirlwind","floor":12},{"not_picked":["Shockwave","Infernal Blade","Wild Strike"],"picked":"SKIP","floor":14},{"not_picked":["Fiend Fire","Barricade"],"picked":"Exhume","floor":16},{"not_picked":["Warcry","Thunderclap"],"picked":"Pommel Strike","floor":17},{"not_picked":["Anger","Barricade"],"picked":"Metallicize","floor":17},{"not_picked":["Pommel Strike","Rampage"],"picked":"Heavy Blade","floor":17},{"not_picked":["True Grit","Fire Breathing"],"picked":"Metallicize+1","floor":18},{"not_picked":["Wild Strike","Flex"],"picked":"Sword Boomerang+1","floor":20},{"not_picked":["Fire Breathing","Perfected Strike","Searing Blow"],"picked":"SKIP","floor":21},{"not_picked":["Shockwave","Heavy Blade"],"picked":"Headbutt","floor":23},{"not_picked":["Warcry","Second Wind","Havoc+1"],"picked":"SKIP","floor":25},{"not_picked":["Shockwave","Evolve+1"],"picked":"Shrug It Off","floor":28},{"not_picked":["Infernal Blade","True Grit+1"],"picked":"Flame Barrier+1","floor":29},{"not_picked":["Dark Embrace","Entrench"],"picked":"Dual Wield+1","floor":30}],"player_experience":718651,"relics_obtained":[{"floor":9,"key":"War Paint"},{"floor":23,"key":"PreservedInsect"},{"floor":26,"key":"Shovel"}],"event_choices":[{"damage_healed":0,"gold_gain":75,"player_choice":"Gather Gold","damage_taken":11,"max_hp_gain":0,"max_hp_loss":0,"event_name":"World of Goop","floor":4,"gold_loss":0},{"damage_healed":0,"gold_gain":0,"player_choice":"Forge","damage_taken":0,"max_hp_gain":0,"max_hp_loss":0,"event_name":"Accursed Blacksmith","floor":8,"gold_loss":0,"cards_upgraded":["Inflame"]},{"damage_healed":0,"gold_gain":0,"player_choice":"1 cards matched","damage_taken":0,"max_hp_gain":0,"max_hp_loss":0,"event_name":"Match and Keep!","floor":22,"gold_loss":0,"cards_obtained":["Blind"]}],"is_beta":false,"boss_relics":[{"not_picked":["Runic Pyramid","Fusion Hammer"],"picked":"Orrery"}],"items_purged_floors":[5,13,19],"is_endless":false,"potions_floor_spawned":[3,7,12,16,20,23,25,29],"ascension_level":0}