{"gold_per_floor":[111,111,127,52,68,68,82,82,109,109,141,151,170,205,205,310,310,329,110,25,25,25,25,38,38,87,107,124,142,142,241,241,345,345,359,459,459,472,472,484,397,410,410,435,435,455,455,472,472,472],"floor_reached":51,"playtime":1518,"items_purged":["Regret","Strike_R","Strike_R+1"],"score":764,"play_id":"0be0a0ed-1db5-46ee-9197-912b6f73eaa3","local_time":"20190421224402","is_ascension_mode":false,"campfire_choices":[{"data":"Inflame","floor":6.0,"key":"SMITH"},{"data":"Bash","floor":8.0,"key":"SMITH"},{"floor":15,"key":"REST"},{"data":"Flex","floor":23,"key":"SMITH"},{"data":"Spot Weakness","floor":32,"key":"SMITH"},{"floor":47,"key":"REST"},{"floor":49,"key":"REST"}],"neow_cost":"NONE","seed_source_timestamp":879823051719100,"circlet_count":0,"master_deck":["Strike_R+1","Strike_R+1","Defend_R+1","Defend_R+1","Defend_R+1","Bash+1","Inflame+1","Pommel Strike","Sword Boomerang","Battle Trance","Feed","Cleave","Headbutt","Pummel","Pummel","Flex+1","Flex","Rage+1","Feed","Panacea","Headbutt","Spot Weakness+1","Feed","Body Slam+1","Feed","Whirlwind"],"special_seed":0,"relics":["Burning Blood","Pen Nib","Red Skull","Smiling Mask","Gremlin Horn","Orrery","Regal Pillow","Bag of Marbles","Philosopher\u0027s Stone","Bird Faced Urn","Boot","Blue Candle","Happy Flower"],"potions_floor_usage":[33,33,33,50,50,50],"damage_taken":[{"damage":3.0,"enemies":"Small Slimes","floor":1.0,"turns":3.0},{"damage":9.0,"enemies":"2 Louse","floor":3.0,"turns":3.0},{"damage":6.0,"enemies":"Cultist","floor":5.0,"turns":3.0},{"damage":21.0,"enemies":"3 Louse","floor":7.0,"turns":3.0},{"damage":19.0,"enemies":"Lagavulin","floor":11.0,"turns":5.0},{"damage":4.0,"enemies":"Blue Slaver","floor":12.0,"turns":3.0},{"damage":6.0,"enemies":"Red Slaver","floor":13.0,"turns":4.0},{"damage":14.0,"enemies":"Gremlin Nob","floor":14.0,"turns":3.0},{"damage":35,"enemies":"The Guardian","floor":16,"turns":9},{"damage":10,"enemies":"3 Byrds","floor":18,"turns":3},{"damage":5,"enemies":"Spheric Guardian","floor":24,"turns":3},{"damage":12,"enemies":"Shelled Parasite and Fungi","floor":27,"turns":3},{"damage":0,"enemies":"Snecko","floor":28,"turns":3},{"damage":22,"enemies":"Snake Plant","floor":29,"turns":3},{"damage":58,"enemies":"Collector","floor":33,"turns":9},{"damage":0,"enemies":"3 Shapes","floor":35,"turns":2},{"damage":0,"enemies":"Mind Bloom Boss Battle","floor":36,"turns":3},{"damage":16,"enemies":"Orb Walker","floor":38,"turns":3},{"damage":20,"enemies":"Jaw Worm Horde","floor":40,"turns":3},{"damage":0,"enemies":"Transient","floor":42,"turns":5},{"damage":64,"enemies":"Nemesis","floor":44,"turns":5},{"damage":24,"enemies":"Writhing Mass","floor":46,"turns":3},{"damage":28,"enemies":"Jaw Worm Horde","floor":48,"turns":3},{"damage":68,"enemies":"Donu and Deca","floor":50,"turns":6}],"seed_played":"-8618988204136744500","potions_obtained":[{"floor":3.0,"key":"EssenceOfSteel"},{"floor":5.0,"key":"Block Potion"},{"floor":7.0,"key":"Weak Potion"},{"floor":12.0,"key":"SteroidPotion"},{"floor":16,"key":"SkillPotion"},{"floor":33,"key":"Regen Potion"},{"floor":35,"key":"FearPotion"},{"floor":40,"key":"Poison Potion"}],"is_trial":false,"path_per_floor":["M","?","M","$","M","R","M","R","T","?","E","M","M","E","R","B",null,"M","$","?","$","?","R","M","?","T","M","M","M","?","?","R","B",null,"M","?","?","M","?","M","$","M","T","E","?","M","R","M","R","B",null],"character_chosen":"IRONCLAD","items_purchased":["Feed","Panacea","Whirlwind"],"campfire_rested":3,"item_purchase_floors":[19,19,41],"current_hp_per_floor":[80,80,77,77,77,77,62,62,62,62,49,54,57,49,74,48,89,85,85,85,85,85,85,89,89,89,89,95,82,82,82,82,30,101,107,107,107,100,100,94,94,102,102,47,47,31,81,64,115,73],"gold":472,"neow_bonus":"TRANSFORM_CARD","is_prod":false,"is_daily":false,"chose_seed":false,"campfire_upgraded":4,"win_rate":0,"timestamp":1555879442,"path_taken":["M","?","M","$","M","R","M","R","T","?","E","M","M","E","R","BOSS","M","$","?","$","?","R","M","?","T","M","?","M","?","?","R","BOSS","M","?","?","M","?","?","$","M","T","E","?","?","R","M","R","BOSS"],"build_version":"2019-01-23","purchased_purges":3,"victory":true,"max_hp_per_floor":[80,80,80,80,80,80,80,80,80,80,80,83,86,86,86,89,89,89,89,89,89,89,89,92,92,92,98,98,101,101,101,101,101,101,107,107,107,110,110,116,116,116,116,119,119,119,119,122,122,125],"card_choices":[{"not_picked":["Heavy Blade","Havoc"],"picked":"Pommel Strike","floor":1.0},{"not_picked":["Inflame","Armaments","Twin Strike"],"picked":"SKIP","floor":3.0},{"not_picked":["Cleave","Hemokinesis"],"picked":"Sword Boomerang","floor":5.0},{"not_picked":["True Grit","Body Slam"],"picked":"Battle Trance","floor":7.0},{"not_picked":["Body Slam","Wild Strike"],"picked":"Feed","floor":11.0},{"not_picked":["Armaments","Ghostly Armor"],"picked":"Cleave","floor":12.0},{"not_picked":["Havoc","Clash"],"picked":"Headbutt","floor":13.0},{"not_picked":["Rupture","Iron Wave"],"picked":"Pummel","floor":14},{"not_picked":["Blood for Blood","Second Wind"],"picked":"Pummel","floor":17},{"not_picked":["Havoc","Iron Wave"],"picked":"Flex","floor":17},{"not_picked":["Thunderclap","Warcry"],"picked":"Flex","floor":17},{"not_picked":["Havoc","Body Slam"],"picked":"Rage+1","floor":18},{"not_picked":["Searing Blow","Rupture","Impervious"],"picked":"SKIP","floor":24},{"not_picked":["Feel No Pain","Perfected Strike+1"],"picked":"Headbutt","floor":27},{"not_picked":["Pommel Strike","True Grit","Hemokinesis"],"picked":"SKIP","floor":28},{"not_picked":["Seeing Red","Flame Barrier+1"],"picked":"Spot Weakness","floor":29},{"not_picked":["Brutality","Impervious"],"picked":"Feed","floor":33},{"not_picked":["Uppercut","Iron Wave"],"picked":"Headbutt+1","floor":35},{"not_picked":["Clash","Warcry"],"picked":"Body Slam+1","floor":36},{"not_picked":["Spot Weakness","Hemokinesis+1","Corruption"],"picked":"SKIP","floor":38},{"not_picked":["Rupture","Evolve"],"picked":"Feed","floor":40},{"not_picked":["Bloodletting","Twin Strike+1","Hemokinesis"],"picked":"SKIP","floor":42},{"not_picked":["Cleave+1","Searing Blow","Wild Strike"],"picked":"SKIP","floor":44},{"not_picked":["Anger+1","Cleave+1","Exhume"],"picked":"SKIP","floor":46},{"not_picked":["Ghostly Armor+1","Pommel Strike","Perfected Strike+1"],"picked":"SKIP","floor":48}],"player_experience":627174,"relics_obtained":[{"floor":9.0,"key":"Red Skull"},{"floor":11.0,"key":"Smiling Mask"},{"floor":14,"key":"Gremlin Horn"},{"floor":26,"key":"Bag of Marbles"},{"floor":36,"key":"Bird Faced Urn"},{"floor":43,"key":"Blue Candle"},{"floor":44,"key":"Happy Flower"}],"event_choices":[{"damage_healed":0.0,"max_hp_gain":0.0,"max_hp_loss":0.0,"gold_gain":0.0,"event_name":"Big Fish","player_choice":"Box","floor":2.0,"gold_loss":0.0,"damage_taken":0.0,"relics_obtained":["Pen Nib"],"cards_obtained":["Regret"]},{"cards_removed":["Strike_R"],"damage_healed":0.0,"max_hp_gain":0.0,"max_hp_loss":0.0,"gold_gain":0.0,"event_name":"Bonfire Elementals","player_choice":"Offered Basic","floor":10.0,"gold_loss":0.0,"damage_taken":0.0},{"damage_healed":0,"gold_gain":0,"player_choice":"Obtained Relic","damage_taken":0,"relics_obtained":["Regal Pillow"],"max_hp_gain":0,"max_hp_loss":0,"event_name":"Addict","floor":20,"gold_loss":85},{"damage_healed":0,"gold_gain":0,"player_choice":"Ignored","damage_taken":0,"max_hp_gain":0,"max_hp_loss":0,"event_name":"Ghosts","floor":22,"gold_loss":0},{"damage_healed":0,"gold_gain":0,"player_choice":"0 cards matched","damage_taken":0,"max_hp_gain":0,"max_hp_loss":0,"event_name":"Match and Keep!","floor":25,"gold_loss":0,"cards_obtained":[]},{"damage_healed":0,"gold_gain":0,"player_choice":"Simplicity","damage_taken":0,"max_hp_gain":0,"max_hp_loss":0,"event_name":"Back to Basics","floor":30,"gold_loss":0,"cards_upgraded":["Strike_R","Strike_R","Strike_R","Defend_R","Defend_R","Defend_R"]},{"damage_healed":0,"gold_gain":99,"player_choice":"Stole From Cult","damage_taken":0,"max_hp_gain":0,"max_hp_loss":0,"event_name":"Nest","floor":31,"gold_loss":0},{"damage_healed":0,"gold_gain":0,"player_choice":"Fight","damage_taken":0,"max_hp_gain":0,"max_hp_loss":0,"event_name":"MindBloom","floor":36,"gold_loss":0},{"damage_healed":0,"gold_gain":0,"player_choice":"Ignored","damage_taken":0,"max_hp_gain":0,"max_hp_loss":0,"event_name":"Tomb of Lord Red Mask","floor":37,"gold_loss":0},{"cards_removed":["Headbutt"],"damage_healed":0,"gold_gain":0,"player_choice":"Gave Card","damage_taken":0,"relics_obtained":["Boot"],"max_hp_gain":0,"max_hp_loss":0,"event_name":"WeMeetAgain","floor":39,"gold_loss":0},{"damage_healed":0,"gold_gain":0,"player_choice":"Ignored","damage_taken":0,"max_hp_gain":0,"max_hp_loss":0,"event_name":"Transmorgrifier","floor":45,"gold_loss":0}],"is_beta":false,"boss_relics":[{"not_picked":["Busted Crown","Astrolabe"],"picked":"Orrery"},{"not_picked":["Runic Cube","Cursed Key"],"picked":"Philosopher\u0027s Stone"}],"items_purged_floors":[4,19,41],"is_endless":false,"potions_floor_spawned":[3,5,7,12,16,24,27,29,33,35,40],"ascension_level":0}