{"gold_per_floor":[109,109,123,136,136,136,170,170,194,206,222,235,254,274,274,378,428,438,450,450,46,46,46,46,59,59,59,93,93,104,114,114,114],"floor_reached":33,"playtime":2909,"items_purged":["Clothesline"],"score":350,"play_id":"664d4ab3-8447-4062-b909-c4b55b19d6c5","local_time":"20190318131219","is_ascension_mode":true,"campfire_choices":[{"data":"Uppercut","floor":6.0,"key":"SMITH"},{"data":"Armaments","floor":8.0,"key":"SMITH"},{"floor":15.0,"key":"REST"},{"data":"Exhume","floor":23,"key":"SMITH"},{"data":"Disarm","floor":27,"key":"SMITH"},{"floor":29,"key":"REST"},{"floor":32,"key":"REST"}],"neow_cost":"NONE","seed_source_timestamp":491016173430589,"circlet_count":0,"master_deck":["Defend_R","Defend_R","Defend_R","Defend_R","Bash","Inflame","Uppercut+1","Armaments+1","Battle Trance","Inflame","Twin Strike","Cleave","Exhume+1","Bite","Bite","Bite","Bite","Bite","Disarm+1","Heavy Blade","Battle Trance","Iron Wave"],"special_seed":0,"relics":["Burning Blood","Smiling Mask","Bottled Lightning","Happy Flower","Tiny House","Nilry\u0027s Codex","Toy Ornithopter","Dodecahedron","Girya"],"potions_floor_usage":[28,28,33,33,33],"damage_taken":[{"damage":1.0,"enemies":"Cultist","floor":1.0,"turns":3.0},{"damage":9.0,"enemies":"Small Slimes","floor":3.0,"turns":5.0},{"damage":8.0,"enemies":"2 Louse","floor":4.0,"turns":3.0},{"damage":18.0,"enemies":"Gremlin Nob","floor":7.0,"turns":4.0},{"damage":9.0,"enemies":"Exordium Wildlife","floor":10.0,"turns":4.0},{"damage":1.0,"enemies":"3 Louse","floor":11.0,"turns":4.0},{"damage":5.0,"enemies":"Gremlin Gang","floor":12.0,"turns":5.0},{"damage":19.0,"enemies":"Lots of Slimes","floor":13.0,"turns":5.0},{"damage":5.0,"enemies":"Exordium Thugs","floor":14.0,"turns":3.0},{"damage":41.0,"enemies":"The Guardian","floor":16.0,"turns":8.0},{"damage":0.0,"enemies":"Chosen","floor":18.0,"turns":5.0},{"damage":32.0,"enemies":"Shell Parasite","floor":19.0,"turns":5.0},{"damage":27,"enemies":"Centurion and Healer","floor":25,"turns":6},{"damage":47,"enemies":"Book of Stabbing","floor":28,"turns":6},{"damage":43,"enemies":"3 Cultists","floor":30,"turns":6},{"damage":26,"enemies":"Snecko","floor":31,"turns":9},{"damage":74,"enemies":"Automaton","floor":33,"turns":6}],"seed_played":"-2682335394219414965","potions_obtained":[{"floor":4.0,"key":"Ancient Potion"},{"floor":11.0,"key":"Block Potion"},{"floor":12.0,"key":"Swift Potion"},{"floor":13.0,"key":"SteroidPotion"},{"floor":16.0,"key":"PowerPotion"},{"floor":17.0,"key":"SneckoOil"},{"floor":25,"key":"FearPotion"},{"floor":30,"key":"Strength Potion"},{"floor":31,"key":"Poison Potion"}],"is_trial":false,"path_per_floor":["M","?","M","M","?","R","E","R","T","M","M","M","M","M","R","B",null,"M","M","?","$","?","R","$","M","T","R","E","R","M","M","R","B"],"character_chosen":"IRONCLAD","items_purchased":["Exhume","Toy Ornithopter"],"campfire_rested":3,"item_purchase_floors":[21,21],"current_hp_per_floor":[80,80,77,75,80,80,68,68,68,65,70,71,58,59,84,49,90,90,64,48,48,48,48,48,40,40,40,24,42,16,14,32,0],"gold":114,"neow_bonus":"REMOVE_CARD","is_prod":false,"is_daily":false,"chose_seed":false,"campfire_upgraded":4,"win_rate":0,"timestamp":1552932739,"path_taken":["M","?","M","?","?","R","E","R","T","M","M","M","M","M","R","BOSS","M","M","?","$","?","R","?","M","T","R","E","R","M","M","R","BOSS"],"build_version":"2019-01-23","purchased_purges":1,"victory":false,"max_hp_per_floor":[80,80,80,80,85,85,85,85,85,85,85,85,85,85,85,85,90,90,90,90,90,63,63,63,63,63,63,63,63,63,63,63,63],"card_choices":[{"not_picked":["Flex","Headbutt"],"picked":"Clothesline","floor":1.0},{"not_picked":["Armaments","Havoc"],"picked":"Inflame","floor":3.0},{"not_picked":["Second Wind","Seeing Red"],"picked":"Uppercut","floor":4.0},{"not_picked":["Flex","Warcry"],"picked":"Armaments","floor":7.0},{"not_picked":["Warcry","Sword Boomerang"],"picked":"Battle Trance","floor":10.0},{"not_picked":["Pommel Strike","Twin Strike"],"picked":"Inflame","floor":11.0},{"not_picked":["Impervious","Warcry","True Grit"],"picked":"SKIP","floor":12.0},{"not_picked":["Wild Strike","Seeing Red"],"picked":"Clothesline","floor":13.0},{"not_picked":["Infernal Blade","Thunderclap","Body Slam"],"picked":"SKIP","floor":14.0},{"not_picked":["Thunderclap","Iron Wave"],"picked":"Twin Strike","floor":17.0},{"not_picked":["Armaments","Second Wind+1"],"picked":"Cleave","floor":18.0},{"not_picked":["Warcry","Rage","Clash"],"picked":"SKIP","floor":19.0},{"not_picked":["Cleave","Fire Breathing+1"],"picked":"Disarm","floor":25},{"not_picked":["Clothesline","Feel No Pain+1"],"picked":"Heavy Blade","floor":28},{"not_picked":["Iron Wave","Sword Boomerang"],"picked":"Battle Trance","floor":30},{"not_picked":["Flex","Fire Breathing"],"picked":"Iron Wave","floor":31}],"player_experience":291621,"relics_obtained":[{"floor":7.0,"key":"Bottled Lightning"},{"floor":9.0,"key":"Happy Flower"},{"floor":20.0,"key":"Nilry\u0027s Codex"},{"floor":26,"key":"Dodecahedron"},{"floor":28,"key":"Girya"}],"event_choices":[{"cards_removed":["Clothesline"],"damage_healed":0.0,"max_hp_gain":0.0,"max_hp_loss":0.0,"gold_gain":0.0,"event_name":"WeMeetAgain","player_choice":"Gave Card","floor":2.0,"gold_loss":0.0,"damage_taken":0.0,"relics_obtained":["Smiling Mask"]},{"damage_healed":0.0,"max_hp_gain":5.0,"max_hp_loss":0.0,"gold_gain":0.0,"event_name":"Big Fish","player_choice":"Donut","floor":5.0,"gold_loss":0.0,"damage_taken":0.0},{"damage_healed":0.0,"max_hp_gain":0.0,"max_hp_loss":0.0,"gold_gain":0.0,"event_name":"Cursed Tome","player_choice":"Obtained Book","floor":20.0,"gold_loss":0.0,"damage_taken":16.0},{"damage_healed":0,"gold_gain":0,"player_choice":"Became a vampire","damage_taken":0,"max_hp_gain":0,"max_hp_loss":27,"event_name":"Vampires","floor":22,"gold_loss":0,"cards_obtained":["Bite","Bite","Bite","Bite","Bite"]}],"is_beta":false,"boss_relics":[{"not_picked":["Cursed Key","Coffee Dripper"],"picked":"Tiny House"}],"items_purged_floors":[21],"is_endless":false,"potions_floor_spawned":[4,11,12,13,14,16,25,30,31],"killed_by":"Automaton","ascension_level":4}