{"gold_per_floor":[110,127,127,40,53,53,71,71,117,152,167,167,179,199,199,300,300,287,297,331,343,362,362,385,397,397,497,516,516,529,543,543,543],"floor_reached":33,"playtime":2232,"items_purged":[],"score":268,"play_id":"c8c530cc-0569-4490-9342-7aac93ea1bc8","local_time":"20190323103245","is_ascension_mode":true,"campfire_choices":[{"data":"Tools of the Trade","floor":6,"key":"SMITH"},{"data":"Neutralize","floor":8,"key":"SMITH"},{"data":"Deadly Poison","floor":12,"key":"SMITH"},{"data":"Bane","floor":15,"key":"SMITH"},{"data":"Catalyst","floor":23,"key":"SMITH"},{"data":"Adrenaline","floor":29,"key":"SMITH"},{"floor":32,"key":"REST"}],"neow_cost":"NONE","seed_source_timestamp":211151550836668,"circlet_count":0,"master_deck":["Defend_G","Defend_G","Defend_G","Defend_G","Defend_G","Strike_G","Strike_G","Strike_G","Strike_G","Survivor","Neutralize+1","Deadly Poison+1","Expertise","Tools of the Trade+1","PanicButton","Backstab","Bane+1","All Out Attack","Deadly Poison","Prepared","Adrenaline+1","Catalyst+1","PiercingWail","Backflip","Calculated Gamble","Quick Slash+1","Flying Knee","Dodge and Roll","Heel Hook+1"],"relics":["Ring of the Snake","Centennial Puzzle","Snake Skull","Orrery","Red Mask","Bag of Marbles"],"potions_floor_usage":[14,16,16,20,33],"damage_taken":[{"damage":0,"enemies":"Small Slimes","floor":1,"turns":3},{"damage":0,"enemies":"Jaw Worm","floor":2,"turns":3},{"damage":4,"enemies":"Cultist","floor":5,"turns":4},{"damage":6,"enemies":"Exordium Wildlife","floor":7,"turns":6},{"damage":11,"enemies":"Gremlin Nob","floor":10,"turns":4},{"damage":0,"enemies":"Lots of Slimes","floor":11,"turns":1},{"damage":2,"enemies":"Looter","floor":13,"turns":3},{"damage":2,"enemies":"Large Slime","floor":14,"turns":4},{"damage":26,"enemies":"Slime Boss","floor":16,"turns":14},{"damage":15,"enemies":"2 Thieves","floor":18,"turns":4},{"damage":0,"enemies":"Chosen","floor":19,"turns":3},{"damage":5,"enemies":"Masked Bandits","floor":20,"turns":4},{"damage":7,"enemies":"Sentry and Sphere","floor":21,"turns":5},{"damage":16,"enemies":"Shelled Parasite and Fungi","floor":22,"turns":5},{"damage":1,"enemies":"Snecko","floor":25,"turns":3},{"damage":10,"enemies":"Snake Plant","floor":28,"turns":2},{"damage":9,"enemies":"Centurion and Healer","floor":30,"turns":5},{"damage":0,"enemies":"Cultist and Chosen","floor":31,"turns":3},{"damage":28,"enemies":"Automaton","floor":33,"turns":6}],"seed_played":"-4322046153037699028","potions_obtained":[{"floor":0,"key":"Block Potion"},{"floor":0,"key":"Fire Potion"},{"floor":0,"key":"SneckoOil"},{"floor":1,"key":"Explosive Potion"},{"floor":7,"key":"PowerPotion"},{"floor":14,"key":"GhostInAJar"},{"floor":18,"key":"SpeedPotion"},{"floor":22,"key":"Ancient Potion"},{"floor":31,"key":"Strength Potion"}],"is_trial":false,"path_per_floor":["M","M","?","$","M","R","M","R","T","E","M","R","M","M","R","B",null,"M","M","?","M","M","R","T","M","T","?","M","R","M","M","R","B"],"character_chosen":"THE_SILENT","items_purchased":["PanicButton"],"campfire_rested":1,"item_purchase_floors":[4],"current_hp_per_floor":[70,70,70,70,66,66,60,60,60,49,49,49,47,45,45,19,70,55,55,50,43,27,27,27,26,26,26,16,16,7,7,28,0],"gold":543,"neow_bonus":"THREE_SMALL_POTIONS","is_prod":false,"is_daily":false,"chose_seed":false,"campfire_upgraded":6,"win_rate":0,"timestamp":1553308365,"path_taken":["M","M","?","$","M","R","M","R","T","E","M","R","M","M","R","BOSS","M","M","?","M","M","R","?","M","T","?","?","R","M","M","R","BOSS"],"build_version":"2019-01-23","purchased_purges":0,"victory":false,"max_hp_per_floor":[70,70,70,70,70,70,70,70,70,70,70,70,70,70,70,70,70,70,70,70,70,70,70,70,70,70,70,70,70,70,70,70,70],"card_choices":[{"not_picked":["Bouncing Flask","Sucker Punch"],"picked":"Deadly Poison","floor":1},{"not_picked":["Finisher","Dodge and Roll"],"picked":"Expertise","floor":2},{"not_picked":["Finisher","Deflect"],"picked":"Backstab","floor":5},{"not_picked":["Quick Slash","Finisher"],"picked":"Bane","floor":7},{"not_picked":["Quick Slash","Leg Sweep"],"picked":"All Out Attack","floor":10},{"not_picked":["Riddle With Holes","Tactician","Setup"],"picked":"SKIP","floor":11},{"not_picked":["Expertise","Poisoned Stab"],"picked":"Deadly Poison","floor":13},{"not_picked":["Accuracy","Slice"],"picked":"Prepared","floor":14},{"not_picked":["Malaise","Glass Knife"],"picked":"Adrenaline","floor":16},{"not_picked":["Predator","Cloak And Dagger"],"picked":"Catalyst","floor":17},{"not_picked":["Outmaneuver","Skewer"],"picked":"PiercingWail","floor":17},{"not_picked":["Finisher","Riddle With Holes"],"picked":"Backflip","floor":17},{"not_picked":["Underhanded Strike","Bane"],"picked":"Calculated Gamble","floor":17},{"not_picked":["Prepared","Backstab"],"picked":"Quick Slash+1","floor":18},{"not_picked":["Envenom","Accuracy","Dagger Throw+1"],"picked":"SKIP","floor":19},{"not_picked":["Underhanded Strike","PiercingWail"],"picked":"Flying Knee","floor":21},{"not_picked":["Cloak And Dagger+1","Prepared","Acrobatics"],"picked":"SKIP","floor":22},{"not_picked":["Outmaneuver","Slice","Dagger Throw"],"picked":"SKIP","floor":25},{"not_picked":["Quick Slash","Outmaneuver"],"picked":"Dodge and Roll","floor":28},{"not_picked":["Storm of Steel","Dodge and Roll","Quick Slash"],"picked":"SKIP","floor":30},{"not_picked":["Dagger Throw","Cloak And Dagger+1"],"picked":"Heel Hook+1","floor":31}],"player_experience":900865,"relics_obtained":[{"floor":9,"key":"Centennial Puzzle"},{"floor":10,"key":"Snake Skull"},{"floor":20,"key":"Red Mask"},{"floor":24,"key":"Bag of Marbles"}],"event_choices":[{"damage_healed":0,"gold_gain":0,"cards_transformed":["Strike_G"],"player_choice":"Change","damage_taken":0,"max_hp_gain":0,"max_hp_loss":0,"event_name":"Living Wall","floor":3,"gold_loss":0,"cards_obtained":["Tools of the Trade"]},{"damage_healed":0,"gold_gain":0,"player_choice":"Fought Bandits","damage_taken":0,"max_hp_gain":0,"max_hp_loss":0,"event_name":"Masked Bandits","floor":20,"gold_loss":0},{"damage_healed":0,"gold_gain":100,"player_choice":"Pray","damage_taken":0,"max_hp_gain":0,"max_hp_loss":0,"event_name":"Golden Shrine","floor":27,"gold_loss":0}],"is_beta":false,"boss_relics":[{"not_picked":["Calling Bell","Ectoplasm"],"picked":"Orrery"}],"items_purged_floors":[],"is_endless":false,"potions_floor_spawned":[1,5,7,14,18,22,31],"killed_by":"Automaton","ascension_level":1}