{"gold_per_floor":[115,132,132,9,21,21,35,35,58,93,93,93,122,134,134,239,239,257,257,257,273,273,273,604,604,659,659,659,674,12,24,24,24],"floor_reached":33,"playtime":2500,"items_purged":["Strike_G","Defend_G"],"score":455,"play_id":"c672c179-186a-48c2-865a-a861c371866e","local_time":"20190422131540","is_ascension_mode":true,"campfire_choices":[{"data":"Predator","floor":6.0,"key":"SMITH"},{"data":"Blur","floor":8.0,"key":"SMITH"},{"data":"Die Die Die","floor":12.0,"key":"SMITH"},{"data":"Reflex","floor":15.0,"key":"SMITH"},{"floor":23,"key":"REST"},{"floor":25,"key":"REST"},{"floor":32,"key":"REST"}],"neow_cost":"NONE","seed_source_timestamp":10217690132207,"circlet_count":0,"master_deck":["Defend_G","Defend_G+1","Defend_G","Defend_G+1","Strike_G","Strike_G","Survivor","Neutralize","Blur+1","Predator+1","Prepared","Terror","Die Die Die+1","Reflex+1","Footwork","Corpse Explosion","Leg Sweep","Tools of the Trade","Footwork","Dagger Throw","PiercingWail","Catalyst+1","Backstab+1","Acrobatics","Wraith Form v2","Escape Plan+1","Backflip"],"special_seed":0,"relics":["Ring of the Snake","War Paint","Juzu Bracelet","Omamori","Orichalcum","Old Coin","Tiny Chest","Nloth\u0027s Gift","Kunai","Mummified Hand"],"potions_floor_usage":[20,24,33,33,33],"damage_taken":[{"damage":0.0,"enemies":"Jaw Worm","floor":1.0,"turns":6.0},{"damage":1.0,"enemies":"Cultist","floor":2.0,"turns":5.0},{"damage":0.0,"enemies":"Small Slimes","floor":5.0,"turns":4.0},{"damage":0.0,"enemies":"2 Fungi Beasts","floor":7.0,"turns":4.0},{"damage":7.0,"enemies":"3 Sentries","floor":10.0,"turns":12.0},{"damage":4.0,"enemies":"Gremlin Nob","floor":13.0,"turns":3.0},{"damage":0.0,"enemies":"Lots of Slimes","floor":14.0,"turns":1.0},{"damage":7.0,"enemies":"Hexaghost","floor":16.0,"turns":13.0},{"damage":22.0,"enemies":"Chosen","floor":18.0,"turns":8.0},{"damage":0,"enemies":"2 Thieves","floor":20,"turns":1},{"damage":22,"enemies":"Cultist and Chosen","floor":21,"turns":9},{"damage":0,"enemies":"Slavers","floor":24,"turns":2},{"damage":10,"enemies":"Centurion and Healer","floor":29,"turns":6},{"damage":0,"enemies":"Snecko","floor":31,"turns":5},{"damage":61,"enemies":"Champ","floor":33,"turns":24}],"seed_played":"-1522761808709307511","potions_obtained":[{"floor":2.0,"key":"SteroidPotion"},{"floor":3.0,"key":"SmokeBomb"},{"floor":3.0,"key":"PowerPotion"},{"floor":14.0,"key":"Dexterity Potion"},{"floor":21,"key":"GhostInAJar"},{"floor":31,"key":"FearPotion"}],"is_trial":false,"path_per_floor":["M","M","?","$","M","R","M","R","T","E","?","R","E","M","R","B",null,"M","?","M","M","?","R","E","R","T","?","?","M","$","M","R","B"],"character_chosen":"THE_SILENT","items_purchased":["Fire Potion","Kunai","Mummified Hand","Backflip"],"campfire_rested":3,"item_purchase_floors":[4,30,30,30],"current_hp_per_floor":[63,62,62,62,62,62,62,62,62,55,48,48,44,44,44,37,62,40,27,27,5,5,27,27,49,49,49,49,39,39,39,61,0],"gold":24,"neow_bonus":"RANDOM_COMMON_RELIC","is_prod":false,"is_daily":false,"chose_seed":false,"campfire_upgraded":4,"win_rate":0,"timestamp":1555906540,"path_taken":["M","M","?","$","M","R","M","R","T","E","?","R","E","M","R","BOSS","M","?","M","M","?","R","E","R","T","?","?","M","$","M","R","BOSS"],"build_version":"2019-01-23","purchased_purges":2,"victory":false,"max_hp_per_floor":[70,70,70,70,70,70,70,70,70,70,70,70,70,70,70,70,70,70,75,75,75,75,75,75,75,75,75,75,75,75,75,75,75],"card_choices":[{"not_picked":["Poisoned Stab","Dagger Throw"],"picked":"Blur","floor":1.0},{"not_picked":["Setup","Accuracy"],"picked":"Predator","floor":2.0},{"not_picked":["Infinite Blades","Deflect"],"picked":"Prepared","floor":5.0},{"not_picked":["Endless Agony","Dagger Spray"],"picked":"Terror","floor":7.0},{"not_picked":["Crippling Poison","All Out Attack"],"picked":"Die Die Die","floor":10.0},{"not_picked":["Sucker Punch","Slice"],"picked":"Reflex","floor":13.0},{"not_picked":["Dagger Throw","Outmaneuver"],"picked":"Footwork","floor":14.0},{"not_picked":["Bullet Time","After Image"],"picked":"Corpse Explosion","floor":16.0},{"not_picked":["Prepared","Cloak And Dagger"],"picked":"Leg Sweep","floor":17.0},{"not_picked":["Blade Dance","All Out Attack"],"picked":"Tools of the Trade","floor":17.0},{"not_picked":["Blur","Dash"],"picked":"Footwork","floor":17.0},{"not_picked":["Flying Knee","Deflect"],"picked":"Dagger Throw","floor":17.0},{"not_picked":["Setup","Endless Agony"],"picked":"PiercingWail","floor":17.0},{"not_picked":["Prepared","Bane"],"picked":"Catalyst+1","floor":18.0},{"not_picked":["Distraction","Bane"],"picked":"Backstab+1","floor":21},{"not_picked":["Poisoned Stab","Dagger Spray"],"picked":"Acrobatics","floor":24},{"not_picked":["PiercingWail+1","Predator"],"picked":"Escape Plan+1","floor":29},{"not_picked":["Underhanded Strike","Poisoned Stab","Outmaneuver"],"picked":"SKIP","floor":31}],"player_experience":661809,"relics_obtained":[{"floor":9.0,"key":"Juzu Bracelet"},{"floor":10.0,"key":"Omamori"},{"floor":13.0,"key":"Orichalcum"},{"floor":24,"key":"Old Coin"},{"floor":26,"key":"Tiny Chest"}],"event_choices":[{"damage_healed":0.0,"max_hp_gain":0.0,"max_hp_loss":0.0,"gold_gain":0.0,"event_name":"Lab","player_choice":"Got Potions","floor":3.0,"gold_loss":0.0,"damage_taken":0.0},{"cards_removed":["Strike_G"],"damage_healed":0.0,"max_hp_gain":0.0,"max_hp_loss":0.0,"gold_gain":0.0,"event_name":"Golden Wing","player_choice":"Card Removal","floor":11.0,"gold_loss":0.0,"damage_taken":7.0},{"damage_healed":0.0,"max_hp_gain":5.0,"max_hp_loss":0.0,"gold_gain":0.0,"event_name":"Forgotten Altar","player_choice":"Shed Blood","floor":19.0,"gold_loss":0.0,"damage_taken":18.0},{"damage_healed":0,"gold_gain":0,"player_choice":"Ignored","damage_taken":0,"max_hp_gain":0,"max_hp_loss":0,"event_name":"Cursed Tome","floor":22,"gold_loss":0},{"damage_healed":0,"gold_gain":0,"cards_transformed":["Strike_G"],"player_choice":"Transformed","damage_taken":0,"max_hp_gain":0,"max_hp_loss":0,"event_name":"Transmorgrifier","floor":27,"gold_loss":0,"cards_obtained":["Wraith Form v2"]},{"damage_healed":0,"gold_gain":0,"player_choice":"Traded Relic","damage_taken":0,"relics_obtained":["Nloth\u0027s Gift"],"max_hp_gain":0,"max_hp_loss":0,"event_name":"N\u0027loth","floor":28,"relics_lost":["Orrery"],"gold_loss":0}],"is_beta":false,"boss_relics":[{"not_picked":["White Beast Statue","Velvet Choker"],"picked":"Orrery"}],"items_purged_floors":[4,30],"is_endless":false,"potions_floor_spawned":[2,7,14,21,31],"killed_by":"Champ","ascension_level":8}