{"gold_per_floor":[210,38,88,88,102,102,277,295,295,295,21,21,37,56,56,160,160,174,174,187,146,159,159,179,179,179,179],"floor_reached":27,"playtime":1185,"items_purged":["Strike_B","Doubt"],"score":203,"play_id":"41d05c76-c821-4b76-8172-93103a71da61","local_time":"20190417224202","is_ascension_mode":false,"campfire_choices":[{"data":"Dualcast","floor":6,"key":"SMITH"},{"data":"Hologram","floor":10,"key":"SMITH"},{"data":"Capacitor","floor":15,"key":"SMITH"},{"data":"Recycle","floor":23,"key":"SMITH"},{"data":"Loop","floor":25,"key":"SMITH"}],"neow_cost":"NONE","seed_source_timestamp":395429364738399,"circlet_count":0,"master_deck":["Strike_B+1","Defend_B","Defend_B","Defend_B","Defend_B","Zap+1","Dualcast+1","Beam Cell","Conserve Battery","Melter","Ball Lightning","Hologram+1","Mayhem+1","Capacitor+1","Redo","Reboot","Leap+1","Core Surge","Reprogram","Conserve Battery","Loop+1","Recycle+1","Thunder Strike"],"relics":["Cracked Core"],"potions_floor_usage":[16,20,22,27],"damage_taken":[{"damage":5,"enemies":"Jaw Worm","floor":1,"turns":4},{"damage":0,"enemies":"Small Slimes","floor":5,"turns":3},{"damage":0,"enemies":"2 Louse","floor":8,"turns":2},{"damage":2,"enemies":"Blue Slaver","floor":13,"turns":3},{"damage":0,"enemies":"Looter","floor":14,"turns":3},{"damage":12,"enemies":"The Guardian","floor":16,"turns":8},{"damage":30,"enemies":"2 Thieves","floor":18,"turns":4},{"damage":0,"enemies":"Chosen","floor":20,"turns":4},{"damage":11,"enemies":"Snecko","floor":22,"turns":5},{"damage":30,"enemies":"Centurion and Healer","floor":24,"turns":10},{"damage":13,"enemies":"Shelled Parasite and Fungi","floor":27,"turns":4}],"seed_played":"2482845756456216679","potions_obtained":[{"floor":5,"key":"Regen Potion"},{"floor":8,"key":"PowerPotion"},{"floor":13,"key":"LiquidBronze"},{"floor":24,"key":"FocusPotion"}],"is_trial":false,"path_per_floor":["M","$","?","?","M","R","?","M","T","R","$","?","M","M","R","B",null,"M","?","M","$","M","R","M","R","T","M"],"character_chosen":"DEFECT","items_purchased":["Conserve Battery","Melter","Mayhem","Loop"],"campfire_rested":0,"item_purchase_floors":[2,2,11,21],"current_hp_per_floor":[70,70,70,70,70,70,70,70,70,70,70,55,53,53,53,41,75,45,45,54,54,43,43,13,13,13,0],"gold":179,"neow_bonus":"HUNDRED_GOLD","is_prod":false,"is_daily":false,"chose_seed":false,"campfire_upgraded":5,"win_rate":0,"timestamp":1555512122,"path_taken":["M","$","?","?","M","R","?","M","T","R","$","?","M","M","R","BOSS","M","?","M","$","M","R","M","R","T","M"],"build_version":"2019-01-23","purchased_purges":2,"victory":false,"max_hp_per_floor":[75,75,75,75,75,75,75,75,75,75,75,75,75,75,75,75,75,75,75,75,75,75,75,75,75,75,75],"card_choices":[{"not_picked":["Coolheaded","Redo"],"picked":"Beam Cell","floor":1},{"not_picked":["Storm","Stack"],"picked":"Ball Lightning","floor":5},{"not_picked":["Scrape","Undo"],"picked":"Hologram","floor":8},{"not_picked":["Conserve Battery","Stack"],"picked":"Capacitor","floor":13},{"not_picked":["White Noise","Electrodynamics"],"picked":"Redo","floor":14},{"not_picked":["Meteor Strike","All For One"],"picked":"Reboot","floor":16},{"not_picked":["Go for the Eyes","Static Discharge"],"picked":"Leap+1","floor":18},{"not_picked":["Stack","Leap"],"picked":"Conserve Battery","floor":20},{"not_picked":["Ball Lightning","Coolheaded+1"],"picked":"Recycle","floor":22},{"not_picked":["Compile Driver+1","FTL+1"],"picked":"Thunder Strike","floor":24}],"player_experience":986192,"relics_obtained":[],"event_choices":[{"damage_healed":0,"gold_gain":50,"player_choice":"Gained Gold","damage_taken":0,"max_hp_gain":0,"max_hp_loss":0,"event_name":"Golden Wing","floor":3,"gold_loss":0},{"damage_healed":0,"gold_gain":0,"player_choice":"Grow","damage_taken":0,"max_hp_gain":0,"max_hp_loss":0,"event_name":"Living Wall","floor":4,"gold_loss":0,"cards_upgraded":["Zap"]},{"damage_healed":0,"gold_gain":175,"player_choice":"AGREE","damage_taken":0,"max_hp_gain":0,"max_hp_loss":0,"event_name":"Liars Game","floor":7,"gold_loss":0,"cards_obtained":["Doubt"]},{"damage_healed":0,"gold_gain":0,"player_choice":"Entered Light","damage_taken":15,"max_hp_gain":0,"max_hp_loss":0,"event_name":"Shining Light","floor":12,"gold_loss":0,"cards_upgraded":["Strike_B","Mayhem"]},{"damage_healed":0,"gold_gain":0,"cards_transformed":["Strike_B","Strike_B"],"player_choice":"Became Test Subject","damage_taken":0,"max_hp_gain":0,"max_hp_loss":0,"event_name":"Drug Dealer","floor":19,"gold_loss":0,"cards_obtained":["Core Surge","Reprogram"]}],"is_beta":false,"boss_relics":[{"not_picked":["Busted Crown","Coffee Dripper","Astrolabe"]}],"items_purged_floors":[2,11],"is_endless":false,"potions_floor_spawned":[5,8,13,24],"killed_by":"Shelled Parasite and Fungi","ascension_level":0}