{"gold_per_floor":[116,17,17,33,47,47,77,77,101,117,150,150,166,185,185,289,289,305,220,220,236,264,264],"floor_reached":23,"playtime":1014,"items_purged":["Strike_R"],"score":201,"play_id":"0751017c-d749-4911-b836-8e39ad087d4d","local_time":"20190407143141","is_ascension_mode":false,"campfire_choices":[{"data":"Shrug It Off","floor":6,"key":"SMITH"},{"data":"Demon Form","floor":8,"key":"SMITH"},{"data":"Pommel Strike","floor":12,"key":"SMITH"},{"data":"Armaments","floor":15,"key":"SMITH"}],"neow_cost":"NONE","seed_source_timestamp":81538117245903,"circlet_count":0,"master_deck":["Strike_R","Strike_R","Strike_R","Strike_R","Defend_R","Defend_R","Defend_R","Defend_R","Bash+1","Purity","Sword Boomerang","Pommel Strike+1","Shrug It Off+1","Pummel","Demon Form+1","Headbutt","Clothesline","Armaments+1","Limit Break","Shrug It Off","Carnage+1","Cleave"],"relics":["Burning Blood","Smiling Mask","Bottled Flame","Black Star","Bag of Preparation","Nilry\u0027s Codex","Red Mask"],"potions_floor_usage":[7,11,16,18],"damage_taken":[{"damage":2,"enemies":"Small Slimes","floor":1,"turns":4},{"damage":5,"enemies":"Jaw Worm","floor":4,"turns":4},{"damage":4,"enemies":"2 Louse","floor":5,"turns":3},{"damage":28,"enemies":"3 Sentries","floor":7,"turns":12},{"damage":14,"enemies":"2 Fungi Beasts","floor":10,"turns":4},{"damage":19,"enemies":"Lagavulin","floor":11,"turns":5},{"damage":21,"enemies":"Exordium Thugs","floor":13,"turns":5},{"damage":5,"enemies":"Looter","floor":14,"turns":2},{"damage":10,"enemies":"The Guardian","floor":16,"turns":12},{"damage":13,"enemies":"3 Byrds","floor":18,"turns":6},{"damage":8,"enemies":"Shell Parasite","floor":21,"turns":6},{"damage":47,"enemies":"Masked Bandits","floor":22,"turns":4},{"damage":0,"enemies":"Slavers","floor":23,"turns":1}],"seed_played":"-9115308856159295050","potions_obtained":[{"floor":1,"key":"EssenceOfSteel"},{"floor":10,"key":"Weak Potion"},{"floor":14,"key":"AttackPotion"},{"floor":16,"key":"Explosive Potion"}],"is_trial":false,"path_per_floor":["M","$","?","M","M","R","E","R","T","M","E","R","M","M","R","B",null,"M","?","?","M","?","E"],"character_chosen":"IRONCLAD","items_purchased":["Pommel Strike"],"campfire_rested":0,"item_purchase_floors":[2],"current_hp_per_floor":[80,80,80,80,80,80,58,58,58,50,37,37,22,23,23,19,80,73,73,57,55,14,14],"gold":264,"neow_bonus":"RANDOM_COLORLESS","is_prod":false,"is_daily":false,"chose_seed":false,"campfire_upgraded":4,"win_rate":0,"timestamp":1554618701,"path_taken":["M","$","?","M","M","R","E","R","T","M","E","R","M","M","R","BOSS","M","?","?","M","?","E"],"build_version":"2019-01-23","purchased_purges":1,"victory":false,"max_hp_per_floor":[80,80,80,80,80,80,80,80,80,80,80,80,80,80,80,80,80,80,80,80,80,80,80],"card_choices":[{"not_picked":["Clash","Rampage"],"picked":"Sword Boomerang","floor":1},{"not_picked":["Clothesline","Perfected Strike"],"picked":"Shrug It Off","floor":4},{"not_picked":["Fire Breathing","Heavy Blade"],"picked":"Pummel","floor":5},{"not_picked":["Cleave","Body Slam"],"picked":"Demon Form","floor":7},{"not_picked":["Rampage","Clash","Corruption"],"picked":"SKIP","floor":10},{"not_picked":["Ghostly Armor","Carnage"],"picked":"Headbutt","floor":11},{"not_picked":["Cleave","Body Slam"],"picked":"Clothesline","floor":13},{"not_picked":["Iron Wave","Combust"],"picked":"Armaments","floor":14},{"not_picked":["Offering","Barricade"],"picked":"Limit Break","floor":16},{"not_picked":["Clash","Armaments+1"],"picked":"Shrug It Off","floor":18},{"not_picked":["Rage","Rupture"],"picked":"Carnage+1","floor":21},{"not_picked":["Warcry","Reckless Charge+1"],"picked":"Cleave","floor":22}],"player_experience":935634,"relics_obtained":[{"floor":7,"key":"Smiling Mask"},{"floor":11,"key":"Bottled Flame"},{"floor":20,"key":"Nilry\u0027s Codex"},{"floor":22,"key":"Red Mask"}],"event_choices":[{"damage_healed":0,"gold_gain":0,"player_choice":"Grow","damage_taken":0,"max_hp_gain":0,"max_hp_loss":0,"event_name":"Living Wall","floor":3,"gold_loss":0,"cards_upgraded":["Bash"]},{"damage_healed":0,"gold_gain":0,"player_choice":"Obtained Relic","damage_taken":0,"relics_obtained":["Bag of Preparation"],"max_hp_gain":0,"max_hp_loss":0,"event_name":"Addict","floor":19,"gold_loss":85},{"damage_healed":0,"gold_gain":0,"player_choice":"Obtained Book","damage_taken":16,"max_hp_gain":0,"max_hp_loss":0,"event_name":"Cursed Tome","floor":20,"gold_loss":0},{"damage_healed":0,"gold_gain":0,"player_choice":"Fought Bandits","damage_taken":0,"max_hp_gain":0,"max_hp_loss":0,"event_name":"Masked Bandits","floor":22,"gold_loss":0}],"is_beta":false,"boss_relics":[{"not_picked":["Ectoplasm","White Beast Statue"],"picked":"Black Star"}],"items_purged_floors":[2],"is_endless":false,"potions_floor_spawned":[1,10,14,16],"killed_by":"Slavers","ascension_level":0}