{"path_per_floor":["M","?","M","?","M","R","M","R","T","$","?","?","E","M","R","B",null,"M","?","M","?"],"character_chosen":"IRONCLAD","items_purchased":["Searing Blow"],"gold_per_floor":[110,60,79,254,274,274,284,284,284,171,171,234,269,284,284,385,385,396,486,496,476,476],"floor_reached":22,"campfire_rested":0,"playtime":704,"current_hp_per_floor":[80,80,80,80,74,74,68,68,68,68,68,68,49,46,46,36,80,61,45,39,39,36],"items_purged":["Doubt"],"gold":476,"score":184,"play_id":"ae9dceaf-6825-4757-bb8f-096998d5fc35","local_time":"20180517224318","is_prod":false,"is_daily":false,"chose_seed":false,"is_ascension_mode":false,"campfire_upgraded":3,"timestamp":1526568198,"path_taken":["M","?","?","?","?","R","M","R","T","$","?","?","E","M","R","BOSS","M","?","?","?","?"],"build_version":"2018-05-10","seed_source_timestamp":14833428328078,"purchased_purges":1,"victory":false,"master_deck":["Strike_R","Strike_R","Strike_R","Defend_R","Defend_R","Defend_R","Defend_R","Bash","Battle Trance+1","Armaments+1","Cleave","Searing Blow+1","Twin Strike","Headbutt","Demon Form","Shrug It Off"],"max_hp_per_floor":[80,80,80,80,80,80,80,80,80,80,80,80,80,80,80,80,80,80,80,80,80,80],"relics":["Burning Blood"],"card_choices":[{"not_picked":["Iron Wave","Pummel"],"picked":"Battle Trance","floor":0},{"not_picked":["Clash","Flex"],"picked":"Armaments","floor":3},{"not_picked":["Shrug It Off","Sword Boomerang"],"picked":"Cleave","floor":7},{"not_picked":["Barricade","Havoc"],"picked":"Twin Strike","floor":13},{"not_picked":["Body Slam","Shockwave"],"picked":"Headbutt","floor":14},{"not_picked":["Reaper","Berserk"],"picked":"Demon Form","floor":16},{"not_picked":["Flex","Armaments"],"picked":"Shrug It Off","floor":18}],"player_experience":634898,"potions_floor_usage":[20],"damage_taken":[{"damage":3,"enemies":"Jaw Worm","floor":1,"turns":4},{"damage":0,"enemies":"2 Louse","floor":3,"turns":3},{"damage":12,"enemies":"Small Slimes","floor":5,"turns":4},{"damage":12,"enemies":"Red Slaver","floor":7,"turns":5},{"damage":25,"enemies":"Gremlin Nob","floor":13,"turns":4},{"damage":9,"enemies":"Looter","floor":14,"turns":4},{"damage":16,"enemies":"Slime Boss","floor":16,"turns":9},{"damage":25,"enemies":"2 Thieves","floor":18,"turns":4},{"damage":12,"enemies":"Chosen","floor":20,"turns":6},{"damage":3,"enemies":"Centurion and Healer","floor":22,"turns":2}],"event_choices":[{"event_name":"The Cleric","player_choice":"Card Removal","floor":2,"damage_taken":0},{"event_name":"Liars Game","player_choice":"agreed","floor":4,"damage_taken":0},{"event_name":"Purifier","player_choice":"One Purge","floor":11,"damage_taken":0},{"event_name":"Golden Wing","player_choice":"Gained Gold","floor":12,"damage_taken":0},{"event_name":"Knowing Skull","player_choice":"GOLD ","floor":19,"damage_taken":0},{"event_name":"The Woman in Blue","player_choice":"Bought 1 Potion","floor":21,"damage_taken":0}],"boss_relics":[{"not_picked":["Runic Pyramid","Philosopher\u0027s Stone","Eternal Feather"]}],"potions_floor_spawned":[1,3,18,20],"seed_played":"-6421355763793307129","killed_by":"Centurion and Healer","ascension_level":0,"is_trial":false}