{"gold_per_floor":[114,39,53,53,69,104,104,104,180,199,199,209,209,221,221,326,326,340,340,340,359,34,34,67,77,77,77],"floor_reached":27,"playtime":2251,"items_purged":["Strike_R"],"score":283,"play_id":"2eea9c49-8116-4d6a-8c25-902f555ac328","local_time":"20190215143553","is_ascension_mode":false,"campfire_choices":[{"data":"Armaments","floor":7,"key":"SMITH"},{"data":"Juggernaut","floor":11,"key":"SMITH"},{"data":"True Grit","floor":15,"key":"SMITH"},{"data":"Transmutation","floor":23,"key":"SMITH"}],"neow_cost":"NONE","seed_source_timestamp":215335030106100,"circlet_count":0,"master_deck":["Strike_R","Defend_R","Defend_R","Defend_R","Bash","Impatience","Ghostly Armor","Thunderclap","Combust","Pommel Strike","Armaments+1","Juggernaut+1","Heavy Blade","True Grit+1","Reaper","Evolve+1","Blood for Blood+1","Brutality+1","Battle Trance","Flex+1","Transmutation+1","Metallicize"],"relics":["Burning Blood","Ancient Tea Set","Shuriken","Juzu Bracelet","Astrolabe","Paper Frog","Orichalcum","Mercury Hourglass","Blood Vial"],"potions_floor_usage":[10,14,16,16,21,24,27],"damage_taken":[{"damage":6,"enemies":"Jaw Worm","floor":1,"turns":5},{"damage":5,"enemies":"Small Slimes","floor":3,"turns":4},{"damage":13,"enemies":"Cultist","floor":5,"turns":5},{"damage":24,"enemies":"Gremlin Nob","floor":6,"turns":5},{"damage":0,"enemies":"Exordium Wildlife","floor":10,"turns":2},{"damage":5,"enemies":"Looter","floor":12,"turns":3},{"damage":0,"enemies":"2 Fungi Beasts","floor":14,"turns":2},{"damage":2,"enemies":"Slime Boss","floor":16,"turns":8},{"damage":24,"enemies":"Chosen","floor":18,"turns":8},{"damage":20,"enemies":"Shell Parasite","floor":21,"turns":5},{"damage":44,"enemies":"Book of Stabbing","floor":24,"turns":4},{"damage":16,"enemies":"Snecko","floor":25,"turns":4},{"damage":21,"enemies":"Chosen and Byrds","floor":27,"turns":4}],"seed_played":"913550139187815100","potions_obtained":[{"floor":8,"key":"Explosive Potion"},{"floor":8,"key":"Fire Potion"},{"floor":8,"key":"LiquidBronze"},{"floor":10,"key":"Fire Potion"},{"floor":14,"key":"Fire Potion"},{"floor":16,"key":"Explosive Potion"},{"floor":18,"key":"Strength Potion"}],"is_trial":false,"path_per_floor":["M","$","M","?","M","E","R","?","T","M","R","M","?","M","R","B",null,"M","?","?","M","$","R","E","M","T","M"],"character_chosen":"IRONCLAD","items_purchased":["Orichalcum","Transmutation"],"campfire_rested":0,"item_purchase_floors":[22,22],"current_hp_per_floor":[80,80,80,80,73,55,55,55,55,61,61,62,50,56,56,60,80,63,63,63,49,49,49,20,14,14,0],"gold":77,"neow_bonus":"RANDOM_COLORLESS","is_prod":false,"is_daily":false,"chose_seed":false,"campfire_upgraded":4,"win_rate":0,"timestamp":1550237753,"path_taken":["M","$","M","?","M","E","R","?","T","M","R","?","?","M","R","BOSS","M","?","?","M","$","R","E","M","T","M"],"build_version":"2019-01-23","purchased_purges":1,"victory":false,"max_hp_per_floor":[80,80,80,80,80,80,80,80,80,80,80,80,80,80,80,80,80,80,80,80,80,80,80,80,80,80,80],"card_choices":[{"not_picked":["Blood for Blood","Havoc"],"picked":"Ghostly Armor","floor":1},{"not_picked":["Rupture","Clash"],"picked":"Thunderclap","floor":3},{"not_picked":["Sword Boomerang","Sever Soul"],"picked":"Pommel Strike","floor":5},{"not_picked":["Iron Wave","Shockwave"],"picked":"Armaments","floor":6},{"not_picked":["Body Slam","Thunderclap"],"picked":"Juggernaut","floor":10},{"not_picked":["Sentinel","Power Through"],"picked":"Heavy Blade","floor":12},{"not_picked":["Body Slam","Whirlwind"],"picked":"True Grit","floor":14},{"not_picked":["Dark Embrace","Impervious"],"picked":"Reaper","floor":16},{"not_picked":["Flex","Sword Boomerang+1"],"picked":"Battle Trance","floor":18},{"not_picked":["Blood for Blood","Sword Boomerang"],"picked":"Flex+1","floor":21},{"not_picked":["Clothesline","Warcry","Offering"],"picked":"SKIP","floor":24},{"not_picked":["Wild Strike","Dual Wield"],"picked":"Metallicize","floor":25}],"player_experience":97981,"relics_obtained":[{"floor":6,"key":"Ancient Tea Set"},{"floor":9,"key":"Shuriken"},{"floor":24,"key":"Mercury Hourglass"},{"floor":26,"key":"Blood Vial"}],"event_choices":[{"damage_healed":0,"gold_gain":0,"cards_transformed":["Strike_R"],"player_choice":"Change","damage_taken":0,"max_hp_gain":0,"max_hp_loss":0,"event_name":"Living Wall","floor":4,"gold_loss":0,"cards_obtained":["Combust"]},{"damage_healed":0,"gold_gain":0,"player_choice":"Got Potions","damage_taken":0,"max_hp_gain":0,"max_hp_loss":0,"event_name":"Lab","floor":8,"gold_loss":0},{"damage_healed":0,"gold_gain":0,"player_choice":"Success","damage_taken":12,"relics_obtained":["Juzu Bracelet"],"max_hp_gain":0,"max_hp_loss":0,"event_name":"Scrap Ooze","floor":13,"gold_loss":0},{"damage_healed":0,"gold_gain":0,"player_choice":"Ignored","damage_taken":0,"max_hp_gain":0,"max_hp_loss":0,"event_name":"Vampires","floor":19,"gold_loss":0},{"damage_healed":0,"gold_gain":0,"player_choice":"Opened","damage_taken":0,"relics_obtained":["Paper Frog"],"max_hp_gain":0,"max_hp_loss":0,"event_name":"The Mausoleum","floor":20,"gold_loss":0}],"is_beta":false,"boss_relics":[{"not_picked":["Runic Cube","Black Blood"],"picked":"Astrolabe"}],"items_purged_floors":[2],"is_endless":false,"potions_floor_spawned":[10,12,14,16,18],"killed_by":"Chosen and Byrds","ascension_level":0}