{"gold_per_floor":[112,131,145,70,88,88,117,117,117,137,149,149,182,68,68,164,164,178,193,47,65,76,105,105,123,123,123,153,172,183,199,199,300,300,316,316,62,74,85,85,95,95,120,120,146,158,158,158,158,158,158,158,5,37,37],"floor_reached":55,"playtime":2776,"items_purged":["Strike_R","Strike_R"],"score":728,"play_id":"6c55ba6d-725a-4e3d-b668-5346f8c472fb","local_time":"20190310192047","is_ascension_mode":false,"campfire_choices":[{"data":"Flex","floor":6,"key":"SMITH"},{"data":"Intimidate","floor":8,"key":"SMITH"},{"data":"Battle Trance","floor":12,"key":"SMITH"},{"data":"Juggernaut","floor":15,"key":"SMITH"},{"data":"Inflame","floor":24,"key":"SMITH"},{"data":"Pommel Strike","floor":32,"key":"SMITH"},{"floor":40,"key":"RECALL"},{"floor":42,"key":"REST"},{"data":"Armaments","floor":44,"key":"SMITH"},{"data":"Madness","floor":47,"key":"SMITH"},{"data":"Bandage Up","floor":49,"key":"SMITH"},{"data":"Madness","floor":52,"key":"SMITH"}],"neow_cost":"NONE","seed_source_timestamp":1310610306801335,"circlet_count":0,"master_deck":["Strike_R","Strike_R","Strike_R","Defend_R","Defend_R","Defend_R","Defend_R","Bash+1","Whirlwind","Flex+1","Intimidate+1","Feed","Battle Trance+1","Juggernaut+1","Inflame+1","Reaper","Pommel Strike+1","Headbutt+1","Sword Boomerang","Clash","Inflame+1","Clash","Dual Wield+1","Twin Strike+1","Madness+1","Madness+1","Armaments+1","Twin Strike+1","Shrug It Off+1","True Grit+1","Infernal Blade+1","Spot Weakness","Bandage Up+1","Warcry+1"],"relics":["Black Blood","Self Forming Clay","Kunai","Dream Catcher","Busted Crown","Happy Flower","PreservedInsect","Gambling Chip","Question Card","Lantern","Meat on the Bone","Anchor","Vajra"],"potions_floor_usage":[7,13,16,22,23,33,33,45,46,50,50,55],"damage_taken":[{"damage":4,"enemies":"2 Louse","floor":1,"turns":3},{"damage":1,"enemies":"Cultist","floor":2,"turns":3},{"damage":10,"enemies":"Small Slimes","floor":3,"turns":2},{"damage":0,"enemies":"3 Louse","floor":5,"turns":1},{"damage":30,"enemies":"3 Sentries","floor":7,"turns":4},{"damage":3,"enemies":"Exordium Thugs","floor":10,"turns":6},{"damage":2,"enemies":"Looter","floor":11,"turns":3},{"damage":17,"enemies":"Lagavulin","floor":13,"turns":7},{"damage":37,"enemies":"Slime Boss","floor":16,"turns":10},{"damage":14,"enemies":"Spheric Guardian","floor":18,"turns":4},{"damage":9,"enemies":"2 Thieves","floor":19,"turns":4},{"damage":30,"enemies":"Shelled Parasite and Fungi","floor":21,"turns":5},{"damage":15,"enemies":"Snake Plant","floor":22,"turns":4},{"damage":29,"enemies":"Gremlin Leader","floor":23,"turns":7},{"damage":13,"enemies":"Sentry and Sphere","floor":25,"turns":4},{"damage":14,"enemies":"Slavers","floor":28,"turns":2},{"damage":15,"enemies":"Centurion and Healer","floor":29,"turns":3},{"damage":0,"enemies":"3 Cultists","floor":30,"turns":3},{"damage":12,"enemies":"Snake Plant","floor":31,"turns":3},{"damage":17,"enemies":"Automaton","floor":33,"turns":5},{"damage":10,"enemies":"3 Shapes","floor":35,"turns":3},{"damage":22,"enemies":"3 Darklings","floor":38,"turns":3},{"damage":44,"enemies":"Maw","floor":39,"turns":6},{"damage":2,"enemies":"Transient","floor":41,"turns":5},{"damage":30,"enemies":"Giant Head","floor":45,"turns":6},{"damage":8,"enemies":"3 Darklings","floor":46,"turns":5},{"damage":57,"enemies":"Donu and Deca","floor":50,"turns":7},{"damage":52,"enemies":"Shield and Spear","floor":54,"turns":5},{"damage":107,"enemies":"The Heart","floor":55,"turns":5}],"seed_played":"2792934860808325676","potions_obtained":[{"floor":1,"key":"Swift Potion"},{"floor":5,"key":"Dexterity Potion"},{"floor":10,"key":"Weak Potion"},{"floor":11,"key":"Strength Potion"},{"floor":19,"key":"GamblersBrew"},{"floor":21,"key":"AttackPotion"},{"floor":23,"key":"Swift Potion"},{"floor":31,"key":"Explosive Potion"},{"floor":33,"key":"PowerPotion"},{"floor":39,"key":"GamblersBrew"},{"floor":45,"key":"FearPotion"},{"floor":46,"key":"Dexterity Potion"}],"is_trial":false,"path_per_floor":["M","M","M","$","M","R","E","R","T","M","M","R","E","$","R","B",null,"M","M","$","M","M","E","R","M","T","?","E","M","M","M","R","B",null,"M","?","$","M","M","R","M","R","T","R","E","M","R","?","R","B",null,"R","$","E","B"],"character_chosen":"IRONCLAD","items_purchased":["Feed","Inflame","Happy Flower","Lantern","Anchor"],"campfire_rested":1,"item_purchase_floors":[4,14,20,37,53],"current_hp_per_floor":[80,80,76,76,80,80,59,59,59,62,66,66,58,58,58,30,89,81,92,92,69,60,70,70,77,77,77,72,63,82,76,76,75,104,107,94,94,82,48,48,56,88,88,88,68,88,88,88,88,59,107,107,107,93,0],"gold":37,"neow_bonus":"UPGRADE_CARD","is_prod":false,"is_daily":false,"chose_seed":false,"campfire_upgraded":10,"win_rate":0,"timestamp":1552216847,"path_taken":["M","M","M","$","M","R","E","R","T","M","M","R","E","$","R","BOSS","M","M","$","M","M","E","R","M","T","?","E","M","M","M","R","BOSS","M","?","$","M","M","R","M","R","T","R","E","M","R","?","R","BOSS","R","$","E","BOSS"],"build_version":"2019-01-23","purchased_purges":2,"victory":false,"max_hp_per_floor":[80,80,80,80,80,80,83,83,83,83,83,83,86,86,86,89,89,89,92,92,92,92,95,95,98,98,98,101,101,104,104,104,104,104,107,107,107,107,107,107,107,107,107,107,107,107,107,107,107,107,107,107,107,107,107],"card_choices":[{"not_picked":["Bloodletting","Sword Boomerang"],"picked":"Whirlwind","floor":1},{"not_picked":["Iron Wave","Combust"],"picked":"Flex","floor":2},{"not_picked":["Fire Breathing","Infernal Blade"],"picked":"Intimidate","floor":3},{"not_picked":["Whirlwind","Heavy Blade","Warcry"],"picked":"SKIP","floor":5},{"not_picked":["Warcry","Wild Strike","Berserk"],"picked":"SKIP","floor":7},{"not_picked":["Clothesline","Fire Breathing","Feel No Pain"],"picked":"SKIP","floor":10},{"not_picked":["Heavy Blade","Headbutt"],"picked":"Battle Trance","floor":11},{"not_picked":["Fire Breathing","Combust"],"picked":"Juggernaut","floor":13},{"not_picked":["Brutality","Juggernaut"],"picked":"Reaper","floor":16},{"not_picked":[],"picked":"Pommel Strike","floor":18},{"not_picked":["Entrench"],"picked":"SKIP","floor":19},{"not_picked":[],"picked":"Headbutt+1","floor":21},{"not_picked":[],"picked":"Sword Boomerang","floor":22},{"not_picked":["Thunderclap"],"picked":"SKIP","floor":23},{"not_picked":[],"picked":"Clash","floor":25},{"not_picked":[],"picked":"Clash","floor":28},{"not_picked":["Reckless Charge","Feel No Pain"],"picked":"SKIP","floor":29},{"not_picked":["Sever Soul","Pommel Strike"],"picked":"SKIP","floor":30},{"not_picked":["Cleave"],"picked":"Dual Wield+1","floor":31},{"not_picked":["Clash+1"],"picked":"Twin Strike+1","floor":35},{"not_picked":["Dual Wield"],"picked":"Armaments","floor":38},{"not_picked":["Havoc+1"],"picked":"Twin Strike+1","floor":39},{"not_picked":["Blood for Blood"],"picked":"Shrug It Off+1","floor":41},{"not_picked":["Carnage"],"picked":"True Grit+1","floor":42},{"not_picked":["Intimidate+1"],"picked":"Infernal Blade+1","floor":45},{"not_picked":["Clash+1"],"picked":"Spot Weakness","floor":46},{"not_picked":["Enlightenment"],"picked":"Bandage Up","floor":48},{"not_picked":["Anger"],"picked":"Warcry+1","floor":54}],"player_experience":797949,"relics_obtained":[{"floor":7,"key":"Self Forming Clay"},{"floor":9,"key":"Kunai"},{"floor":13,"key":"Dream Catcher"},{"floor":23,"key":"PreservedInsect"},{"floor":26,"key":"Gambling Chip"},{"floor":28,"key":"Question Card"},{"floor":45,"key":"Meat on the Bone"},{"floor":54,"key":"Vajra"}],"event_choices":[{"damage_healed":0,"gold_gain":0,"player_choice":"Copied","damage_taken":0,"max_hp_gain":0,"max_hp_loss":0,"event_name":"Duplicator","floor":27,"gold_loss":0,"cards_obtained":["Inflame"]},{"damage_healed":0,"gold_gain":0,"player_choice":"Embrace Madness","damage_taken":13,"max_hp_gain":0,"max_hp_loss":0,"event_name":"Winding Halls","floor":36,"gold_loss":0,"cards_obtained":["Madness","Madness"]},{"damage_healed":0,"gold_gain":0,"player_choice":"Memory 1","damage_taken":0,"max_hp_gain":0,"max_hp_loss":0,"event_name":"SensoryStone","floor":48,"gold_loss":0}],"is_beta":false,"boss_relics":[{"not_picked":["Orrery","Ectoplasm"],"picked":"Busted Crown"},{"not_picked":["Runic Cube","Snecko Eye"],"picked":"Black Blood"}],"items_purged_floors":[14,37],"is_endless":false,"potions_floor_spawned":[1,5,10,11,19,21,23,31,33,39,45,46],"killed_by":"The Heart","ascension_level":0}