{"path_per_floor":["M","M","M","M","M","R","E","M","T","?","?","M","R","M","R","B",null,"M","M","$","?","M","M","$","R","T","R","?","M","?","$","R","B",null,"M","M","?","?","M","R","?","R","T","M","?","R","M","T","R","B"],"character_chosen":"IRONCLAD","items_purchased":["Battle Trance","Pen Nib","Feed","Blood Vial"],"gold_per_floor":[110,122,138,152,172,172,202,219,244,274,274,289,289,308,308,406,406,417,437,214,214,226,240,13,13,13,13,13,26,26,26,26,124,124,136,149,149,149,169,169,0,0,23,37,37,37,51,51,51,51],"floor_reached":51,"campfire_rested":3,"playtime":5343,"current_hp_per_floor":[80,80,79,75,69,69,28,20,20,20,20,21,45,54,54,38,86,81,75,75,58,54,50,50,50,50,78,78,87,71,71,71,13,98,98,86,73,73,78,78,78,78,85,113,113,113,79,79,115,47],"items_purged":[],"gold":51,"score":551,"play_id":"c4023fc8-6e73-4688-bf22-eccb6a5bc6a0","is_prod":false,"is_daily":false,"is_ascension_mode":false,"campfire_upgraded":7,"path_taken":["M","M","M","M","M","R","E","M","T","?","?","M","R","?","R","BOSS","M","M","$","?","M","M","?","R","T","R","?","M","?","?","R","BOSS","M","M","?","?","M","R","?","R","T","M","?","R","M","?","R","BOSS"],"build_version":"2018-02-15-PROD1","purchased_purges":0,"victory":true,"master_deck":["Strike_R+1","Strike_R+1","Strike_R+1","Defend_R+1","Defend_R+1","Defend_R+1","Bash+1","Disarm","Bloodletting","Seeing Red+1","Rampage+1","Iron Wave","Shrug It Off","Feed+1","Headbutt","Intimidate","Limit Break+1","Rampage+1","Reaper+1","Headbutt+1","Clash","Battle Trance","Uppercut+1","Blood for Blood","Feed","Battle Trance","Necronomicurse","Berserk+1","Anger+1","Inflame+1","Madness","Madness","Anger+1","Metallicize+1","Shrug It Off"],"max_hp_per_floor":[80,80,80,80,80,80,80,80,80,80,80,83,83,86,86,86,86,86,89,89,94,94,94,94,94,94,94,94,98,98,98,98,98,98,98,102,102,102,106,106,106,106,113,113,113,113,120,120,120,120],"relics":["Black Blood","Vajra","Bag of Marbles","Astrolabe","Pen Nib","Blood Vial","Juzu Bracelet","Necronomicon","Red Mask","Strawberry","Mummified Hand"],"card_choices":[{"not_picked":["Heavy Blade","Power Through"],"picked":"Disarm"},{"not_picked":["Armaments","Headbutt"],"picked":"Bloodletting"},{"not_picked":["Power Through","Armaments"],"picked":"Seeing Red"},{"not_picked":["True Grit","Dual Wield"],"picked":"Rampage"},{"not_picked":["Fire Breathing","Body Slam"],"picked":"Iron Wave"},{"not_picked":["Sword Boomerang","Cleave"],"picked":"Shrug It Off"},{"not_picked":["Iron Wave","Corruption"],"picked":"Feed"},{"not_picked":["Clash","Perfected Strike"],"picked":"Headbutt"},{"not_picked":["Whirlwind","Sever Soul"],"picked":"Intimidate"},{"not_picked":["Brutality","Juggernaut"],"picked":"Limit Break"},{"not_picked":["Warcry","Anger"],"picked":"Headbutt"},{"not_picked":["Sword Boomerang","Rage"],"picked":"Clash"},{"not_picked":["Flex","True Grit"],"picked":"Uppercut"},{"not_picked":["Whirlwind","Sword Boomerang"],"picked":"Blood for Blood"},{"not_picked":["Spot Weakness","Iron Wave"],"picked":"Battle Trance"},{"not_picked":["Fiend Fire","Double Tap"],"picked":"Berserk"},{"not_picked":["Cleave","Power Through"],"picked":"Anger"},{"not_picked":["Shrug It Off","Combust"],"picked":"Inflame"},{"not_picked":["Body Slam","Thunderclap"],"picked":"Anger"},{"not_picked":["Combust","Body Slam"],"picked":"Metallicize"},{"not_picked":["Spot Weakness","Whirlwind"],"picked":"Shrug It Off"}],"player_experience":25273,"potions_floor_usage":[5,14,14,16,22,23,33,33,33,39,44,50],"damage_taken":[{"damage":3,"enemies":"Jaw Worm","floor":1,"turns":4},{"damage":2,"enemies":"Cultist","floor":2,"turns":4},{"damage":7,"enemies":"Small Slimes","floor":3,"turns":3},{"damage":10,"enemies":"Looter","floor":4,"turns":3},{"damage":12,"enemies":"Lots of Slimes","floor":5,"turns":6},{"damage":47,"enemies":"3 Sentries","floor":7,"turns":10},{"damage":14,"enemies":"Large Slime","floor":8,"turns":8},{"damage":8,"enemies":"Exordium Thugs","floor":12,"turns":4},{"damage":0,"enemies":"2 Fungi Beasts","floor":14,"turns":1},{"damage":22,"enemies":"Slime Boss","floor":16,"turns":7},{"damage":20,"enemies":"3 Byrds","floor":18,"turns":8},{"damage":15,"enemies":"Chosen","floor":19,"turns":4},{"damage":16,"enemies":"Snake Plant","floor":22,"turns":3},{"damage":12,"enemies":"Slaver and Parasite","floor":23,"turns":4},{"damage":15,"enemies":"3 Cultists","floor":29,"turns":5},{"damage":91,"enemies":"Automaton","floor":33,"turns":11},{"damage":3,"enemies":"Orb Walker","floor":35,"turns":2},{"damage":40,"enemies":"3 Shapes","floor":36,"turns":5},{"damage":11,"enemies":"Maw","floor":39,"turns":6},{"damage":27,"enemies":"3 Darklings","floor":44,"turns":6},{"damage":70,"enemies":"4 Shapes","floor":47,"turns":6},{"damage":116,"enemies":"Awakened One","floor":50,"turns":9}],"event_choices":[{"event_name":"Dead Adventurer","player_choice":"Searched \u00271\u0027 times","floor":10,"damage_taken":0},{"event_name":"Golden Idol","player_choice":"Ignored","floor":11,"damage_taken":0},{"event_name":"Forgotten Altar","player_choice":"Shed Blood","floor":21,"damage_taken":0},{"event_name":"Back to Basics","player_choice":"Simplicity","floor":28,"damage_taken":0},{"event_name":"Cursed Tome","player_choice":"Obtained Book","floor":30,"damage_taken":0},{"event_name":"Winding Halls","player_choice":"Embrace Madness","floor":37,"damage_taken":0},{"event_name":"Tomb of Lord Red Mask","player_choice":"Paid","floor":41,"damage_taken":0},{"event_name":"Mysterious Sphere","player_choice":"Ignore","floor":45,"damage_taken":0}],"boss_relics":[{"not_picked":["Ectoplasm","Runic Pyramid"],"picked":"Astrolabe"},{"not_picked":["Velvet Choker","White Beast Statue"],"picked":"Black Blood"}],"potions_floor_spawned":[1,4,7,12,14,16,18,19,23,29,35,36,47],"seed_played":"-2477234281842329882","ascension_level":0,"is_trial":false}