{"gold_per_floor":[115,135,135,147,166,166,178,178,232,266,284,284,284,71,71,170,170,190,265,280,295,68,68,82,93,93,111,111,126,145,163,163,260,260,272,317,317,11,28,28,28,43,43,43,63,63,63,163,163,163],"floor_reached":51,"playtime":2880,"items_purged":["Strike_R","Strike_R"],"score":678,"play_id":"357ccb38-e6ce-4359-a518-a3e217b01c3e","local_time":"20190304235920","is_ascension_mode":false,"campfire_choices":[{"data":"Armaments","floor":6,"key":"SMITH"},{"data":"Bloodletting","floor":8,"key":"SMITH"},{"data":"Demon Form","floor":12,"key":"SMITH"},{"data":"Double Tap","floor":15,"key":"SMITH"},{"data":"Limit Break","floor":23,"key":"SMITH"},{"data":"Shrug It Off","floor":28,"key":"SMITH"},{"floor":32,"key":"REST"},{"data":"Brutality","floor":40,"key":"SMITH"},{"floor":44,"key":"REST"},{"data":"Double Tap","floor":47,"key":"SMITH"},{"data":"Iron Wave","floor":49,"key":"SMITH"}],"neow_cost":"NONE","seed_source_timestamp":808848439000526,"circlet_count":0,"master_deck":["Strike_R","Strike_R+1","Strike_R","Defend_R+1","Defend_R","Defend_R","Defend_R","Bash+1","Twin Strike","Armaments+1","Demon Form+1","Iron Wave+1","Bloodletting+1","Brutality+1","Pummel","Double Tap+1","Double Tap+1","Bloodletting+1","Warcry+1","Limit Break+1","Shrug It Off+1","True Grit+1","Heavy Blade+1","Pommel Strike+1","Shrug It Off+1","Reaper","Flex+1","Thunderclap+1"],"relics":["Burning Blood","PreservedInsect","Mummified Hand","Bag of Preparation","Sozu","Bottled Flame","Busted Crown","Bird Faced Urn","TheAbacus","Vajra","Singing Bowl","Mango"],"potions_floor_usage":[5,5,11,11,11,33],"damage_taken":[{"damage":3,"enemies":"Small Slimes","floor":1,"turns":3},{"damage":6,"enemies":"Jaw Worm","floor":2,"turns":4},{"damage":0,"enemies":"2 Louse","floor":4,"turns":2},{"damage":22,"enemies":"Exordium Thugs","floor":5,"turns":5},{"damage":7,"enemies":"Looter","floor":7,"turns":3},{"damage":6,"enemies":"3 Sentries","floor":10,"turns":7},{"damage":11,"enemies":"Large Slime","floor":11,"turns":6},{"damage":45,"enemies":"The Guardian","floor":16,"turns":11},{"damage":1,"enemies":"Chosen","floor":18,"turns":3},{"damage":4,"enemies":"Shell Parasite","floor":20,"turns":3},{"damage":13,"enemies":"Cultist and Chosen","floor":21,"turns":5},{"damage":17,"enemies":"Sentry and Sphere","floor":24,"turns":4},{"damage":4,"enemies":"Snecko","floor":25,"turns":3},{"damage":21,"enemies":"Centurion and Healer","floor":27,"turns":4},{"damage":3,"enemies":"Chosen and Byrds","floor":29,"turns":6},{"damage":3,"enemies":"Snecko","floor":30,"turns":4},{"damage":17,"enemies":"3 Cultists","floor":31,"turns":5},{"damage":49,"enemies":"Automaton","floor":33,"turns":7},{"damage":13,"enemies":"3 Darklings","floor":35,"turns":6},{"damage":59,"enemies":"2 Orb Walkers","floor":36,"turns":6},{"damage":5,"enemies":"3 Shapes","floor":39,"turns":6},{"damage":11,"enemies":"Spire Growth","floor":42,"turns":3},{"damage":15,"enemies":"3 Darklings","floor":45,"turns":6},{"damage":4,"enemies":"Mind Bloom Boss Battle","floor":48,"turns":5},{"damage":72,"enemies":"Donu and Deca","floor":50,"turns":8}],"seed_played":"54370394596295454","potions_obtained":[{"floor":0,"key":"BloodPotion"},{"floor":0,"key":"Weak Potion"},{"floor":0,"key":"PowerPotion"},{"floor":2,"key":"BloodPotion"},{"floor":5,"key":"Weak Potion"},{"floor":10,"key":"EntropicBrew"}],"is_trial":false,"path_per_floor":["M","M","?","M","M","R","M","R","T","E","M","R","?","$","R","B",null,"M","?","M","M","$","R","M","M","T","M","R","M","M","M","R","B",null,"M","?","?","$","M","R","?","M","T","R","M","?","R","?","R","B",null],"character_chosen":"IRONCLAD","items_purchased":["Bag of Preparation","Double Tap","Limit Break","TheAbacus"],"campfire_rested":2,"item_purchase_floors":[14,14,22,38],"current_hp_per_floor":[80,80,64,70,62,62,61,61,61,61,56,56,56,56,56,17,80,80,72,74,67,67,67,56,58,58,43,43,46,49,38,62,19,80,73,20,20,20,45,45,45,42,42,66,82,84,84,98,98,72],"gold":163,"neow_bonus":"THREE_SMALL_POTIONS","is_prod":false,"is_daily":false,"chose_seed":false,"campfire_upgraded":9,"win_rate":0,"timestamp":1551715160,"path_taken":["M","M","?","M","M","R","M","R","T","E","M","R","?","$","R","BOSS","M","?","M","M","$","R","M","M","T","M","R","M","M","M","R","BOSS","M","?","?","$","M","R","?","M","T","R","?","?","R","?","R","BOSS"],"build_version":"2019-01-23","purchased_purges":2,"victory":true,"max_hp_per_floor":[80,80,80,80,80,80,80,80,80,80,80,80,80,80,80,80,80,80,80,80,80,80,80,80,80,80,80,80,80,80,80,80,80,80,80,80,80,80,80,80,80,80,80,80,82,84,84,98,98,98],"card_choices":[{"not_picked":["Clothesline","Entrench"],"picked":"Twin Strike","floor":1},{"not_picked":["Intimidate","Feel No Pain"],"picked":"Armaments","floor":2},{"not_picked":["Cleave","Iron Wave"],"picked":"Demon Form","floor":4},{"not_picked":["Uppercut","Thunderclap"],"picked":"Iron Wave","floor":5},{"not_picked":["Hemokinesis","Sword Boomerang"],"picked":"Bloodletting","floor":7},{"not_picked":["Sever Soul","Havoc"],"picked":"Brutality","floor":10},{"not_picked":["Infernal Blade","Anger"],"picked":"Pummel","floor":11},{"not_picked":["Bludgeon","Impervious"],"picked":"Double Tap","floor":16},{"not_picked":["Spot Weakness","True Grit"],"picked":"Bloodletting+1","floor":18},{"not_picked":["Combust","Perfected Strike"],"picked":"Warcry+1","floor":20},{"not_picked":["Dropkick","Warcry","Anger+1"],"picked":"SKIP","floor":21},{"not_picked":["Twin Strike+1","Clash"],"picked":"Shrug It Off","floor":24},{"not_picked":["Pummel","Pommel Strike"],"picked":"True Grit+1","floor":25},{"not_picked":["Havoc+1","Berserk"],"picked":"Heavy Blade+1","floor":27},{"not_picked":["Clothesline","Cleave"],"picked":"Pommel Strike+1","floor":29},{"not_picked":["Perfected Strike+1","Entrench"],"picked":"Shrug It Off+1","floor":30},{"not_picked":["Shrug It Off","Second Wind+1","Sentinel+1"],"picked":"SKIP","floor":31},{"not_picked":["Dark Embrace","Exhume"],"picked":"Reaper","floor":33},{"not_picked":["Burning Pact"],"picked":"SKIP","floor":35},{"not_picked":[],"picked":"Feel No Pain+1","floor":36},{"not_picked":[],"picked":"Flex+1","floor":39},{"not_picked":["Heavy Blade"],"picked":"SKIP","floor":42},{"not_picked":["Twin Strike"],"picked":"Singing Bowl","floor":45},{"not_picked":["Finesse"],"picked":"Singing Bowl","floor":46},{"not_picked":[],"picked":"Thunderclap+1","floor":48}],"player_experience":751186,"relics_obtained":[{"floor":9,"key":"PreservedInsect"},{"floor":10,"key":"Mummified Hand"},{"floor":26,"key":"Bottled Flame"},{"floor":36,"key":"Bird Faced Urn"},{"floor":43,"key":"Singing Bowl"},{"floor":48,"key":"Mango"}],"event_choices":[{"damage_healed":0,"gold_gain":0,"player_choice":"Entered Light","damage_taken":16,"max_hp_gain":0,"max_hp_loss":0,"event_name":"Shining Light","floor":3,"gold_loss":0,"cards_upgraded":["Defend_R","Strike_R"]},{"damage_healed":0,"gold_gain":0,"player_choice":"Grow","damage_taken":0,"max_hp_gain":0,"max_hp_loss":0,"event_name":"Living Wall","floor":13,"gold_loss":0,"cards_upgraded":["Bash"]},{"damage_healed":0,"gold_gain":75,"player_choice":"Touch","damage_taken":8,"max_hp_gain":0,"max_hp_loss":0,"event_name":"FaceTrader","floor":19,"gold_loss":0},{"damage_healed":0,"gold_gain":0,"player_choice":"Fight","damage_taken":0,"max_hp_gain":0,"max_hp_loss":0,"event_name":"Mysterious Sphere","floor":36,"gold_loss":0},{"cards_removed":["Feel No Pain"],"damage_healed":0,"gold_gain":0,"player_choice":"Removed Power","damage_taken":0,"max_hp_gain":0,"max_hp_loss":0,"event_name":"Falling","floor":37,"gold_loss":0},{"damage_healed":0,"gold_gain":0,"player_choice":"Gave Potion","damage_taken":0,"relics_obtained":["Vajra"],"max_hp_gain":0,"max_hp_loss":0,"event_name":"WeMeetAgain","floor":41,"gold_loss":0},{"damage_healed":0,"gold_gain":0,"player_choice":"Memory 1","damage_taken":0,"max_hp_gain":0,"max_hp_loss":0,"event_name":"SensoryStone","floor":46,"gold_loss":0},{"damage_healed":0,"gold_gain":0,"player_choice":"Fight","damage_taken":0,"max_hp_gain":0,"max_hp_loss":0,"event_name":"MindBloom","floor":48,"gold_loss":0}],"is_beta":false,"boss_relics":[{"not_picked":["Calling Bell","Empty Cage"],"picked":"Sozu"},{"not_picked":["Snecko Eye","Mark of Pain"],"picked":"Busted Crown"}],"items_purged_floors":[22,38],"is_endless":false,"potions_floor_spawned":[2,5,10,24,29,30,31,33,35,45,48],"ascension_level":0}