{"gold_per_floor":[116,133,147,159,179,214,214,284,284,284,284],"floor_reached":11,"playtime":431,"items_purged":[],"score":143,"play_id":"104a96b0-d3e8-4c41-b924-7ebb07779f47","local_time":"20190227095202","is_ascension_mode":true,"campfire_choices":[{"data":"Footwork","floor":7,"key":"SMITH"},{"floor":10,"key":"REST"}],"neow_cost":"NONE","seed_source_timestamp":92889486064200,"circlet_count":0,"master_deck":["AscendersBane","Defend_G","Defend_G","Defend_G","Defend_G","Defend_G","Strike_G","Strike_G","Strike_G","Strike_G","Strike_G","Survivor","Neutralize","Footwork+1","Corpse Explosion","Dodge and Roll","Backflip","Terror","Dash"],"relics":["Ring of the Snake","Boot","Ice Cream"],"potions_floor_usage":[6,6],"damage_taken":[{"damage":8,"enemies":"2 Louse","floor":1,"turns":4},{"damage":5,"enemies":"Small Slimes","floor":2,"turns":4},{"damage":0,"enemies":"Cultist","floor":3,"turns":4},{"damage":23,"enemies":"3 Louse","floor":4,"turns":3},{"damage":0,"enemies":"Exordium Thugs","floor":5,"turns":10},{"damage":22,"enemies":"3 Sentries","floor":6,"turns":6},{"damage":52,"enemies":"Gremlin Nob","floor":11,"turns":5}],"seed_played":"3199973223857263488","potions_obtained":[{"floor":1,"key":"EssenceOfSteel"},{"floor":2,"key":"EntropicBrew"},{"floor":5,"key":"Regen Potion"}],"is_trial":false,"path_per_floor":["M","M","M","M","M","E","R","?","T","R","E"],"character_chosen":"THE_SILENT","items_purchased":[],"campfire_rested":1,"item_purchase_floors":[],"current_hp_per_floor":[57,52,52,29,29,22,22,22,22,43,0],"gold":284,"neow_bonus":"TEN_PERCENT_HP_BONUS","is_prod":false,"is_daily":false,"chose_seed":false,"campfire_upgraded":1,"win_rate":0,"timestamp":1551257522,"path_taken":["M","M","M","M","M","E","R","?","T","R","E"],"build_version":"2019-01-23","purchased_purges":0,"victory":false,"max_hp_per_floor":[72,72,72,72,72,72,72,72,72,72,72],"card_choices":[{"not_picked":["Underhanded Strike","Blade Dance"],"picked":"Footwork","floor":1},{"not_picked":["Dodge and Roll","Dagger Spray"],"picked":"Corpse Explosion","floor":2},{"not_picked":["Blade Dance","Backflip"],"picked":"Dodge and Roll","floor":3},{"not_picked":["Setup","PiercingWail"],"picked":"Backflip","floor":4},{"not_picked":["Predator","Riddle With Holes"],"picked":"Terror","floor":5},{"not_picked":["Underhanded Strike","Sucker Punch"],"picked":"Dash","floor":6}],"player_experience":526274,"relics_obtained":[{"floor":6,"key":"Boot"},{"floor":9,"key":"Ice Cream"}],"event_choices":[{"damage_healed":0,"gold_gain":70,"player_choice":"Gained Gold","damage_taken":0,"max_hp_gain":0,"max_hp_loss":0,"event_name":"Golden Wing","floor":8,"gold_loss":0}],"is_beta":false,"boss_relics":[],"items_purged_floors":[],"is_endless":false,"potions_floor_spawned":[1,2,5],"killed_by":"Gremlin Nob","ascension_level":18}