{"gold_per_floor":[117,132,151,166,166,166,197,215,240,415,415,433,452,465,465,563,563,574,602,602,590,590,590,38,56,110,110,13,13,75,126,126,231,231,245,264,264,283,283],"floor_reached":39,"playtime":2028,"items_purged":["Strike_B"],"score":428,"play_id":"3ee98559-89b4-4a6c-b7ff-63267cc8d22d","local_time":"20190317230916","is_ascension_mode":false,"campfire_choices":[{"data":"Redo","floor":6,"key":"SMITH"},{"data":"Conserve Battery","floor":11,"key":"SMITH"},{"floor":15,"key":"REST"},{"data":"Chaos","floor":23,"key":"SMITH"},{"data":"Apotheosis","floor":27,"key":"SMITH"},{"floor":29,"key":"REST"},{"data":"Defragment","floor":32,"key":"SMITH"}],"neow_cost":"NONE","seed_source_timestamp":1929825625839080,"circlet_count":0,"master_deck":["Defend_B","Defend_B","Defend_B","Defend_B","Zap+1","Dualcast","Steam","Redo+1","Chill","Turbo","Conserve Battery+1","Steam","Doubt","Melter","Conserve Battery","Coolheaded","Thunder Strike","Conserve Battery","Chaos+1","Aggregate","Consume","White Noise+1","Panacea","Apotheosis+1","Recycle","Leap","Defragment+1","Go for the Eyes","Multi-Cast","Rebound+1","Defragment","Madness","Madness","Parasite"],"relics":["Cracked Core","Symbiotic Virus","Orichalcum","Sozu","Red Mask","Runic Capacitor","Lantern","Tiny Chest","Busted Crown"],"potions_floor_usage":[4,16,16,19],"damage_taken":[{"damage":1,"enemies":"Cultist","floor":1,"turns":3},{"damage":0,"enemies":"Small Slimes","floor":2,"turns":3},{"damage":0,"enemies":"Jaw Worm","floor":3,"turns":2},{"damage":0,"enemies":"2 Fungi Beasts","floor":4,"turns":2},{"damage":50,"enemies":"Gremlin Nob","floor":7,"turns":6},{"damage":4,"enemies":"Blue Slaver","floor":8,"turns":3},{"damage":3,"enemies":"Looter","floor":12,"turns":3},{"damage":0,"enemies":"3 Louse","floor":13,"turns":4},{"damage":0,"enemies":"Red Slaver","floor":14,"turns":2},{"damage":12,"enemies":"The Guardian","floor":16,"turns":13},{"damage":5,"enemies":"Shell Parasite","floor":18,"turns":5},{"damage":22,"enemies":"Masked Bandits","floor":19,"turns":7},{"damage":8,"enemies":"2 Thieves","floor":21,"turns":4},{"damage":7,"enemies":"Centurion and Healer","floor":25,"turns":7},{"damage":18,"enemies":"Slavers","floor":30,"turns":13},{"damage":6,"enemies":"Champ","floor":33,"turns":12},{"damage":16,"enemies":"3 Darklings","floor":35,"turns":9},{"damage":0,"enemies":"3 Shapes","floor":36,"turns":6},{"damage":31,"enemies":"Writhing Mass","floor":38,"turns":10},{"damage":22,"enemies":"Jaw Worm Horde","floor":39,"turns":3}],"seed_played":"8509878979018835393","potions_obtained":[{"floor":2,"key":"Fire Potion"},{"floor":7,"key":"Dexterity Potion"},{"floor":13,"key":"Ancient Potion"},{"floor":14,"key":"Fire Potion"}],"is_trial":false,"path_per_floor":["M","M","M","M","?","R","E","M","T","?","R","M","M","M","R","B",null,"M","?","?","M","?","R","$","M","T","R","$","R","E","T","R","B",null,"M","M","?","M","M"],"character_chosen":"DEFECT","items_purchased":["Runic Capacitor","Panacea","Apotheosis","Leap","Defragment"],"campfire_rested":2,"item_purchase_floors":[24,24,24,28,28],"current_hp_per_floor":[74,74,74,74,67,67,17,13,13,13,13,10,10,10,32,20,75,70,48,48,40,40,40,40,33,33,33,33,55,37,37,37,31,75,59,59,50,19,0],"gold":283,"neow_bonus":"UPGRADE_CARD","is_prod":false,"is_daily":false,"chose_seed":false,"campfire_upgraded":5,"win_rate":0,"timestamp":1552835356,"path_taken":["M","M","?","M","?","R","E","M","T","?","R","M","?","M","R","BOSS","M","?","?","M","?","R","$","M","T","R","$","R","E","?","R","BOSS","M","M","?","M","M"],"build_version":"2019-01-23","purchased_purges":1,"victory":false,"max_hp_per_floor":[75,75,75,75,75,75,75,75,75,75,75,75,75,75,75,75,75,75,75,75,75,75,75,75,75,75,75,75,75,75,75,75,75,75,75,75,75,75,75],"card_choices":[{"not_picked":["FTL","Gash"],"picked":"Steam","floor":1},{"not_picked":["Sweeping Beam","Turbo"],"picked":"Redo","floor":2},{"not_picked":["Redo","Glacier"],"picked":"Chill","floor":3},{"not_picked":["Undo","Steam"],"picked":"Turbo","floor":4},{"not_picked":["Streamline","Leap"],"picked":"Conserve Battery","floor":7},{"not_picked":["Force Field","Sweeping Beam"],"picked":"Steam","floor":8},{"not_picked":["Sunder","Electrodynamics"],"picked":"Melter","floor":12},{"not_picked":["Hologram","Recycle"],"picked":"Conserve Battery","floor":13},{"not_picked":["Fusion","Sweeping Beam"],"picked":"Coolheaded","floor":14},{"not_picked":["Fission","Meteor Strike"],"picked":"Thunder Strike","floor":16},{"not_picked":["Turbo+1","Beam Cell"],"picked":"Conserve Battery","floor":18},{"not_picked":["Gash","Steam"],"picked":"Chaos","floor":19},{"not_picked":["Coolheaded+1","Fusion"],"picked":"White Noise+1","floor":21},{"not_picked":["Scrape","Doom and Gloom"],"picked":"Recycle","floor":25},{"not_picked":["Cold Snap","Hyperbeam"],"picked":"Go for the Eyes","floor":30},{"not_picked":["Creative AI","Seek"],"picked":"Multi-Cast","floor":33},{"not_picked":[],"picked":"Rebound+1","floor":35},{"not_picked":[],"picked":"Defragment","floor":36},{"not_picked":["Blizzard"],"picked":"SKIP","floor":38}],"player_experience":866056,"relics_obtained":[{"floor":7,"key":"Symbiotic Virus"},{"floor":9,"key":"Orichalcum"},{"floor":19,"key":"Red Mask"},{"floor":26,"key":"Lantern"},{"floor":30,"key":"Tiny Chest"}],"event_choices":[{"cards_removed":["Strike_B"],"damage_healed":0,"gold_gain":0,"player_choice":"Card Removal","damage_taken":7,"max_hp_gain":0,"max_hp_loss":0,"event_name":"Golden Wing","floor":5,"gold_loss":0},{"damage_healed":0,"gold_gain":175,"player_choice":"AGREE","damage_taken":0,"max_hp_gain":0,"max_hp_loss":0,"event_name":"Liars Game","floor":10,"gold_loss":0,"cards_obtained":["Doubt"]},{"damage_healed":0,"gold_gain":0,"player_choice":"Fought Bandits","damage_taken":0,"max_hp_gain":0,"max_hp_loss":0,"event_name":"Masked Bandits","floor":19,"gold_loss":0},{"damage_healed":0,"gold_gain":0,"cards_transformed":["Strike_B","Strike_B"],"player_choice":"Became Test Subject","damage_taken":0,"max_hp_gain":0,"max_hp_loss":0,"event_name":"Drug Dealer","floor":20,"gold_loss":0,"cards_obtained":["Aggregate","Consume"]},{"damage_healed":0,"gold_gain":0,"player_choice":"Ignored","damage_taken":0,"max_hp_gain":0,"max_hp_loss":0,"event_name":"Ghosts","floor":22,"gold_loss":0},{"damage_healed":0,"gold_gain":0,"player_choice":"Embrace Madness","damage_taken":9,"max_hp_gain":0,"max_hp_loss":0,"event_name":"Winding Halls","floor":37,"gold_loss":0,"cards_obtained":["Madness","Madness"]}],"is_beta":false,"boss_relics":[{"not_picked":["Pandora\u0027s Box","Runic Dome"],"picked":"Sozu"},{"not_picked":["Black Star","White Beast Statue"],"picked":"Busted Crown"}],"items_purged_floors":[24],"is_endless":false,"potions_floor_spawned":[2,7,13,14,25,30,33,35],"killed_by":"Jaw Worm Horde","ascension_level":0}