{"gold_per_floor":[110,136,155,167,185,185,215,215,289,307,322,322,336,106,106,106],"floor_reached":16,"playtime":476,"items_purged":["Strike_R"],"score":104,"play_id":"59cfc15b-2b14-412f-8d42-7d937b63fce0","local_time":"20190419105719","is_ascension_mode":false,"campfire_choices":[{"data":"Bash","floor":6,"key":"SMITH"},{"floor":8,"key":"REST"},{"floor":15,"key":"REST"}],"neow_cost":"TEN_PERCENT_HP_LOSS","seed_source_timestamp":665599031849500,"circlet_count":0,"master_deck":["Strike_R","Strike_R","Strike_R","Defend_R","Defend_R","Defend_R","Bash+1","Corruption","Thunderclap"],"relics":["Burning Blood","Happy Flower","FossilizedHelix","Sundial","Blood Vial"],"potions_floor_usage":[7,7,16],"damage_taken":[{"damage":6,"enemies":"Cultist","floor":1,"turns":3},{"damage":3,"enemies":"Small Slimes","floor":3,"turns":4},{"damage":4,"enemies":"2 Louse","floor":4,"turns":3},{"damage":37,"enemies":"Exordium Thugs","floor":5,"turns":6},{"damage":39,"enemies":"Lagavulin","floor":7,"turns":6},{"damage":12,"enemies":"Blue Slaver","floor":10,"turns":4},{"damage":0,"enemies":"2 Fungi Beasts","floor":11,"turns":4},{"damage":0,"enemies":"Large Slime","floor":13,"turns":5},{"damage":48,"enemies":"Slime Boss","floor":16,"turns":12}],"seed_played":"-4660168081028011898","potions_obtained":[{"floor":3,"key":"Poison Potion"},{"floor":4,"key":"GamblersBrew"},{"floor":5,"key":"FearPotion"},{"floor":11,"key":"Swift Potion"}],"is_trial":false,"path_per_floor":["M","T","M","M","M","R","E","R","T","M","M","$","M","$","R","B"],"character_chosen":"IRONCLAD","items_purchased":["Blood Vial"],"campfire_rested":2,"item_purchase_floors":[14],"current_hp_per_floor":[72,72,72,72,41,41,8,29,29,23,29,29,35,35,56,10],"gold":106,"neow_bonus":"REMOVE_TWO","is_prod":false,"is_daily":false,"chose_seed":false,"campfire_upgraded":1,"win_rate":0,"timestamp":1555664239,"path_taken":["M","?","M","M","?","R","E","R","T","M","M","$","M","$","R","BOSS"],"build_version":"2019-01-23","purchased_purges":1,"victory":false,"max_hp_per_floor":[72,72,72,72,72,72,72,72,72,72,72,72,72,72,72,72],"card_choices":[{"not_picked":["Iron Wave","True Grit","Seeing Red"],"picked":"SKIP","floor":1},{"not_picked":["Metallicize","Rampage","Havoc"],"picked":"SKIP","floor":3},{"not_picked":["Power Through","True Grit","Warcry"],"picked":"SKIP","floor":4},{"not_picked":["Sentinel","Bloodletting","Warcry"],"picked":"SKIP","floor":5},{"not_picked":["Rupture","Exhume"],"picked":"Corruption","floor":7},{"not_picked":["Body Slam","Heavy Blade","Pommel Strike"],"picked":"SKIP","floor":10},{"not_picked":["Metallicize","Iron Wave","Wild Strike"],"picked":"SKIP","floor":11},{"not_picked":["Barricade","Infernal Blade"],"picked":"Thunderclap","floor":13}],"player_experience":612284,"relics_obtained":[{"floor":2,"key":"Happy Flower"},{"floor":7,"key":"FossilizedHelix"},{"floor":9,"key":"Sundial"}],"event_choices":[],"is_beta":false,"boss_relics":[],"items_purged_floors":[14],"is_endless":false,"potions_floor_spawned":[3,4,5,11],"killed_by":"Slime Boss","ascension_level":0}