{"gold_per_floor":[112,125,141,101,117,151,151,151,176,176,196,196,196,214,214,317,317,329,349,117,17,17,50,50,50,50,50,50,50],"floor_reached":29,"playtime":2083,"items_purged":["Defend_B","Strike_B"],"score":326,"play_id":"5a4517b1-bd7d-4e5c-b46d-f8a6ec65df9d","local_time":"20190321135645","is_ascension_mode":true,"campfire_choices":[{"floor":8.0,"key":"REST"},{"data":"Conserve Battery","floor":10.0,"key":"SMITH"},{"floor":15.0,"key":"REST"},{"floor":24.0,"key":"REST"}],"neow_cost":"NONE","seed_source_timestamp":211977459141356,"circlet_count":0,"master_deck":["Strike_B","Strike_B","Strike_B+1","Defend_B","Defend_B+1","Defend_B","Zap","Dualcast","Barrage","Conserve Battery+1","Ball Lightning","Coolheaded","Cold Snap","Echo Form","Conserve Battery+1","Ghostly","Ghostly","Ghostly","Ghostly","Ghostly","Rainbow"],"special_seed":0,"relics":["Cracked Core","NeowsBlessing","Bag of Preparation","Ancient Tea Set","Boot","Gambling Chip","Nuclear Battery","Strawberry","Question Card","Darkstone Periapt","Blood Vial"],"potions_floor_usage":[],"damage_taken":[{"damage":0.0,"enemies":"2 Louse","floor":1.0,"turns":1.0},{"damage":0.0,"enemies":"Cultist","floor":2.0,"turns":1.0},{"damage":0.0,"enemies":"Jaw Worm","floor":3.0,"turns":1.0},{"damage":1.0,"enemies":"Large Slime","floor":5.0,"turns":6.0},{"damage":23.0,"enemies":"3 Sentries","floor":6.0,"turns":6.0},{"damage":7.0,"enemies":"Lots of Slimes","floor":11.0,"turns":3.0},{"damage":0.0,"enemies":"2 Fungi Beasts","floor":14.0,"turns":3.0},{"damage":25.0,"enemies":"The Guardian","floor":16.0,"turns":12.0},{"damage":3.0,"enemies":"Chosen","floor":18.0,"turns":4.0},{"damage":0.0,"enemies":"3 Byrds","floor":19.0,"turns":3.0},{"damage":42.0,"enemies":"Book of Stabbing","floor":23.0,"turns":8.0},{"damage":12,"enemies":"Gremlin Leader","floor":29,"turns":8}],"seed_played":"-1281509587505861965","potions_obtained":[{"floor":4.0,"key":"Ancient Potion"},{"floor":4.0,"key":"EssenceOfSteel"},{"floor":4.0,"key":"Fruit Juice"},{"floor":5.0,"key":"EntropicBrew"},{"floor":11.0,"key":"LiquidBronze"},{"floor":16.0,"key":"SkillPotion"}],"is_trial":false,"path_per_floor":["M","M","M","?","M","E","?","R","T","R","M","?","?","M","R","B",null,"M","M","$","$","?","E","R","?","T","?","T","E"],"character_chosen":"DEFECT","items_purchased":["Strawberry"],"campfire_rested":3,"item_purchase_floors":[20],"current_hp_per_floor":[75,75,75,80,79,56,49,73,73,73,66,50,50,50,74,49,72,69,69,76,76,43,1,13,7,7,7,7,0],"gold":50,"neow_bonus":"THREE_ENEMY_KILL","is_prod":false,"is_daily":false,"chose_seed":false,"campfire_upgraded":1,"win_rate":0,"timestamp":1553194605,"path_taken":["M","M","M","?","?","E","?","R","T","R","M","?","?","M","R","BOSS","M","M","?","$","?","E","R","?","T","?","?","E"],"build_version":"2019-01-23","purchased_purges":2,"victory":false,"max_hp_per_floor":[75,75,75,80,80,80,80,80,80,80,80,80,80,80,80,80,80,80,80,87,87,43,43,43,48,48,48,48,48],"card_choices":[{"not_picked":["Redo","Doom and Gloom"],"picked":"Barrage","floor":1.0},{"not_picked":["Streamline","Tempest"],"picked":"Conserve Battery","floor":2.0},{"not_picked":["Go for the Eyes","Undo"],"picked":"Ball Lightning","floor":3.0},{"not_picked":["Gash","Fusion","Compile Driver"],"picked":"SKIP","floor":5.0},{"not_picked":["Gash","Fusion","Compile Driver"],"picked":"SKIP","floor":5.0},{"not_picked":["Steam","Meteor Strike"],"picked":"Coolheaded","floor":6.0},{"not_picked":["Hello World","Gash"],"picked":"Cold Snap","floor":11.0},{"not_picked":["Fusion","Sunder","Stack"],"picked":"SKIP","floor":14.0},{"not_picked":["Biased Cognition","Meteor Strike"],"picked":"Echo Form","floor":16.0},{"not_picked":["Hello World","Turbo"],"picked":"Conserve Battery+1","floor":18.0},{"not_picked":["Sweeping Beam","Fusion","Amplify"],"picked":"SKIP","floor":19.0},{"not_picked":["Streamline","Go for the Eyes+1"],"picked":"Rainbow","floor":23.0}],"player_experience":326458,"relics_obtained":[{"floor":6.0,"key":"Bag of Preparation"},{"floor":9.0,"key":"Boot"},{"floor":23.0,"key":"Question Card"},{"floor":26.0,"key":"Darkstone Periapt"},{"floor":28.0,"key":"Blood Vial"}],"event_choices":[{"damage_healed":0.0,"max_hp_gain":0.0,"max_hp_loss":0.0,"gold_gain":0.0,"event_name":"The Woman in Blue","player_choice":"Bought 3 Potions","floor":4.0,"gold_loss":0.0,"damage_taken":0.0},{"damage_healed":0.0,"max_hp_gain":0.0,"max_hp_loss":0.0,"gold_gain":0.0,"event_name":"Scrap Ooze","player_choice":"Success","floor":7.0,"gold_loss":0.0,"damage_taken":7.0,"relics_obtained":["Ancient Tea Set"]},{"damage_healed":0.0,"max_hp_gain":0.0,"max_hp_loss":0.0,"gold_gain":0.0,"event_name":"Shining Light","player_choice":"Entered Light","floor":12.0,"gold_loss":0.0,"damage_taken":16.0,"cards_upgraded":["Strike_B","Defend_B"]},{"damage_healed":0.0,"max_hp_gain":0.0,"max_hp_loss":0.0,"gold_gain":0.0,"event_name":"WeMeetAgain","player_choice":"Gave Potion","floor":13.0,"gold_loss":0.0,"damage_taken":0.0,"relics_obtained":["Gambling Chip"]},{"damage_healed":0.0,"max_hp_gain":0.0,"max_hp_loss":44.0,"gold_gain":0.0,"event_name":"Ghosts","player_choice":"Became a Ghost","floor":22.0,"gold_loss":0.0,"damage_taken":0.0,"cards_obtained":["Ghostly","Ghostly","Ghostly","Ghostly","Ghostly"]},{"damage_healed":0.0,"max_hp_gain":5.0,"max_hp_loss":0.0,"gold_gain":0.0,"event_name":"Forgotten Altar","player_choice":"Shed Blood","floor":25.0,"gold_loss":0.0,"damage_taken":11.0},{"damage_healed":0.0,"max_hp_gain":0.0,"max_hp_loss":0.0,"gold_gain":0.0,"event_name":"Beggar","player_choice":"Ignored","floor":27.0,"gold_loss":0.0,"damage_taken":0.0}],"is_beta":false,"boss_relics":[{"not_picked":["Fusion Hammer","Busted Crown"],"picked":"Nuclear Battery"}],"items_purged_floors":[20,21],"is_endless":false,"potions_floor_spawned":[5,6,11,16,18],"killed_by":"Gremlin Leader","ascension_level":5}