{"gold_per_floor":[210,230,242,3,278,278,36,10,33,68,78,78,95,114,114,210,210],"floor_reached":17,"playtime":837,"items_purged":["Regret"],"score":157,"play_id":"8b0411d3-5e63-48f8-aadb-65bb3c8240ab","local_time":"20190411213417","is_ascension_mode":false,"campfire_choices":[{"data":"Neutralize","floor":6,"key":"SMITH"},{"data":"Calculated Gamble","floor":12,"key":"SMITH"},{"data":"Burst","floor":15,"key":"SMITH"}],"neow_cost":"NONE","seed_source_timestamp":185156053337222,"circlet_count":0,"master_deck":["Defend_G","Defend_G","Defend_G","Defend_G","Defend_G","Strike_G","Strike_G","Strike_G","Strike_G","Strike_G","Survivor","Neutralize+1","Sucker Punch","Dodge and Roll","Calculated Gamble+1","Masterful Stab","Bane","Backflip","Bane","Underhanded Strike","All Out Attack","Burst+1","Die Die Die"],"relics":["Ring of the Snake","TheAbacus","Anchor","Oddly Smooth Stone","Regal Pillow","Coffee Dripper"],"potions_floor_usage":[],"damage_taken":[{"damage":4,"enemies":"Jaw Worm","floor":1,"turns":5},{"damage":0,"enemies":"Cultist","floor":2,"turns":4},{"damage":1,"enemies":"2 Louse","floor":3,"turns":3},{"damage":19,"enemies":"Lagavulin","floor":10,"turns":13},{"damage":0,"enemies":"Red Slaver","floor":11,"turns":3},{"damage":0,"enemies":"2 Fungi Beasts","floor":13,"turns":3},{"damage":0,"enemies":"Exordium Wildlife","floor":14,"turns":4},{"damage":39,"enemies":"The Guardian","floor":16,"turns":22}],"seed_played":"8775943554842299272","potions_obtained":[{"floor":2,"key":"Explosive Potion"},{"floor":11,"key":"Fire Potion"},{"floor":13,"key":"AttackPotion"}],"is_trial":false,"path_per_floor":["M","M","M","$","?","R","$","$","T","E","M","R","M","M","R","B",null],"character_chosen":"THE_SILENT","items_purchased":["TheAbacus","Masterful Stab","Anchor","Bane","Backflip"],"campfire_rested":0,"item_purchase_floors":[4,4,7,7,8],"current_hp_per_floor":[66,66,65,65,65,65,65,65,65,46,46,46,46,46,46,7,70],"gold":210,"neow_bonus":"HUNDRED_GOLD","is_prod":false,"is_daily":false,"chose_seed":false,"campfire_upgraded":3,"win_rate":0,"timestamp":1554989657,"path_taken":["M","M","M","$","?","R","?","$","T","E","M","R","?","M","R","BOSS"],"build_version":"2019-01-23","purchased_purges":1,"victory":false,"max_hp_per_floor":[70,70,70,70,70,70,70,70,70,70,70,70,70,70,70,70,70],"card_choices":[{"not_picked":["Outmaneuver","Finisher"],"picked":"Sucker Punch","floor":1},{"not_picked":["Choke","Acrobatics"],"picked":"Dodge and Roll","floor":2},{"not_picked":["Dagger Throw","Blade Dance"],"picked":"Calculated Gamble","floor":3},{"not_picked":["Wraith Form v2","Endless Agony"],"picked":"Bane","floor":10},{"not_picked":["Cloak And Dagger","Deflect"],"picked":"Underhanded Strike","floor":11},{"not_picked":["Deflect","Blade Dance"],"picked":"All Out Attack","floor":13},{"not_picked":["Backflip","Flying Knee"],"picked":"Burst","floor":14},{"not_picked":["Phantasmal Killer","Envenom"],"picked":"Die Die Die","floor":16}],"player_experience":964039,"relics_obtained":[{"floor":9,"key":"Oddly Smooth Stone"},{"floor":10,"key":"Regal Pillow"}],"event_choices":[{"damage_healed":0,"gold_gain":275,"player_choice":"Desecrate","damage_taken":0,"max_hp_gain":0,"max_hp_loss":0,"event_name":"Golden Shrine","floor":5,"gold_loss":0,"cards_obtained":["Regret"]}],"is_beta":false,"boss_relics":[{"not_picked":["Philosopher\u0027s Stone","Eternal Feather"],"picked":"Coffee Dripper"}],"items_purged_floors":[7],"is_endless":false,"potions_floor_spawned":[2,11,13,14],"ascension_level":0}