{"gold_per_floor":[111,121,134,154,173,173,203,235,303,319,394,394,17,65,77,186,198,224,216,245,273,295,307,319,331,343,389,401,432,444,474,486,498],"floor_reached":33,"playtime":3702,"items_purged":["Strike_R"],"score":329,"play_id":"089b7856-9072-49d9-b54e-89a5f464dc0a","local_time":"20190205195151","is_ascension_mode":false,"campfire_choices":[{"floor":6,"key":"REST"},{"floor":12,"key":"REST"},{"floor":15,"key":"REST"},{"floor":23,"key":"REST"},{"floor":28,"key":"REST"},{"floor":32,"key":"REST"}],"neow_cost":"NONE","seed_source_timestamp":161213789369230,"circlet_count":0,"master_deck":["Strike_R","Strike_R","Strike_R","Strike_R","Defend_R","Defend_R","Defend_R","Bash","Hemokinesis","Perfected Strike","Perfected Strike","Cleave","Corruption","Brutality","Shrug It Off","Mayhem","Ghostly Armor","Feel No Pain","Dark Embrace","Inflame","Battle Trance","Shrug It Off","Pommel Strike","Wild Strike","Power Through","Shrug It Off+1","Sever Soul+1","Rage","Sword Boomerang","Ghostly","Ghostly","Ghostly","Ghostly","Ghostly","Power Through","Havoc+1","Reaper"],"relics":["White Beast Statue","WingedGreaves","Smiling Mask","Mercury Hourglass","MawBank","Orrery","Letter Opener","Gambling Chip","Anchor"],"potions_floor_usage":[3,4,4,5,7,8,16,16,20,20,21,22,27,29],"damage_taken":[{"damage":2,"enemies":"Small Slimes","floor":1,"turns":4},{"damage":4,"enemies":"Cultist","floor":2,"turns":3},{"damage":6,"enemies":"Jaw Worm","floor":3,"turns":2},{"damage":14,"enemies":"Large Slime","floor":4,"turns":3},{"damage":16,"enemies":"Red Slaver","floor":5,"turns":2},{"damage":20,"enemies":"3 Sentries","floor":7,"turns":6},{"damage":17,"enemies":"Gremlin Nob","floor":8,"turns":3},{"damage":19,"enemies":"Blue Slaver","floor":10,"turns":3},{"damage":26,"enemies":"Slime Boss","floor":16,"turns":9},{"damage":16,"enemies":"Spheric Guardian","floor":18,"turns":4},{"damage":6,"enemies":"Chosen","floor":20,"turns":5},{"damage":2,"enemies":"Snecko","floor":21,"turns":5},{"damage":46,"enemies":"Sentry and Sphere","floor":22,"turns":6},{"damage":18,"enemies":"Book of Stabbing","floor":27,"turns":7},{"damage":16,"enemies":"Centurion and Healer","floor":29,"turns":6},{"damage":8,"enemies":"Cultist and Chosen","floor":31,"turns":6},{"damage":78,"enemies":"Champ","floor":33,"turns":12}],"seed_played":"745772912096093143","potions_obtained":[{"floor":1,"key":"Poison Potion"},{"floor":2,"key":"Energy Potion"},{"floor":3,"key":"BloodPotion"},{"floor":4,"key":"Poison Potion"},{"floor":5,"key":"SteroidPotion"},{"floor":7,"key":"PowerPotion"},{"floor":8,"key":"Weak Potion"},{"floor":10,"key":"SteroidPotion"},{"floor":16,"key":"BloodPotion"},{"floor":18,"key":"Energy Potion"},{"floor":19,"key":"SpeedPotion"},{"floor":20,"key":"SneckoOil"},{"floor":21,"key":"Strength Potion"},{"floor":22,"key":"SpeedPotion"},{"floor":27,"key":"Energy Potion"},{"floor":29,"key":"FairyPotion"},{"floor":31,"key":"GamblersBrew"}],"is_trial":false,"path_per_floor":["M","M","M","M","M","R","E","E","T","M","?","R","$","T","R","B",null,"M","?","M","M","M","R","?","?","T","E","R","M","?","M","R","B"],"character_chosen":"IRONCLAD","items_purchased":["Mayhem","Ghostly Armor","Feel No Pain"],"campfire_rested":6,"item_purchase_floors":[13,13,13],"current_hp_per_floor":[78,74,68,62,46,70,50,33,33,14,6,30,30,30,54,28,80,64,64,58,64,18,42,42,40,40,22,34,18,18,10,22,0],"gold":498,"neow_bonus":"BOSS_RELIC","is_prod":false,"is_daily":false,"chose_seed":false,"campfire_upgraded":0,"win_rate":0.0,"timestamp":1549417911,"path_taken":["M","M","M","M","M","R","E","E","T","M","?","R","?","?","R","BOSS","M","?","M","?","M","R","?","?","T","E","R","M","?","M","R","BOSS"],"build_version":"2019-01-23","purchased_purges":1,"victory":false,"max_hp_per_floor":[80,80,80,80,80,80,80,80,80,80,80,80,80,80,80,80,80,80,80,80,80,80,80,80,40,40,40,40,40,40,40,40,40],"card_choices":[{"not_picked":["Armaments","Heavy Blade"],"picked":"Hemokinesis","floor":1},{"not_picked":["Sentinel","Body Slam"],"picked":"Perfected Strike","floor":2},{"not_picked":["Cleave","Searing Blow"],"picked":"Perfected Strike","floor":3},{"not_picked":["Anger","Spot Weakness"],"picked":"Cleave","floor":4},{"not_picked":["Heavy Blade","Armaments"],"picked":"Pommel Strike","floor":5},{"not_picked":["Evolve","Disarm"],"picked":"Corruption","floor":7},{"not_picked":["Sentinel","Reckless Charge"],"picked":"Brutality","floor":8},{"not_picked":["Body Slam","Headbutt"],"picked":"Shrug It Off","floor":10},{"not_picked":["Reaper","Feed"],"picked":"Dark Embrace","floor":16},{"not_picked":["Flex","Clothesline"],"picked":"Inflame","floor":17},{"not_picked":["Feel No Pain","Whirlwind"],"picked":"Battle Trance","floor":17},{"not_picked":["Thunderclap","Cleave"],"picked":"Shrug It Off","floor":17},{"not_picked":["Wild Strike","Clash"],"picked":"Pommel Strike","floor":17},{"not_picked":["Heavy Blade","Iron Wave"],"picked":"Wild Strike","floor":17},{"not_picked":["Dark Embrace","Anger+1"],"picked":"Power Through","floor":18},{"not_picked":["Anger","Battle Trance"],"picked":"Shrug It Off+1","floor":20},{"not_picked":["Flame Barrier","Combust"],"picked":"Clash+1","floor":21},{"not_picked":["Warcry+1","Searing Blow"],"picked":"Sever Soul+1","floor":22},{"not_picked":["Headbutt","Warcry+1"],"picked":"Power Through","floor":27},{"not_picked":["Dropkick","Anger+1"],"picked":"Havoc+1","floor":29},{"not_picked":["Cleave","Clothesline"],"picked":"Reaper","floor":31}],"player_experience":66261,"relics_obtained":[{"floor":7,"key":"WingedGreaves"},{"floor":8,"key":"Smiling Mask"},{"floor":9,"key":"Mercury Hourglass"},{"floor":14,"key":"MawBank"},{"floor":26,"key":"Letter Opener"},{"floor":27,"key":"Gambling Chip"}],"event_choices":[{"damage_healed":0,"gold_gain":75,"player_choice":"Touch","damage_taken":8,"max_hp_gain":0,"max_hp_loss":0,"event_name":"FaceTrader","floor":11,"gold_loss":0},{"damage_healed":0,"gold_gain":0,"player_choice":"Bought 1 Potion","damage_taken":0,"max_hp_gain":0,"max_hp_loss":0,"event_name":"The Woman in Blue","floor":19,"gold_loss":0},{"damage_healed":0,"gold_gain":0,"cards_transformed":["Clash","Defend_R"],"player_choice":"Became Test Subject","damage_taken":0,"max_hp_gain":0,"max_hp_loss":0,"event_name":"Drug Dealer","floor":24,"gold_loss":0,"cards_obtained":["Rage","Sword Boomerang"]},{"damage_healed":0,"gold_gain":0,"player_choice":"Became a Ghost","damage_taken":0,"max_hp_gain":0,"max_hp_loss":40,"event_name":"Ghosts","floor":25,"gold_loss":0,"cards_obtained":["Ghostly","Ghostly","Ghostly","Ghostly","Ghostly"]},{"cards_removed":["Pommel Strike"],"damage_healed":0,"gold_gain":0,"player_choice":"Gave Card","damage_taken":0,"relics_obtained":["Anchor"],"max_hp_gain":0,"max_hp_loss":0,"event_name":"WeMeetAgain","floor":30,"gold_loss":0}],"is_beta":false,"boss_relics":[{"not_picked":["Fusion Hammer","Lizard Tail"],"picked":"Orrery"}],"items_purged_floors":[13],"is_endless":false,"potions_floor_spawned":[1,2,3,4,5,7,8,10,16,18,20,21,22,27,29,31],"killed_by":"Champ","ascension_level":0}