{"gold_per_floor":[109,119,138,63,73,73,73,73,73,73,91,104,179,198,198,298,298,313,313,313,313,122,122,134,134,157,168,26,26,38,38,38,142,142,161,178,178],"floor_reached":37,"playtime":1079,"items_purged":["Strike_G","Defend_G"],"score":386,"play_id":"7baf3c57-8592-4c7e-9621-e3fe7d1e4ba0","local_time":"20190410183707","is_ascension_mode":false,"campfire_choices":[{"data":"Adrenaline","floor":6,"key":"SMITH"},{"data":"All Out Attack","floor":10,"key":"SMITH"},{"data":"Caltrops","floor":15,"key":"SMITH"},{"data":"Terror","floor":23,"key":"SMITH"},{"data":"Caltrops","floor":25,"key":"SMITH"},{"data":"Footwork","floor":29,"key":"SMITH"},{"floor":32,"key":"REST"}],"neow_cost":"NONE","seed_source_timestamp":471652267652200,"circlet_count":0,"master_deck":["Defend_G","Defend_G","Defend_G","Defend_G","Survivor","Neutralize","Adrenaline+1","Poisoned Stab","Backstab","Sucker Punch","All Out Attack+1","Poisoned Stab","Caltrops+1","After Image","Terror+1","Bite","Bite","Bite","Bite","Bite","Blur","Backflip","Caltrops+1","Noxious Fumes+1","Dash","Footwork+1","Glass Knife","Catalyst","Adrenaline","Deflect+1","Crippling Poison+1"],"relics":["Ring of the Snake"],"potions_floor_usage":[16,33,33],"damage_taken":[{"damage":0,"enemies":"2 Louse","floor":1,"turns":3},{"damage":1,"enemies":"Cultist","floor":2,"turns":3},{"damage":1,"enemies":"Jaw Worm","floor":3,"turns":3},{"damage":6,"enemies":"Large Slime","floor":5,"turns":4},{"damage":0,"enemies":"3 Louse","floor":11,"turns":2},{"damage":0,"enemies":"Lots of Slimes","floor":12,"turns":2},{"damage":0,"enemies":"Exordium Wildlife","floor":14,"turns":2},{"damage":5,"enemies":"Hexaghost","floor":16,"turns":9},{"damage":2,"enemies":"Shell Parasite","floor":18,"turns":6},{"damage":2,"enemies":"Chosen","floor":24,"turns":4},{"damage":21,"enemies":"Shelled Parasite and Fungi","floor":27,"turns":5},{"damage":18,"enemies":"Snake Plant","floor":30,"turns":5},{"damage":52,"enemies":"Champ","floor":33,"turns":16},{"damage":18,"enemies":"3 Darklings","floor":35,"turns":3},{"damage":21,"enemies":"Orb Walker","floor":36,"turns":4},{"damage":29,"enemies":"Transient","floor":37,"turns":4}],"seed_played":"1947683565104827935","potions_obtained":[{"floor":2,"key":"GamblersBrew"},{"floor":3,"key":"AttackPotion"},{"floor":5,"key":"SpeedPotion"},{"floor":16,"key":"GamblersBrew"},{"floor":24,"key":"Weak Potion"},{"floor":30,"key":"PowerPotion"},{"floor":33,"key":"SpeedPotion"},{"floor":35,"key":"GamblersBrew"}],"is_trial":false,"path_per_floor":["M","M","M","$","M","R","?","$","T","R","M","M","?","M","R","B",null,"M","?","?","?","$","R","M","R","T","M","$","R","M","$","R","B",null,"M","M","M"],"character_chosen":"THE_SILENT","items_purchased":["Backflip","Caltrops","Footwork","Glass Knife"],"campfire_rested":1,"item_purchase_floors":[22,22,28,28],"current_hp_per_floor":[70,69,68,68,62,62,55,55,55,55,55,55,44,44,44,39,70,68,49,49,49,49,49,49,49,49,34,34,34,24,24,38,10,49,35,18,0],"gold":178,"neow_bonus":"ONE_RANDOM_RARE_CARD","is_prod":false,"is_daily":false,"chose_seed":false,"campfire_upgraded":6,"win_rate":0,"timestamp":1554914227,"path_taken":["M","M","M","$","M","R","?","$","T","R","?","M","?","M","R","BOSS","M","?","?","?","$","R","?","R","T","M","?","R","?","$","R","BOSS","M","M","M"],"build_version":"2019-01-23","purchased_purges":2,"victory":false,"max_hp_per_floor":[70,70,70,70,70,70,70,70,70,70,70,70,70,70,70,70,70,70,49,49,49,49,49,49,49,49,49,49,49,49,49,49,49,49,49,49,49],"card_choices":[{"not_picked":["Outmaneuver","Backflip"],"picked":"Poisoned Stab","floor":1},{"not_picked":["Accuracy","Prepared"],"picked":"Backstab","floor":2},{"not_picked":["Infinite Blades","Dodge and Roll"],"picked":"Sucker Punch","floor":3},{"not_picked":["Dagger Throw","Acrobatics"],"picked":"All Out Attack","floor":5},{"not_picked":["Cloak And Dagger","Finisher"],"picked":"Poisoned Stab","floor":11},{"not_picked":["Tactician","Flying Knee"],"picked":"Caltrops","floor":12},{"not_picked":["Concentrate","Reflex","Accuracy"],"picked":"SKIP","floor":14},{"not_picked":["Malaise","Unload"],"picked":"After Image","floor":16},{"not_picked":["Dodge and Roll","Acrobatics"],"picked":"Terror","floor":18},{"not_picked":["Reflex","PiercingWail"],"picked":"Noxious Fumes+1","floor":24},{"not_picked":["Underhanded Strike","Prepared"],"picked":"Dash","floor":27},{"not_picked":["Deflect","Outmaneuver"],"picked":"Catalyst","floor":30},{"not_picked":["Glass Knife","A Thousand Cuts"],"picked":"Adrenaline","floor":33},{"not_picked":["Terror","Dodge and Roll"],"picked":"Deflect+1","floor":35},{"not_picked":["Sucker Punch+1","Dagger Spray"],"picked":"Crippling Poison+1","floor":36}],"player_experience":582890,"relics_obtained":[],"event_choices":[{"damage_healed":0,"gold_gain":0,"player_choice":"Damaged","damage_taken":7,"max_hp_gain":0,"max_hp_loss":0,"event_name":"Wheel of Change","floor":7,"gold_loss":0},{"damage_healed":0,"gold_gain":75,"player_choice":"Gather Gold","damage_taken":11,"max_hp_gain":0,"max_hp_loss":0,"event_name":"World of Goop","floor":13,"gold_loss":0},{"damage_healed":0,"gold_gain":0,"player_choice":"Became a vampire","damage_taken":0,"max_hp_gain":0,"max_hp_loss":21,"event_name":"Vampires","floor":19,"gold_loss":0,"cards_obtained":["Bite","Bite","Bite","Bite","Bite"]},{"damage_healed":0,"gold_gain":0,"player_choice":"Read","damage_taken":0,"max_hp_gain":0,"max_hp_loss":0,"event_name":"The Library","floor":20,"gold_loss":0,"cards_obtained":["Blur"]},{"damage_healed":0,"gold_gain":0,"player_choice":"Bought 0 Potions","damage_taken":0,"max_hp_gain":0,"max_hp_loss":0,"event_name":"The Woman in Blue","floor":21,"gold_loss":0}],"is_beta":false,"boss_relics":[{"not_picked":["Empty Cage","Runic Pyramid","Cursed Key"]},{"not_picked":["Empty Cage","Runic Pyramid","Cursed Key"]}],"items_purged_floors":[4,22],"is_endless":false,"potions_floor_spawned":[2,3,5,16,24,30,33,35],"killed_by":"Transient","ascension_level":0}