{"gold_per_floor":[119,131,145,145,145,145,473,473,473,532,590,618,631,641,641,641],"floor_reached":16,"playtime":718,"items_purged":[],"score":165,"play_id":"5f91d14b-8017-4d9d-b289-c4e66d14167f","local_time":"20190126195545","is_ascension_mode":true,"campfire_choices":[{"data":"Neutralize","floor":6,"key":"SMITH"},{"floor":8,"key":"REST"},{"floor":15,"key":"REST"}],"neow_cost":"NONE","seed_source_timestamp":187591238159700,"circlet_count":0,"master_deck":["AscendersBane","Defend_G+1","Defend_G","Defend_G","Defend_G","Defend_G","Strike_G","Strike_G","Strike_G","Strike_G","Strike_G","Survivor+1","Neutralize+1","Backflip","Deflect","Predator+1","PiercingWail","Skewer","Deadly Poison"],"relics":["Ring of the Snake","War Paint","Mummified Hand","Old Coin","Bronze Scales","Orichalcum","Snake Skull"],"potions_floor_usage":[7,13],"damage_taken":[{"damage":7,"enemies":"Small Slimes","floor":1,"turns":3},{"damage":2,"enemies":"2 Louse","floor":2,"turns":3},{"damage":1,"enemies":"Jaw Worm","floor":3,"turns":6},{"damage":29,"enemies":"Lagavulin","floor":7,"turns":10},{"damage":7,"enemies":"3 Sentries","floor":11,"turns":11},{"damage":13,"enemies":"3 Sentries","floor":12,"turns":8},{"damage":6,"enemies":"3 Louse","floor":13,"turns":2},{"damage":1,"enemies":"Blue Slaver","floor":14,"turns":3},{"damage":35,"enemies":"Slime Boss","floor":16,"turns":9}],"seed_played":"1022318504711787660","potions_obtained":[{"floor":1,"key":"Explosive Potion"},{"floor":12,"key":"Poison Potion"}],"is_trial":false,"path_per_floor":["M","M","M","?","?","R","E","R","T","?","?","E","M","M","R","B"],"character_chosen":"THE_SILENT","items_purchased":[],"campfire_rested":2,"item_purchase_floors":[],"current_hp_per_floor":[56,54,53,46,46,46,17,38,38,38,31,18,12,11,32,0],"gold":641,"neow_bonus":"RANDOM_COMMON_RELIC","is_prod":false,"is_daily":false,"chose_seed":false,"campfire_upgraded":1,"win_rate":0,"timestamp":1548528945,"path_taken":["M","M","M","?","?","R","E","R","T","?","?","E","M","M","R","BOSS"],"build_version":"2019-01-23","purchased_purges":0,"victory":false,"max_hp_per_floor":[70,70,70,70,70,70,70,70,70,70,70,70,70,70,70,70],"card_choices":[{"not_picked":["Blade Dance","Finisher"],"picked":"Backflip","floor":1},{"not_picked":["Caltrops","Blade Dance"],"picked":"Deflect","floor":2},{"not_picked":["Dagger Throw","Backflip"],"picked":"Predator","floor":3},{"not_picked":["Backflip","Dagger Throw"],"picked":"PiercingWail","floor":7},{"not_picked":["Sucker Punch","Accuracy"],"picked":"Skewer","floor":11},{"not_picked":["Expertise","Eviscerate","Backflip"],"picked":"SKIP","floor":12},{"not_picked":["Outmaneuver","Prepared","Finisher"],"picked":"SKIP","floor":13},{"not_picked":["Cloak And Dagger","Malaise"],"picked":"Deadly Poison","floor":14}],"player_experience":389230,"relics_obtained":[{"floor":7,"key":"Old Coin"},{"floor":9,"key":"Bronze Scales"},{"floor":12,"key":"Snake Skull"}],"event_choices":[{"damage_healed":0,"gold_gain":0,"player_choice":"Success","damage_taken":7,"relics_obtained":["Mummified Hand"],"max_hp_gain":0,"max_hp_loss":0,"event_name":"Scrap Ooze","floor":4,"gold_loss":0},{"damage_healed":0,"gold_gain":0,"player_choice":"Grow","damage_taken":0,"max_hp_gain":0,"max_hp_loss":0,"event_name":"Living Wall","floor":5,"gold_loss":0,"cards_upgraded":["Predator"]},{"damage_healed":0,"gold_gain":59,"player_choice":"Gained Gold","damage_taken":0,"max_hp_gain":0,"max_hp_loss":0,"event_name":"Golden Wing","floor":10,"gold_loss":0},{"damage_healed":0,"gold_gain":0,"player_choice":"Searched \u00272\u0027 times","damage_taken":0,"relics_obtained":["Orichalcum"],"max_hp_gain":0,"max_hp_loss":0,"event_name":"Dead Adventurer","floor":11,"gold_loss":0}],"is_beta":false,"boss_relics":[],"items_purged_floors":[],"is_endless":false,"potions_floor_spawned":[1,12],"killed_by":"Slime Boss","ascension_level":10}