{"gold_per_floor":[112,124,124,144,160,160,85,85,108,108,108,125,135,146,146,251,251,268,268,288,306,183,183,183,105,131,131,144,160,170,185,185,281,281,291,301,219,236,253,253,253,89,89,20,20,39,49,49,49,49],"floor_reached":50,"playtime":2852,"items_purged":["Strike_B"],"score":490,"play_id":"9220c53d-6c2f-492a-a29c-f53f8fa81f38","local_time":"20190415222219","is_ascension_mode":false,"campfire_choices":[{"data":"Sunder","floor":6,"key":"SMITH"},{"data":"Hologram","floor":8,"key":"SMITH"},{"data":"Dualcast","floor":11,"key":"SMITH"},{"data":"Genetic Algorithm","floor":15,"key":"SMITH"},{"data":"Defragment","floor":23,"key":"SMITH"},{"data":"Go for the Eyes","floor":27,"key":"SMITH"},{"floor":32,"key":"REST"},{"floor":40,"key":"REST"},{"data":"Echo Form","floor":45,"key":"SMITH"},{"data":"Capacitor","floor":49,"key":"SMITH"}],"neow_cost":"NONE","seed_source_timestamp":219792061306489,"circlet_count":0,"master_deck":["Strike_B+1","Defend_B+1","Defend_B+1","Defend_B+1","Defend_B+1","Zap+1","Dualcast+1","Gash","Rebound","Sunder+1","Hologram+1","Genetic Algorithm+1","Scrape+1","Steam","Amplify","Gash","Gash","Go for the Eyes+1","Defragment+1","Sweeping Beam","Chill","Beam Cell","Undo+1","Machine Learning","Darkness+1","Echo Form+1","Streamline+1","Forethought","Lockon+1","Glacier+1","Seek","Panacea","Self Repair","Gash","Capacitor+1","Doubt"],"relics":["FrozenCore"],"potions_floor_usage":[5,29,30,33,33,33],"damage_taken":[{"damage":3,"enemies":"Small Slimes","floor":1,"turns":3},{"damage":0,"enemies":"Cultist","floor":2,"turns":3},{"damage":1,"enemies":"Jaw Worm","floor":4,"turns":3},{"damage":2,"enemies":"Exordium Thugs","floor":5,"turns":4},{"damage":10,"enemies":"Looter","floor":12,"turns":2},{"damage":1,"enemies":"Exordium Wildlife","floor":13,"turns":3},{"damage":1,"enemies":"2 Fungi Beasts","floor":14,"turns":3},{"damage":27,"enemies":"The Guardian","floor":16,"turns":8},{"damage":0,"enemies":"Spheric Guardian","floor":18,"turns":3},{"damage":0,"enemies":"3 Byrds","floor":20,"turns":5},{"damage":19,"enemies":"Cultist and Chosen","floor":21,"turns":7},{"damage":12,"enemies":"Centurion and Healer","floor":28,"turns":7},{"damage":4,"enemies":"Snecko","floor":29,"turns":4},{"damage":4,"enemies":"Chosen and Byrds","floor":30,"turns":5},{"damage":23,"enemies":"Centurion and Healer","floor":31,"turns":6},{"damage":34,"enemies":"Automaton","floor":33,"turns":9},{"damage":8,"enemies":"3 Darklings","floor":35,"turns":7},{"damage":6,"enemies":"3 Shapes","floor":36,"turns":8},{"damage":18,"enemies":"3 Darklings","floor":38,"turns":7},{"damage":28,"enemies":"Spire Growth","floor":39,"turns":8},{"damage":13,"enemies":"Transient","floor":46,"turns":5},{"damage":0,"enemies":"3 Darklings","floor":47,"turns":8},{"damage":90,"enemies":"Awakened One","floor":50,"turns":13}],"seed_played":"-5337472698187791878","potions_obtained":[{"floor":2,"key":"LiquidBronze"},{"floor":4,"key":"SkillPotion"},{"floor":12,"key":"Weak Potion"},{"floor":13,"key":"Strength Potion"},{"floor":18,"key":"Ancient Potion"},{"floor":30,"key":"GamblersBrew"},{"floor":31,"key":"FocusPotion"},{"floor":39,"key":"FairyPotion"},{"floor":47,"key":"SteroidPotion"}],"is_trial":false,"path_per_floor":["M","M","?","M","M","R","$","R","T","?","R","M","M","M","R","B",null,"M","?","M","M","$","R","?","$","T","R","M","M","M","M","R","B",null,"M","M","$","M","M","R","?","$","T","$","R","M","M","?","R","B"],"character_chosen":"DEFECT","items_purchased":["Defragment","Sweeping Beam","Chill","Forethought","Seek","Panacea","Self Repair"],"campfire_rested":2,"item_purchase_floors":[22,22,25,37,42,42,44],"current_hp_per_floor":[72,72,72,71,69,69,69,69,69,69,69,59,58,57,57,30,75,75,75,75,56,56,56,56,56,56,56,44,40,36,13,35,1,75,67,61,61,43,15,37,37,37,37,37,37,24,38,75,75,0],"gold":49,"neow_bonus":"REMOVE_CARD","is_prod":false,"is_daily":false,"chose_seed":false,"campfire_upgraded":8,"win_rate":0,"timestamp":1555338139,"path_taken":["M","M","?","M","M","R","$","R","T","?","R","M","?","M","R","BOSS","M","?","M","M","$","R","?","$","T","R","M","M","M","?","R","BOSS","M","?","$","M","M","R","?","$","T","?","R","M","M","?","R","BOSS"],"build_version":"2019-01-23","purchased_purges":1,"victory":false,"max_hp_per_floor":[75,75,75,75,75,75,75,75,75,75,75,75,75,75,75,75,75,75,75,75,75,75,75,75,75,75,75,75,75,75,75,75,75,75,75,75,75,75,75,75,75,75,75,75,75,75,75,75,75,75],"card_choices":[{"not_picked":["Stack","Consume"],"picked":"Gash","floor":1},{"not_picked":["Steam Power","Lockon"],"picked":"Rebound","floor":2},{"not_picked":["Compile Driver","Redo"],"picked":"Sunder","floor":4},{"not_picked":["Steam Power","Steam"],"picked":"Hologram","floor":5},{"not_picked":["Steam","Machine Learning"],"picked":"Genetic Algorithm","floor":12},{"not_picked":["Barrage","Compile Driver"],"picked":"Scrape","floor":13},{"not_picked":["Compile Driver","Turbo"],"picked":"Steam","floor":14},{"not_picked":["Meteor Strike","Rainbow"],"picked":"Amplify","floor":16},{"not_picked":["Glacier","Hologram"],"picked":"Gash","floor":18},{"not_picked":["Glacier","Fusion"],"picked":"Gash","floor":20},{"not_picked":["Cold Snap","Rip and Tear"],"picked":"Go for the Eyes","floor":21},{"not_picked":["Darkness","Rebound+1"],"picked":"Beam Cell","floor":28},{"not_picked":["Sweeping Beam","Cold Snap"],"picked":"Undo+1","floor":29},{"not_picked":["Sweeping Beam","Barrage"],"picked":"Machine Learning","floor":30},{"not_picked":["Cold Snap","Fusion+1"],"picked":"Darkness+1","floor":31},{"not_picked":["Biased Cognition","Creative AI"],"picked":"Echo Form","floor":33},{"not_picked":["Steam","Chaos","Ball Lightning"],"picked":"SKIP","floor":35},{"not_picked":["Chaos","Hologram"],"picked":"Streamline+1","floor":36},{"not_picked":["Defragment+1","Barrage+1"],"picked":"Lockon+1","floor":38},{"not_picked":["Steam","Heatsinks+1"],"picked":"Glacier+1","floor":39},{"not_picked":["Conserve Battery","Auto Shields"],"picked":"Gash","floor":46},{"not_picked":["Streamline+1","Steam+1"],"picked":"Capacitor","floor":47}],"player_experience":975138,"relics_obtained":[],"event_choices":[{"damage_healed":0,"gold_gain":0,"player_choice":"Grow","damage_taken":0,"max_hp_gain":0,"max_hp_loss":0,"event_name":"Living Wall","floor":3,"gold_loss":0,"cards_upgraded":["Zap"]},{"damage_healed":0,"gold_gain":0,"player_choice":"Ignored","damage_taken":0,"max_hp_gain":0,"max_hp_loss":0,"event_name":"WeMeetAgain","floor":10,"gold_loss":0},{"damage_healed":0,"gold_gain":0,"player_choice":"Simplicity","damage_taken":0,"max_hp_gain":0,"max_hp_loss":0,"event_name":"Back to Basics","floor":19,"gold_loss":0,"cards_upgraded":["Strike_B","Strike_B","Defend_B","Defend_B","Defend_B","Defend_B"]},{"damage_healed":0,"gold_gain":0,"player_choice":"Forge","damage_taken":0,"max_hp_gain":0,"max_hp_loss":0,"event_name":"Accursed Blacksmith","floor":24,"gold_loss":0,"cards_upgraded":["Scrape"]},{"cards_removed":["Strike_B"],"damage_healed":0,"gold_gain":0,"player_choice":"Card Removal","damage_taken":0,"max_hp_gain":0,"max_hp_loss":0,"event_name":"Wheel of Change","floor":41,"gold_loss":0},{"damage_healed":37,"gold_gain":0,"player_choice":"Heal","damage_taken":0,"max_hp_gain":0,"max_hp_loss":0,"event_name":"MindBloom","floor":48,"gold_loss":0,"cards_obtained":["Doubt"]}],"is_beta":false,"boss_relics":[{"not_picked":["Nuclear Battery","Runic Dome","Ectoplasm"]},{"not_picked":["Philosopher\u0027s Stone","Pandora\u0027s Box"],"picked":"FrozenCore"}],"items_purged_floors":[7],"is_endless":false,"potions_floor_spawned":[2,4,12,13,14,18,30,31,39,47],"killed_by":"Awakened One","ascension_level":0}