{"gold_per_floor":[114,114,79,79,94,124,31,61,86,273,300,165,180,195,195,295,295,310,70,85,85,115,145,160,160,160,160,175,175,100,100],"floor_reached":31,"playtime":2372,"items_purged":["Doubt"],"score":263,"play_id":"787b70a1-ca7e-4a2f-b3fc-3b973a8c0680","local_time":"20190226191112","daily_mods":["Chimera","Time Dilation","Elite Swarm"],"is_ascension_mode":false,"campfire_choices":[{"floor":15.0,"key":"REST"},{"data":"Amplify","floor":25.0,"key":"SMITH"},{"data":"Self Repair","floor":27.0,"key":"SMITH"},{"data":"Force Field","floor":29,"key":"SMITH"}],"neow_cost":"","seed_source_timestamp":0,"circlet_count":0,"master_deck":["Survivor+1","Zap","Strike_R+1","Strike_G+1","Strike_B+1","Defend_R+1","Defend_G+1","Defend_B+1","Darkness","Sweeping Beam","Electrodynamics","Deep Breath","Creative AI","Leap","Loop","Self Repair+1","Heatsinks","Echo Form","Capacitor","Amplify+1","Cold Snap","Force Field+1"],"special_seed":17954,"relics":["Cracked Core","Orichalcum","Torii","Centennial Puzzle","MawBank","Coffee Dripper","ClockworkSouvenir","Tiny Chest","Frozen Egg 2","Unceasing Top"],"potions_floor_usage":[28,31,31],"damage_taken":[{"damage":10.0,"enemies":"Jaw Worm","floor":1.0,"turns":4.0},{"damage":2.0,"enemies":"Small Slimes","floor":5.0,"turns":4.0},{"damage":22.0,"enemies":"3 Sentries","floor":6.0,"turns":7.0},{"damage":16.0,"enemies":"Lagavulin","floor":8.0,"turns":6.0},{"damage":1.0,"enemies":"Cultist","floor":11.0,"turns":5.0},{"damage":2.0,"enemies":"Large Slime","floor":13.0,"turns":8.0},{"damage":3.0,"enemies":"Exordium Thugs","floor":14.0,"turns":5.0},{"damage":37.0,"enemies":"Hexaghost","floor":16.0,"turns":12.0},{"damage":11.0,"enemies":"2 Thieves","floor":18.0,"turns":3.0},{"damage":18.0,"enemies":"Shell Parasite","floor":20.0,"turns":9.0},{"damage":39.0,"enemies":"Slavers","floor":23.0,"turns":5.0},{"damage":14.0,"enemies":"Centurion and Healer","floor":24.0,"turns":7.0},{"damage":16,"enemies":"Snake Plant","floor":28,"turns":6},{"damage":16,"enemies":"Snecko","floor":31,"turns":5}],"seed_played":"8256108652723844663","potions_obtained":[{"floor":1.0,"key":"Swift Potion"},{"floor":5.0,"key":"Strength Potion"},{"floor":6.0,"key":"SteroidPotion"},{"floor":14.0,"key":"Energy Potion"},{"floor":23.0,"key":"SneckoOil"},{"floor":28,"key":"AttackPotion"}],"is_trial":false,"path_per_floor":["M","?","?","?","M","E","$","E","T","?","M","$","M","M","R","B",null,"M","$","M","?","?","E","M","R","T","R","M","R","?","M"],"character_chosen":"DEFECT","items_purchased":["Deep Breath","Loop","ClockworkSouvenir","Capacitor"],"campfire_rested":1,"item_purchase_floors":[7,12,19,19],"current_hp_per_floor":[65,50,68,65,63,41,41,25,25,25,24,24,22,26,48,18,75,71,71,60,60,60,28,21,21,21,21,15,15,15,0],"gold":100,"neow_bonus":"","is_prod":false,"is_daily":true,"chose_seed":false,"campfire_upgraded":3,"win_rate":0,"timestamp":1551229872,"path_taken":["M","?","?","?","?","E","?","E","T","?","M","$","?","M","R","BOSS","M","$","M","?","?","E","M","R","T","R","?","R","?","M"],"build_version":"2019-01-23","purchased_purges":1,"victory":false,"max_hp_per_floor":[75,75,75,75,75,75,75,75,75,75,75,75,75,75,75,75,75,75,75,75,75,75,75,75,75,75,75,75,75,75,75],"card_choices":[{"not_picked":["Ball Lightning","Hello World"],"picked":"Darkness","floor":1.0},{"not_picked":["Hologram","Lockon"],"picked":"Sweeping Beam","floor":5.0},{"not_picked":["Buffer","Amplify"],"picked":"Electrodynamics","floor":6.0},{"not_picked":["Fission","Multi-Cast"],"picked":"Creative AI","floor":8.0},{"not_picked":["Ball Lightning","Hologram"],"picked":"Leap","floor":11.0},{"not_picked":["Rebound","Lockon"],"picked":"Self Repair","floor":13.0},{"not_picked":["Go for the Eyes","Sweeping Beam"],"picked":"Heatsinks","floor":14.0},{"not_picked":["Reboot","Electrodynamics"],"picked":"Echo Form","floor":16.0},{"not_picked":["Rebound","Beam Cell","Sweeping Beam"],"picked":"SKIP","floor":18.0},{"not_picked":["Steam+1","Sweeping Beam","Doom and Gloom"],"picked":"SKIP","floor":20.0},{"not_picked":["Buffer","Reboot"],"picked":"Amplify","floor":23.0},{"not_picked":["Leap+1","Turbo+1"],"picked":"Cold Snap","floor":24.0},{"not_picked":["Skim","Leap"],"picked":"Force Field","floor":28}],"player_experience":220888,"relics_obtained":[{"floor":6.0,"key":"Torii"},{"floor":8.0,"key":"Centennial Puzzle"},{"floor":9.0,"key":"MawBank"},{"floor":22.0,"key":"Tiny Chest"},{"floor":23.0,"key":"Frozen Egg 2"},{"floor":26.0,"key":"Unceasing Top"}],"event_choices":[{"damage_healed":0.0,"max_hp_gain":0.0,"max_hp_loss":0.0,"gold_gain":0.0,"event_name":"Shining Light","player_choice":"Entered Light","floor":2.0,"gold_loss":0.0,"damage_taken":15.0,"cards_upgraded":["Strike_B","Survivor"]},{"damage_healed":18.0,"max_hp_gain":0.0,"max_hp_loss":0.0,"gold_gain":0.0,"event_name":"The Cleric","player_choice":"Healed","floor":3.0,"gold_loss":35.0,"damage_taken":0.0},{"damage_healed":0.0,"max_hp_gain":0.0,"max_hp_loss":0.0,"gold_gain":0.0,"event_name":"Scrap Ooze","player_choice":"Success","floor":4.0,"gold_loss":0.0,"damage_taken":3.0,"relics_obtained":["Orichalcum"]},{"damage_healed":0.0,"max_hp_gain":0.0,"max_hp_loss":0.0,"gold_gain":175.0,"event_name":"Liars Game","player_choice":"AGREE","floor":10.0,"gold_loss":0.0,"damage_taken":0.0,"cards_obtained":["Doubt"]},{"damage_healed":0.0,"max_hp_gain":0.0,"max_hp_loss":0.0,"gold_gain":0.0,"event_name":"Back to Basics","player_choice":"Simplicity","floor":21.0,"gold_loss":0.0,"damage_taken":0.0,"cards_upgraded":["Strike_R","Strike_G","Defend_R","Defend_G","Defend_B"]},{"damage_healed":0.0,"max_hp_gain":0.0,"max_hp_loss":0.0,"gold_gain":0.0,"event_name":"Wheel of Change","player_choice":"Relic","floor":22.0,"gold_loss":0.0,"damage_taken":0.0},{"cards_removed":["Bash"],"damage_healed":0,"gold_gain":0,"player_choice":"Gave Gold","damage_taken":0,"max_hp_gain":0,"max_hp_loss":0,"event_name":"Beggar","floor":30,"gold_loss":75}],"is_beta":false,"boss_relics":[{"not_picked":["Empty Cage","Velvet Choker"],"picked":"Coffee Dripper"}],"items_purged_floors":[12],"is_endless":false,"potions_floor_spawned":[1,5,6,14,16,23,28],"killed_by":"Snecko","ascension_level":0}