{"gold_per_floor":[215,39,39,50,69,69,88,88,113,133,133,152,181,181,193,308,320,346,369,152,163,179,179,195,195,240,165,175,175,175,193,193,193],"floor_reached":33,"playtime":1719,"items_purged":["Strike_B","Strike_B"],"score":251,"play_id":"e96475aa-f176-4a51-b839-ff49680b0fa4","local_time":"20180822210433","is_ascension_mode":false,"campfire_choices":[{"data":"Zap","floor":6,"key":"SMITH"},{"data":"Loop","floor":8,"key":"SMITH"},{"data":"Genetic Algorithm","floor":15,"key":"SMITH"},{"data":"Capacitor","floor":23,"key":"SMITH"},{"data":"Self Repair","floor":25,"key":"SMITH"},{"floor":30,"key":"REST"},{"data":"Conserve Battery","floor":32,"key":"SMITH"}],"neow_cost":"NONE","seed_source_timestamp":18872896507334,"circlet_count":0,"master_deck":["Strike_B","Defend_B","Defend_B","Defend_B","Defend_B","Zap+1","Dualcast","Steam","Conserve Battery+1","Self Repair+1","Redo","Loop+1","Genetic Algorithm+1","Tempest","Ball Lightning","Reboot","Steam","Sweeping Beam","Capacitor+1","Ball Lightning","Conserve Battery","Skim"],"relics":["Cracked Core","Omamori","Blood Vial","Dodecahedron","MawBank","Busted Crown","Orichalcum"],"potions_floor_usage":[13,16,22,33,33],"damage_taken":[{"damage":1,"enemies":"Cultist","floor":1,"turns":4},{"damage":0,"enemies":"2 Louse","floor":4,"turns":4},{"damage":0,"enemies":"Small Slimes","floor":5,"turns":4},{"damage":14,"enemies":"Exordium Thugs","floor":7,"turns":4},{"damage":10,"enemies":"Large Slime","floor":10,"turns":5},{"damage":3,"enemies":"Looter","floor":12,"turns":4},{"damage":6,"enemies":"Gremlin Nob","floor":13,"turns":3},{"damage":47,"enemies":"The Guardian","floor":16,"turns":11},{"damage":11,"enemies":"Spheric Guardian","floor":18,"turns":4},{"damage":22,"enemies":"Shell Parasite","floor":19,"turns":6},{"damage":17,"enemies":"Snecko","floor":21,"turns":5},{"damage":15,"enemies":"Chosen and Byrds","floor":22,"turns":5},{"damage":14,"enemies":"Shelled Parasite and Fungi","floor":24,"turns":7},{"damage":26,"enemies":"Snecko","floor":28,"turns":6},{"damage":6,"enemies":"Cultist and Chosen","floor":31,"turns":5},{"damage":62,"enemies":"Champ","floor":33,"turns":10}],"seed_played":"-3626145972814461315","potions_obtained":[{"floor":7,"key":"PowerPotion"},{"floor":12,"key":"LiquidBronze"},{"floor":13,"key":"Ancient Potion"},{"floor":16,"key":"Block Potion"},{"floor":18,"key":"SteroidPotion"},{"floor":22,"key":"SteroidPotion"},{"floor":28,"key":"Swift Potion"}],"is_trial":false,"path_per_floor":["M","$","$","M","M","R","M","R","T","M","?","M","E","?","R","B",null,"M","M","$","M","M","R","M","R","T","?","M","?","R","M","R"],"character_chosen":"DEFECT","items_purchased":["Conserve Battery","Self Repair","Capacitor","Ball Lightning","Conserve Battery"],"campfire_rested":1,"item_purchase_floors":[2,2,20,20,20],"current_hp_per_floor":[74,74,74,75,75,75,68,68,68,65,58,64,60,60,60,22,75,71,58,58,50,44,44,39,39,39,39,25,25,47,53,53,0],"gold":193,"neow_bonus":"HUNDRED_GOLD","is_prod":false,"is_daily":false,"chose_seed":false,"campfire_upgraded":6,"win_rate":0.0,"timestamp":1534943073,"path_taken":["M","?","$","M","M","R","M","R","T","M","?","M","E","?","R","BOSS","M","M","$","M","M","R","?","R","T","?","?","?","R","M","R","BOSS"],"build_version":"2018-08-16","purchased_purges":2,"victory":false,"max_hp_per_floor":[75,75,75,75,75,75,75,75,75,75,75,75,75,75,75,75,75,75,75,75,75,75,75,75,75,75,75,75,75,75,75,75,75],"card_choices":[{"not_picked":["Barrage","White Noise"],"picked":"Steam","floor":1},{"not_picked":["Turbo","Stack"],"picked":"Redo","floor":4},{"not_picked":["Auto Shields","Conserve Battery"],"picked":"Loop","floor":5},{"not_picked":["Cold Snap","Barrage","Reinforced Body"],"picked":"SKIP","floor":7},{"not_picked":["Coolheaded","Cold Snap"],"picked":"Genetic Algorithm","floor":10},{"not_picked":["Cold Snap","Steam"],"picked":"Tempest","floor":12},{"not_picked":["BootSequence","Echo Form"],"picked":"Ball Lightning","floor":13},{"not_picked":["Rainbow","Multi-Cast"],"picked":"Reboot","floor":16},{"not_picked":[],"picked":"Steam","floor":18},{"not_picked":[],"picked":"Sweeping Beam","floor":19},{"not_picked":[],"picked":"Skim","floor":21},{"not_picked":["Gash"],"picked":"SKIP","floor":22},{"not_picked":["Cold Snap"],"picked":"SKIP","floor":24},{"not_picked":["Steam"],"picked":"SKIP","floor":28},{"not_picked":["Gash"],"picked":"SKIP","floor":31}],"player_experience":690536,"relics_obtained":[{"floor":9,"key":"Omamori"},{"floor":13,"key":"Dodecahedron"},{"floor":26,"key":"Orichalcum"}],"event_choices":[{"event_name":"Scrap Ooze","player_choice":"success","floor":11,"damage_taken":7},{"event_name":"Dead Adventurer","player_choice":"Searched \u00271\u0027 times","floor":14,"damage_taken":0},{"event_name":"Beggar","player_choice":"Gave Gold","floor":27,"damage_taken":0},{"event_name":"Ghosts","player_choice":"Ignored","floor":29,"damage_taken":0}],"is_beta":false,"boss_relics":[{"not_picked":["Pandora\u0027s Box","Black Star"],"picked":"Busted Crown"}],"items_purged_floors":[2,20],"is_endless":false,"potions_floor_spawned":[7,12,13,16,18,22,28],"killed_by":"Champ","ascension_level":0}