{"path_per_floor":["M","M","M","$","M","R","M","R","T","R","?","M","E","M","R","B",null,"M","M","$","M","$","R","E","R","T","$","R","?","M","M","R","B",null,"M","?","?","$","M","R","?","R","T","M","T","E","?","M","R","B"],"character_chosen":"IRONCLAD","items_purchased":["Apotheosis","Shrug It Off","Rupture","Shrug It Off","Sword Boomerang","Heavy Blade","Frozen Eye"],"gold_per_floor":[214,226,245,3,15,15,28,28,54,54,54,65,93,111,111,206,206,224,238,81,99,48,48,81,81,134,81,81,81,94,104,104,200,200,217,517,517,60,74,74,74,74,97,97,97,161,161,171,171,171],"floor_reached":51,"campfire_rested":4,"playtime":2724,"current_hp_per_floor":[80,80,80,80,79,79,67,67,67,67,67,73,84,87,87,54,101,101,89,89,69,69,69,50,80,80,80,80,60,54,27,58,16,106,61,61,48,48,45,75,75,75,75,34,34,36,90,65,90,33],"items_purged":["Defend_R","Parasite"],"gold":171,"score":773,"play_id":"95bf1fba-6b5a-479d-bcbd-a76d3e12822f","local_time":"20180314000442","is_prod":false,"is_daily":false,"is_ascension_mode":false,"campfire_upgraded":7,"timestamp":1520957082,"path_taken":["M","M","M","$","M","R","M","R","T","R","?","M","E","M","R","BOSS","M","M","$","M","$","R","E","R","T","$","R","?","M","M","R","BOSS","M","?","?","$","M","R","?","R","T","?","?","E","?","M","R","BOSS"],"build_version":"2018-03-09","purchased_purges":2,"victory":true,"master_deck":["Strike_R","Strike_R","Strike_R","Strike_R","Strike_R","Defend_R","Defend_R","Defend_R","Bash+1","Perfected Strike","Inflame","Rampage","Apotheosis+1","Shrug It Off+1","Inflame","Cleave","Warcry","Shrug It Off+1","Offering","Parasite","Clumsy","Pommel Strike+1","Rupture","Spot Weakness","Shrug It Off","True Grit+1","Sword Boomerang","Limit Break","Shrug It Off","Offering+1","Sword Boomerang","True Grit+1","Havoc+1","Combust+1","Madness","Madness","Heavy Blade","Havoc","Blind","Fiend Fire","Headbutt+1","Exhume","Dual Wield+1"],"max_hp_per_floor":[80,80,80,80,80,80,80,80,80,80,80,80,87,87,87,87,101,101,101,101,101,101,101,101,101,101,101,101,106,106,106,106,106,106,106,106,106,103,103,103,103,103,103,103,103,103,90,90,90,90],"relics":["Burning Blood","Happy Flower","Strawberry","Calling Bell","Ornamental Fan","Mango","Anchor","Mercury Hourglass","Prayer Wheel","Orrery","Frozen Eye","Dream Catcher","Champion Belt","Tiny Chest"],"card_choices":[{"not_picked":["Dark Embrace","Searing Blow"],"picked":"Perfected Strike"},{"not_picked":["Ghostly Armor","Evolve"],"picked":"Inflame"},{"not_picked":["Anger","Disarm"],"picked":"Rampage"},{"not_picked":["Thunderclap","Pummel"],"picked":"Inflame"},{"not_picked":["Anger","Dropkick"],"picked":"Cleave"},{"not_picked":["Clash","Power Through"],"picked":"Warcry"},{"not_picked":["Inflame","Carnage"],"picked":"Shrug It Off"},{"not_picked":["Feed","Juggernaut"],"picked":"Offering"},{"not_picked":["Anger","Flex"],"picked":"Pommel Strike"},{"not_picked":["Body Slam","Disarm"],"picked":"Spot Weakness"},{"not_picked":["Whirlwind","Disarm"],"picked":"True Grit"},{"not_picked":["Pommel Strike","Power Through"],"picked":"Limit Break"},{"not_picked":["Perfected Strike","Wild Strike"],"picked":"Shrug It Off"},{"not_picked":["Dark Embrace","Barricade"],"picked":"Offering"},{"not_picked":["True Grit","Spot Weakness"],"picked":"Sword Boomerang"},{"not_picked":["Power Through","Fire Breathing"],"picked":"True Grit"},{"not_picked":["Anger","Wild Strike"],"picked":"Havoc"},{"not_picked":["Body Slam","Anger"],"picked":"Combust"},{"not_picked":["Wild Strike","Perfected Strike"],"picked":"Havoc"},{"not_picked":["Clash","Heavy Blade"],"picked":"Fiend Fire"},{"not_picked":["Intimidate","Sword Boomerang"],"picked":"Headbutt"},{"not_picked":["Perfected Strike","Body Slam"],"picked":"Exhume"},{"not_picked":["Headbutt","True Grit"],"picked":"Dual Wield"}],"player_experience":267844,"potions_floor_usage":[13,24,31,31,50,50],"damage_taken":[{"damage":5,"enemies":"Cultist","floor":1,"turns":4},{"damage":1,"enemies":"2 Louse","floor":2,"turns":3},{"damage":0,"enemies":"Small Slimes","floor":3,"turns":3},{"damage":7,"enemies":"2 Fungi Beasts","floor":5,"turns":4},{"damage":18,"enemies":"Exordium Thugs","floor":7,"turns":4},{"damage":0,"enemies":"Blue Slaver","floor":12,"turns":4},{"damage":14,"enemies":"3 Sentries","floor":13,"turns":5},{"damage":0,"enemies":"3 Louse","floor":14,"turns":4},{"damage":39,"enemies":"Hexaghost","floor":16,"turns":7},{"damage":4,"enemies":"Chosen","floor":18,"turns":4},{"damage":18,"enemies":"Spheric Guardian","floor":19,"turns":4},{"damage":26,"enemies":"Snake Plant","floor":21,"turns":4},{"damage":25,"enemies":"Book of Stabbing","floor":24,"turns":6},{"damage":12,"enemies":"Sentry and Sphere","floor":30,"turns":4},{"damage":33,"enemies":"Cultist and Chosen","floor":31,"turns":6},{"damage":48,"enemies":"Automaton","floor":33,"turns":12},{"damage":51,"enemies":"3 Darklings","floor":35,"turns":5},{"damage":9,"enemies":"Orb Walker","floor":39,"turns":2},{"damage":47,"enemies":"3 Darklings","floor":44,"turns":6},{"damage":4,"enemies":"2 Orb Walkers","floor":46,"turns":3},{"damage":31,"enemies":"Maw","floor":48,"turns":6},{"damage":63,"enemies":"Time Eater","floor":50,"turns":7}],"event_choices":[{"event_name":"Match and Keep!","player_choice":"0 cards matched","floor":11,"damage_taken":0},{"event_name":"Forgotten Altar","player_choice":"Shed Blood","floor":29,"damage_taken":0},{"event_name":"Wheel of Change","player_choice":"Gold","floor":36,"damage_taken":0},{"event_name":"Winding Halls","player_choice":"Embrace Madness","floor":37,"damage_taken":0},{"event_name":"Match and Keep!","player_choice":"1 cards matched","floor":41,"damage_taken":0},{"event_name":"The Moai Head","player_choice":"Heal","floor":47,"damage_taken":0}],"boss_relics":[{"not_picked":["Runic Dome","Cursed Key"],"picked":"Calling Bell"},{"not_picked":["Runic Cube","Question Card"],"picked":"Orrery"}],"potions_floor_spawned":[1,3,5,12,18,24,44,46],"seed_played":"51133621004491799","ascension_level":0,"is_trial":false}