{"gold_per_floor":[112,112,125,141,216,216,247,247,247,247,264,264,276,309,309,404,404,416,416,432,452,471,526,538,538,538,550],"floor_reached":27,"playtime":1806,"items_purged":[],"score":307,"play_id":"da8fd31d-2cef-4a84-933c-3557307253ea","local_time":"20190310030800","is_ascension_mode":true,"campfire_choices":[{"data":"Flame Barrier","floor":6.0,"key":"SMITH"},{"floor":8.0,"key":"REST"},{"data":"Offering","floor":10.0,"key":"SMITH"},{"data":"True Grit","floor":12.0,"key":"SMITH"},{"data":"Clothesline","floor":15.0,"key":"SMITH"},{"data":"Barricade","floor":25,"key":"SMITH"}],"neow_cost":"NONE","seed_source_timestamp":108854967966066,"circlet_count":0,"master_deck":["Defend_R","Defend_R","Defend_R","Defend_R","Bash","Flame Barrier+1","Clothesline+1","Warcry","Offering+1","True Grit+1","Limit Break","Barricade+1","Bite","Bite","Bite","Bite","Bite","Hemokinesis+1"],"special_seed":0,"relics":["Burning Blood","Potion Belt","CultistMask","Meat on the Bone","Bronze Scales","Strawberry","Busted Crown","Tiny Chest","MawBank"],"potions_floor_usage":[23,23,23,23,23,27],"damage_taken":[{"damage":6.0,"enemies":"Cultist","floor":1.0,"turns":3.0},{"damage":1.0,"enemies":"Small Slimes","floor":3.0,"turns":4.0},{"damage":0.0,"enemies":"Jaw Worm","floor":4.0,"turns":4.0},{"damage":41.0,"enemies":"Gremlin Nob","floor":7.0,"turns":6.0},{"damage":23.0,"enemies":"Lots of Slimes","floor":11.0,"turns":3.0},{"damage":5.0,"enemies":"2 Fungi Beasts","floor":13.0,"turns":3.0},{"damage":13.0,"enemies":"3 Sentries","floor":14.0,"turns":9.0},{"damage":17.0,"enemies":"Hexaghost","floor":16.0,"turns":10.0},{"damage":9.0,"enemies":"Chosen","floor":18.0,"turns":4.0},{"damage":6,"enemies":"3 Byrds","floor":20,"turns":4},{"damage":35,"enemies":"Centurion and Healer","floor":21,"turns":8},{"damage":44,"enemies":"Cultist and Chosen","floor":22,"turns":8},{"damage":43,"enemies":"Book of Stabbing","floor":23,"turns":7},{"damage":23,"enemies":"Shelled Parasite and Fungi","floor":24,"turns":9},{"damage":63,"enemies":"Slavers","floor":27,"turns":3}],"seed_played":"2828115650640641418","potions_obtained":[{"floor":1.0,"key":"Ancient Potion"},{"floor":4.0,"key":"Block Potion"},{"floor":13.0,"key":"SpeedPotion"},{"floor":16.0,"key":"Dexterity Potion"},{"floor":18.0,"key":"Dexterity Potion"},{"floor":23,"key":"Swift Potion"},{"floor":24,"key":"LiquidBronze"}],"is_trial":false,"path_per_floor":["M","?","M","M","?","R","E","R","T","R","M","R","M","E","R","B",null,"M","?","M","M","M","E","M","R","T","E"],"character_chosen":"IRONCLAD","items_purchased":[],"campfire_rested":1,"item_purchase_floors":[],"current_hp_per_floor":[80,80,80,80,69,69,34,58,58,58,53,53,54,54,54,55,87,84,60,60,47,37,28,45,45,45,0],"gold":550,"neow_bonus":"RANDOM_COMMON_RELIC","is_prod":false,"is_daily":false,"chose_seed":false,"campfire_upgraded":5,"win_rate":0,"timestamp":1552205280,"path_taken":["M","?","M","?","?","R","E","R","T","R","M","R","M","E","R","BOSS","M","?","M","M","M","E","M","R","T","E"],"build_version":"2019-01-23","purchased_purges":0,"victory":false,"max_hp_per_floor":[80,80,80,80,80,80,80,80,80,80,80,80,80,87,87,87,87,87,60,60,60,60,60,60,60,60,60],"card_choices":[{"not_picked":["Reckless Charge","Rupture"],"picked":"Flame Barrier","floor":1.0},{"not_picked":["Armaments","Fire Breathing"],"picked":"Clothesline","floor":3.0},{"not_picked":["Blood for Blood","Rupture"],"picked":"Warcry","floor":4.0},{"not_picked":["Rampage","Flex"],"picked":"Offering","floor":7.0},{"not_picked":["Sever Soul","Burning Pact"],"picked":"True Grit","floor":11.0},{"not_picked":["Twin Strike","Wild Strike","Heavy Blade"],"picked":"SKIP","floor":13.0},{"not_picked":["Perfected Strike","Iron Wave"],"picked":"Limit Break","floor":14.0},{"not_picked":["Impervious","Reaper"],"picked":"Barricade","floor":16.0},{"not_picked":["Cleave"],"picked":"SKIP","floor":18.0},{"not_picked":["Clothesline+1"],"picked":"SKIP","floor":20},{"not_picked":["Searing Blow+1"],"picked":"SKIP","floor":21},{"not_picked":[],"picked":"Hemokinesis+1","floor":22},{"not_picked":["Uppercut"],"picked":"SKIP","floor":23},{"not_picked":["Clash"],"picked":"SKIP","floor":24}],"player_experience":262512,"relics_obtained":[{"floor":7.0,"key":"Meat on the Bone"},{"floor":9.0,"key":"Bronze Scales"},{"floor":14.0,"key":"Strawberry"},{"floor":23,"key":"Tiny Chest"},{"floor":26,"key":"MawBank"}],"event_choices":[{"damage_healed":0.0,"max_hp_gain":0.0,"max_hp_loss":0.0,"gold_gain":0.0,"event_name":"FaceTrader","player_choice":"Trade","floor":2.0,"gold_loss":0.0,"damage_taken":0.0,"relics_obtained":["CultistMask"]},{"damage_healed":0.0,"max_hp_gain":0.0,"max_hp_loss":0.0,"gold_gain":75.0,"event_name":"World of Goop","player_choice":"Gather Gold","floor":5.0,"gold_loss":0.0,"damage_taken":11.0},{"damage_healed":0.0,"max_hp_gain":0.0,"max_hp_loss":27.0,"gold_gain":0.0,"event_name":"Vampires","player_choice":"Became a vampire","floor":19.0,"gold_loss":0.0,"damage_taken":0.0,"cards_obtained":["Bite","Bite","Bite","Bite","Bite"]}],"is_beta":false,"boss_relics":[{"not_picked":["Fusion Hammer","Runic Cube"],"picked":"Busted Crown"}],"items_purged_floors":[],"is_endless":false,"potions_floor_spawned":[1,4,13,16,18,23,24],"killed_by":"Slavers","ascension_level":3}