{"gold_per_floor":[112,123,142,152,168,168,168,185,185,185,201,79,96,96,96,192,192,203,216,216,232,252,252,262,282,282,299,318,328,342,359,359,359],"floor_reached":33,"playtime":1472,"items_purged":["Defend_R"],"score":253,"play_id":"ecf20736-3535-4abc-89c5-5592e8753233","local_time":"20181006224744","is_ascension_mode":false,"campfire_choices":[{"data":"Heavy Blade","floor":6,"key":"SMITH"},{"floor":10,"key":"REST"},{"data":"Flex","floor":15,"key":"SMITH"},{"floor":23,"key":"REST"},{"floor":32,"key":"REST"}],"neow_cost":"NONE","seed_source_timestamp":52759135483300,"circlet_count":0,"master_deck":["Strike_R","Strike_R","Strike_R","Strike_R","Strike_R","Defend_R","Defend_R","Defend_R","Bash","Impervious","Heavy Blade+1","Cleave","Inflame","Spot Weakness","Headbutt","Flex+1","Rampage","Offering","Sword Boomerang+1","Seeing Red","Flex","Headbutt","Pommel Strike","Intimidate","Inflame+1"],"relics":["Burning Blood","Oddly Smooth Stone","WingedGreaves","Sozu","MutagenicStrength","Pear"],"potions_floor_usage":[5,21,33],"damage_taken":[{"damage":10,"enemies":"2 Louse","floor":1,"turns":2},{"damage":5,"enemies":"Cultist","floor":2,"turns":4},{"damage":11,"enemies":"Jaw Worm","floor":3,"turns":3},{"damage":5,"enemies":"3 Louse","floor":4,"turns":3},{"damage":11,"enemies":"Large Slime","floor":5,"turns":5},{"damage":21,"enemies":"Red Slaver","floor":8,"turns":3},{"damage":5,"enemies":"Lots of Slimes","floor":11,"turns":2},{"damage":18,"enemies":"Exordium Wildlife","floor":13,"turns":3},{"damage":37,"enemies":"The Guardian","floor":16,"turns":7},{"damage":11,"enemies":"3 Byrds","floor":18,"turns":4},{"damage":32,"enemies":"Shell Parasite","floor":19,"turns":4},{"damage":15,"enemies":"Shelled Parasite and Fungi","floor":21,"turns":3},{"damage":0,"enemies":"Snake Plant","floor":22,"turns":3},{"damage":15,"enemies":"Chosen and Byrds","floor":24,"turns":3},{"damage":10,"enemies":"Cultist and Chosen","floor":25,"turns":3},{"damage":21,"enemies":"Snake Plant","floor":27,"turns":2},{"damage":8,"enemies":"Snecko","floor":28,"turns":3},{"damage":28,"enemies":"Shelled Parasite and Fungi","floor":29,"turns":3},{"damage":6,"enemies":"Snake Plant","floor":30,"turns":2},{"damage":6,"enemies":"3 Cultists","floor":31,"turns":3},{"damage":64,"enemies":"Collector","floor":33,"turns":6}],"seed_played":"-4147680509479903656","potions_obtained":[{"floor":2,"key":"Regen Potion"},{"floor":3,"key":"FearPotion"},{"floor":11,"key":"EssenceOfSteel"}],"is_trial":false,"path_per_floor":["M","M","M","M","M","R","?","M","T","R","M","$","M","$","R","B",null,"M","M","?","M","M","R","M","M","T","M","M","M","M","M","R"],"character_chosen":"IRONCLAD","items_purchased":["Flex"],"campfire_rested":3,"item_purchase_floors":[12],"current_hp_per_floor":[76,77,72,73,80,80,62,47,47,71,72,72,60,60,60,29,80,75,49,49,40,46,70,61,57,67,52,50,28,28,28,55,0],"gold":359,"neow_bonus":"ONE_RANDOM_RARE_CARD","is_prod":false,"is_daily":false,"chose_seed":false,"campfire_upgraded":2,"win_rate":0,"timestamp":1538858864,"path_taken":["M","M","M","M","M","R","?","M","T","R","?","$","M","?","R","BOSS","M","M","?","M","M","R","M","M","T","M","M","?","?","M","R","BOSS"],"build_version":"2018-10-04v2","purchased_purges":1,"victory":false,"max_hp_per_floor":[80,80,80,80,80,80,80,80,80,80,80,80,80,80,80,80,80,80,80,80,80,80,80,80,80,90,90,90,90,90,90,90,90],"card_choices":[{"not_picked":["Anger","Searing Blow"],"picked":"Heavy Blade","floor":1},{"not_picked":["Warcry","Sword Boomerang"],"picked":"Cleave","floor":2},{"not_picked":["Sword Boomerang","Battle Trance"],"picked":"Inflame","floor":3},{"not_picked":["Rage","Anger"],"picked":"Spot Weakness","floor":4},{"not_picked":["Burning Pact","Impervious","Thunderclap"],"picked":"SKIP","floor":5},{"not_picked":["Second Wind","Armaments","Flame Barrier"],"picked":"SKIP","floor":8},{"not_picked":["Hemokinesis","Armaments"],"picked":"Headbutt","floor":11},{"not_picked":["Clash","Warcry"],"picked":"Rampage","floor":13},{"not_picked":["Fiend Fire","Brutality"],"picked":"Offering","floor":16},{"not_picked":["Body Slam","Clash"],"picked":"Sword Boomerang+1","floor":18},{"not_picked":["Searing Blow","Warcry"],"picked":"Seeing Red","floor":19},{"not_picked":["Clash","Anger","Armaments"],"picked":"SKIP","floor":21},{"not_picked":["Body Slam","Metallicize","Anger"],"picked":"SKIP","floor":22},{"not_picked":["Shrug It Off","Disarm"],"picked":"Flex","floor":24},{"not_picked":["Iron Wave+1","Thunderclap"],"picked":"Headbutt","floor":25},{"not_picked":["Anger","Twin Strike"],"picked":"Pommel Strike","floor":27},{"not_picked":["Immolate","Twin Strike"],"picked":"Intimidate","floor":28},{"not_picked":["Rampage","Body Slam"],"picked":"Inflame+1","floor":29},{"not_picked":["Sword Boomerang+1","Evolve","Blood for Blood"],"picked":"SKIP","floor":30},{"not_picked":["Bloodletting","Armaments","Shockwave"],"picked":"SKIP","floor":31}],"player_experience":79868,"relics_obtained":[{"floor":9,"key":"WingedGreaves"},{"floor":26,"key":"Pear"}],"event_choices":[{"event_name":"Scrap Ooze","player_choice":"success","floor":7,"damage_taken":18},{"event_name":"Drug Dealer","player_choice":"Inject Mutagens","floor":20,"damage_taken":0}],"is_beta":false,"boss_relics":[{"not_picked":["Fusion Hammer","Runic Pyramid"],"picked":"Sozu"}],"items_purged_floors":[12],"is_endless":false,"potions_floor_spawned":[2,3,11,18,21,27,28,29,30],"killed_by":"Collector","ascension_level":0}