{"path_per_floor":["M","M","?","M","M","M","$","$","T","M","E","R","M","M","R","B",null,"M","?","?","M","?","R","$","M","T","M","M","$","R","M","R","B",null,"M","M","?","$","?","R","M","R","T","$","M","M","?","M","R","B"],"character_chosen":"IRONCLAD","items_purchased":["Lantern","Bag of Preparation","Regal Pillow","Bag of Marbles"],"gold_per_floor":[111,121,121,133,150,163,9,9,64,78,111,111,130,148,148,247,247,266,266,191,209,209,209,52,70,121,139,154,154,154,169,169,266,296,312,331,331,112,112,112,132,132,187,34,50,66,66,83,83,83],"floor_reached":51,"campfire_rested":1,"playtime":4498,"current_hp_per_floor":[80,80,80,80,80,80,80,80,80,80,80,80,80,80,80,80,83,70,70,70,78,78,78,78,74,74,89,89,89,89,89,89,86,94,87,91,91,91,79,79,68,68,68,68,64,47,47,47,93,27],"items_purged":["Bite"],"gold":83,"score":556,"play_id":"94192a79-7a66-4439-b61a-0c17c7631808","local_time":"20180302232315","is_prod":false,"is_daily":false,"is_ascension_mode":false,"campfire_upgraded":7,"timestamp":1520004195,"path_taken":["M","M","?","M","M","M","?","$","T","M","E","R","M","M","R","BOSS","M","?","?","M","?","R","$","M","T","M","?","$","R","M","R","BOSS","M","M","?","$","?","R","M","R","T","$","M","M","?","M","R","BOSS"],"build_version":"2018-03-01-PROD1","purchased_purges":2,"victory":true,"master_deck":["Defend_R+1","Defend_R+1","Defend_R+1","Defend_R+1","Bash+1","Headbutt","Clash","Flex","Heavy Blade+1","Pommel Strike+1","Headbutt","Spot Weakness","Reckless Charge","Feed+1","Immolate","Pommel Strike+1","Bite","Bite","Bite","Bite","Thunderclap","Bloodletting+1","Heavy Blade+1","Offering+1","Inflame","Twin Strike+1","Offering","Madness","Madness+1","Spot Weakness+1","Dual Wield","Warcry+1","Rage+1"],"max_hp_per_floor":[80,80,80,80,80,80,80,80,80,80,80,80,80,80,80,83,83,83,83,83,83,83,83,83,86,86,89,89,89,89,89,89,89,94,94,98,98,98,98,98,98,98,98,98,102,102,102,106,106,110],"relics":["Burning Blood","Lantern","Happy Flower","Oddly Smooth Stone","Mark of Pain","Bag of Preparation","Ancient Tea Set","Tiny House","Regal Pillow","Vajra","Bag of Marbles"],"card_choices":[{"not_picked":["Warcry","Wild Strike"],"picked":"Headbutt"},{"not_picked":["Clothesline","Perfected Strike"],"picked":"Clash"},{"not_picked":["Clothesline","Pummel"],"picked":"Flex"},{"not_picked":["Double Tap","True Grit"],"picked":"Heavy Blade"},{"not_picked":["Metallicize","Feel No Pain"],"picked":"Pommel Strike"},{"not_picked":["Havoc","Flex"],"picked":"Headbutt"},{"not_picked":["Pommel Strike","Havoc"],"picked":"Spot Weakness"},{"not_picked":["Clothesline","Thunderclap"],"picked":"Reckless Charge"},{"not_picked":["Warcry","Clothesline"],"picked":"Feed"},{"not_picked":["Brutality","Demon Form"],"picked":"Immolate"},{"not_picked":["Flex","Rampage"],"picked":"Inflame"},{"not_picked":["Shrug It Off","True Grit"],"picked":"Pommel Strike"},{"not_picked":["Cleave","Entrench"],"picked":"Thunderclap"},{"not_picked":["Body Slam","Hemokinesis"],"picked":"Bloodletting"},{"not_picked":["Twin Strike","Thunderclap"],"picked":"Heavy Blade"},{"not_picked":["Berserk","Bludgeon"],"picked":"Offering"},{"not_picked":["Shrug It Off","Shockwave"],"picked":"Inflame"},{"not_picked":["Rampage","Spot Weakness"],"picked":"Twin Strike"},{"not_picked":["Shockwave","Thunderclap"],"picked":"Spot Weakness"},{"not_picked":["Shrug It Off","Combust"],"picked":"Dual Wield"},{"not_picked":["Cleave","Clash"],"picked":"Warcry"},{"not_picked":["Reckless Charge","Feel No Pain"],"picked":"Rage"}],"player_experience":181447,"potions_floor_usage":[11,16,31,48,48,50],"damage_taken":[{"damage":6,"enemies":"2 Louse","floor":1,"turns":3},{"damage":1,"enemies":"Jaw Worm","floor":2,"turns":3},{"damage":0,"enemies":"Cultist","floor":4,"turns":2},{"damage":0,"enemies":"Looter","floor":5,"turns":2},{"damage":0,"enemies":"2 Fungi Beasts","floor":6,"turns":2},{"damage":1,"enemies":"Exordium Wildlife","floor":10,"turns":3},{"damage":0,"enemies":"Gremlin Nob","floor":11,"turns":2},{"damage":4,"enemies":"Looter","floor":13,"turns":2},{"damage":1,"enemies":"3 Louse","floor":14,"turns":2},{"damage":9,"enemies":"Slime Boss","floor":16,"turns":6},{"damage":19,"enemies":"3 Byrds","floor":18,"turns":6},{"damage":0,"enemies":"Spheric Guardian","floor":21,"turns":2},{"damage":18,"enemies":"Centurion and Healer","floor":25,"turns":4},{"damage":0,"enemies":"Snecko","floor":27,"turns":3},{"damage":0,"enemies":"Cultist and Chosen","floor":28,"turns":4},{"damage":3,"enemies":"Slaver and Parasite","floor":31,"turns":3},{"damage":23,"enemies":"Champ","floor":33,"turns":8},{"damage":15,"enemies":"3 Darklings","floor":35,"turns":4},{"damage":10,"enemies":"3 Shapes","floor":36,"turns":3},{"damage":27,"enemies":"Maw","floor":41,"turns":5},{"damage":18,"enemies":"4 Shapes","floor":45,"turns":2},{"damage":27,"enemies":"3 Darklings","floor":46,"turns":4},{"damage":18,"enemies":"Maw","floor":48,"turns":5},{"damage":86,"enemies":"Donu and Deca","floor":50,"turns":6}],"event_choices":[{"event_name":"Liars Game","player_choice":"disagreed","floor":3,"damage_taken":0},{"event_name":"Back to Basics","player_choice":"Simplicity","floor":19,"damage_taken":0},{"event_name":"Beggar","player_choice":"Gave Gold","floor":20,"damage_taken":0},{"event_name":"Vampires","player_choice":"Became a vampire (Vial)","floor":22,"damage_taken":0},{"event_name":"Duplicator","player_choice":"One dupe","floor":37,"damage_taken":0},{"event_name":"Winding Halls","player_choice":"Embrace Madness","floor":39,"damage_taken":0}],"boss_relics":[{"not_picked":["Philosopher\u0027s Stone","Snecko Eye"],"picked":"Mark of Pain"},{"not_picked":["Runic Pyramid","Velvet Choker"],"picked":"Tiny House"}],"potions_floor_spawned":[2,4,5,13,25,27,35,41],"seed_played":"9180832387836092088","ascension_level":0,"is_trial":false}