{"gold_per_floor":[114,129,144,159,174,204,204,234,234,294,294,294,324,339,339,439,439,454,369,384,384,399,429,429,459,459,489,489,519,519,534,534,634,634,649,330,330,345,70,100,100,130,130,130,145,0,0,0,0,0],"floor_reached":51,"playtime":7697,"items_purged":["Eviscerate","Quick Slash"],"score":1236,"play_id":"76b7fce3-77ed-47c1-b2bf-39a936b87538","local_time":"20190208033422","daily_mods":["SealedDeck","Colorless Cards","Elite Swarm"],"is_ascension_mode":false,"campfire_choices":[{"data":"Storm of Steel","floor":7,"key":"SMITH"},{"data":"Panache","floor":12,"key":"SMITH"},{"data":"Apotheosis","floor":15,"key":"SMITH"},{"data":"Envenom","floor":24,"key":"SMITH"},{"data":"Thinking Ahead","floor":28,"key":"SMITH"},{"data":"Acrobatics","floor":32,"key":"SMITH"},{"data":"Adrenaline","floor":41,"key":"SMITH"},{"data":"Secret Technique","floor":44,"key":"SMITH"},{"data":"Secret Technique","floor":47,"key":"SMITH"},{"data":"Deep Breath","floor":49,"key":"SMITH"}],"neow_cost":"","seed_source_timestamp":0,"circlet_count":0,"master_deck":["Deflect","Blind","Prepared","Endless Agony","Quick Slash","Finesse","Finesse","Flash of Steel","Prepared","Acrobatics+1","Blade Dance+1","Finesse+1","Storm of Steel+1","Apotheosis+1","Panache+1","Thinking Ahead+1","Envenom+1","Blur+1","A Thousand Cuts+1","Expertise+1","Panacea","Deep Breath","Adrenaline+1","Metamorphosis","Metamorphosis","Tools of the Trade+1","Swift Strike+1","Infinite Blades+1","Secret Technique+1","Panacea+1","Outmaneuver+1","Thinking Ahead","Panache+1","Envenom+1","Secret Technique+1","Distraction+1","Deep Breath+1","Flash of Steel","Deep Breath"],"special_seed":17935,"relics":["Ring of the Snake","Mercury Hourglass","Prayer Wheel","Strawberry","Tiny Chest","Du-Vu Doll","Sozu","Frozen Egg 2","Darkstone Periapt","Happy Flower","Paper Crane","Blood Vial","Tingsha","WristBlade","Ancient Tea Set","Frozen Eye","Gambling Chip","Pear","The Courier"],"potions_floor_usage":[14],"damage_taken":[{"damage":0,"enemies":"Small Slimes","floor":1,"turns":2},{"damage":0,"enemies":"2 Louse","floor":2,"turns":2},{"damage":0,"enemies":"Cultist","floor":3,"turns":2},{"damage":0,"enemies":"3 Louse","floor":4,"turns":3},{"damage":0,"enemies":"Exordium Thugs","floor":5,"turns":2},{"damage":4,"enemies":"Lagavulin","floor":6,"turns":4},{"damage":11,"enemies":"3 Sentries","floor":8,"turns":5},{"damage":0,"enemies":"Lagavulin","floor":10,"turns":3},{"damage":0,"enemies":"3 Sentries","floor":13,"turns":2},{"damage":0,"enemies":"Large Slime","floor":14,"turns":2},{"damage":0,"enemies":"Slime Boss","floor":16,"turns":4},{"damage":1,"enemies":"2 Thieves","floor":18,"turns":2},{"damage":0,"enemies":"Spheric Guardian","floor":20,"turns":3},{"damage":0,"enemies":"Chosen and Byrds","floor":22,"turns":3},{"damage":4,"enemies":"Slavers","floor":23,"turns":2},{"damage":0,"enemies":"Gremlin Leader","floor":25,"turns":3},{"damage":0,"enemies":"Slavers","floor":27,"turns":1},{"damage":0,"enemies":"Book of Stabbing","floor":29,"turns":3},{"damage":10,"enemies":"Shelled Parasite and Fungi","floor":31,"turns":3},{"damage":0,"enemies":"Automaton","floor":33,"turns":3},{"damage":0,"enemies":"Orb Walker","floor":35,"turns":2},{"damage":7,"enemies":"3 Shapes","floor":38,"turns":2},{"damage":0,"enemies":"Giant Head","floor":40,"turns":4},{"damage":0,"enemies":"Nemesis","floor":42,"turns":1},{"damage":0,"enemies":"3 Darklings","floor":45,"turns":1},{"damage":0,"enemies":"Donu and Deca","floor":50,"turns":1}],"seed_played":"-7219234753305552814","potions_obtained":[{"floor":1,"key":"Fire Potion"},{"floor":3,"key":"LiquidBronze"},{"floor":4,"key":"SkillPotion"},{"floor":10,"key":"Explosive Potion"}],"is_trial":false,"path_per_floor":["M","M","M","M","M","E","R","E","T","E","?","R","E","M","R","B",null,"M","?","M","?","M","E","R","E","T","E","R","E","?","M","R","B",null,"M","$","?","M","$","E","R","E","T","R","M","$","R","?","R","B",null],"character_chosen":"THE_SILENT","items_purchased":["Thinking Ahead","Ancient Tea Set","Frozen Eye","Deep Breath"],"campfire_rested":0,"item_purchase_floors":[36,36,39,46],"current_hp_per_floor":[70,70,70,70,70,66,66,55,62,62,47,47,47,47,47,47,77,76,76,76,76,76,72,72,72,72,72,72,74,77,67,67,69,77,77,77,77,70,70,72,72,84,84,84,86,86,86,76,76,78],"gold":0,"neow_bonus":"","is_prod":false,"is_daily":true,"chose_seed":false,"campfire_upgraded":10,"win_rate":0,"timestamp":1549618462,"path_taken":["M","M","M","M","M","E","R","E","T","E","?","R","E","M","R","BOSS","M","?","M","?","M","E","R","E","T","E","R","E","?","?","R","BOSS","M","$","?","M","?","E","R","E","T","R","M","$","R","?","R","BOSS"],"build_version":"2019-01-23","purchased_purges":2,"victory":true,"max_hp_per_floor":[70,70,70,70,70,70,70,70,77,77,77,77,77,77,77,77,77,77,77,77,77,77,77,77,77,77,77,77,77,77,77,77,77,77,77,77,77,77,77,77,77,87,87,87,87,87,87,87,87,87],"card_choices":[{"not_picked":["Bane","Dodge and Roll"],"picked":"Prepared","floor":1},{"not_picked":["PiercingWail","Flying Knee"],"picked":"Acrobatics","floor":2},{"not_picked":["Poisoned Stab","Dagger Spray"],"picked":"Blade Dance","floor":3},{"not_picked":["Deadly Poison","Outmaneuver"],"picked":"Finesse","floor":4},{"not_picked":["Outmaneuver","Dodge and Roll","Magnetism"],"picked":"SKIP","floor":5},{"not_picked":["Corpse Explosion","Master of Strategy"],"picked":"Storm of Steel","floor":6},{"not_picked":["Thinking Ahead","Transmutation"],"picked":"Apotheosis","floor":8},{"not_picked":["Transmutation","Chrysalis"],"picked":"Panache","floor":10},{"not_picked":["The Bomb","Storm of Steel"],"picked":"Thinking Ahead","floor":13},{"not_picked":["Slice","Dagger Spray","Sucker Punch"],"picked":"SKIP","floor":14},{"not_picked":["Dagger Spray","Leg Sweep","Deadly Poison"],"picked":"SKIP","floor":14},{"not_picked":["Storm of Steel","Doppelganger"],"picked":"Envenom","floor":16},{"not_picked":["Deflect+1","Reflex"],"picked":"Dagger Throw","floor":18},{"not_picked":["PiercingWail","Deadly Poison"],"picked":"Blur+1","floor":18},{"not_picked":["Deadly Poison","Dodge and Roll"],"picked":"A Thousand Cuts+1","floor":20},{"not_picked":["Dodge and Roll","Sucker Punch"],"picked":"Expertise+1","floor":20},{"not_picked":["Dagger Spray","Prepared"],"picked":"Deep Breath","floor":22},{"not_picked":["Endless Agony+1","Cloak And Dagger","Underhanded Strike"],"picked":"SKIP","floor":22},{"not_picked":["Secret Technique","Glass Knife"],"picked":"Adrenaline","floor":23},{"not_picked":["Die Die Die","Phantasmal Killer"],"picked":"Metamorphosis","floor":25},{"not_picked":["Mayhem+1","Secret Technique"],"picked":"Metamorphosis","floor":27},{"not_picked":["Phantasmal Killer","Die Die Die"],"picked":"Tools of the Trade+1","floor":29},{"not_picked":["Footwork+1","Slice"],"picked":"Swift Strike+1","floor":31},{"not_picked":["Deflect","Deadly Poison+1"],"picked":"Infinite Blades+1","floor":31},{"not_picked":["Storm of Steel","Bullet Time"],"picked":"Secret Technique","floor":33},{"not_picked":["Acrobatics","Concentrate"],"picked":"Panacea+1","floor":35},{"not_picked":["Dagger Spray","Crippling Poison"],"picked":"Outmaneuver+1","floor":35},{"not_picked":["Sucker Punch+1","Infinite Blades+1","Blur"],"picked":"SKIP","floor":38},{"not_picked":["Flying Knee+1","Dagger Spray","Deflect"],"picked":"SKIP","floor":38},{"not_picked":["Night Terror","Malaise"],"picked":"Envenom+1","floor":40},{"not_picked":["Sadistic Nature+1","Burst"],"picked":"Secret Technique","floor":42},{"not_picked":["Blur","Quick Slash"],"picked":"Distraction+1","floor":45},{"not_picked":["Deflect+1","Forethought","Flying Knee"],"picked":"SKIP","floor":45},{"not_picked":["Deep Breath","Dramatic Entrance"],"picked":"Flash of Steel","floor":48},{"not_picked":["Trip","Bandage Up"],"picked":"Deep Breath","floor":48}],"player_experience":104160,"relics_obtained":[{"floor":6,"key":"Mercury Hourglass"},{"floor":8,"key":"Prayer Wheel"},{"floor":9,"key":"Strawberry"},{"floor":10,"key":"Tiny Chest"},{"floor":13,"key":"Du-Vu Doll"},{"floor":23,"key":"Darkstone Periapt"},{"floor":25,"key":"Happy Flower"},{"floor":26,"key":"Paper Crane"},{"floor":27,"key":"Blood Vial"},{"floor":29,"key":"Tingsha"},{"floor":40,"key":"Gambling Chip"},{"floor":42,"key":"Pear"},{"floor":43,"key":"The Courier"}],"event_choices":[{"damage_healed":0,"gold_gain":0,"player_choice":"Entered Light","damage_taken":15,"max_hp_gain":0,"max_hp_loss":0,"event_name":"Shining Light","floor":11,"gold_loss":0,"cards_upgraded":["Blade Dance","Finesse"]},{"damage_healed":0,"gold_gain":0,"player_choice":"Obtained Relic","damage_taken":0,"relics_obtained":["Frozen Egg 2"],"max_hp_gain":0,"max_hp_loss":0,"event_name":"Addict","floor":19,"gold_loss":85},{"damage_healed":0,"gold_gain":0,"player_choice":"Read","damage_taken":0,"max_hp_gain":0,"max_hp_loss":0,"event_name":"The Library","floor":21,"gold_loss":0,"cards_obtained":["Panacea"]},{"cards_removed":["Dagger Throw"],"damage_healed":5,"gold_gain":0,"player_choice":"Offered Common","damage_taken":0,"max_hp_gain":0,"max_hp_loss":0,"event_name":"Bonfire Elementals","floor":30,"gold_loss":0},{"cards_removed":["Dagger Throw"],"damage_healed":5,"gold_gain":0,"player_choice":"Offered Special","damage_taken":0,"max_hp_gain":0,"max_hp_loss":0,"event_name":"Bonfire Elementals","floor":30,"gold_loss":0},{"damage_healed":0,"gold_gain":0,"player_choice":"Copied","damage_taken":0,"max_hp_gain":0,"max_hp_loss":0,"event_name":"Duplicator","floor":37,"gold_loss":0,"cards_obtained":["Panache"]},{"damage_healed":0,"gold_gain":0,"player_choice":"Memory 3","damage_taken":10,"max_hp_gain":0,"max_hp_loss":0,"event_name":"SensoryStone","floor":48,"gold_loss":0}],"is_beta":false,"boss_relics":[{"not_picked":["Empty Cage","Cursed Key"],"picked":"Sozu"},{"not_picked":["Eternal Feather","Astrolabe"],"picked":"WristBlade"}],"items_purged_floors":[39,46],"is_endless":false,"potions_floor_spawned":[1,3,4,10,13,22,25,27,33,35,40],"ascension_level":0}