{"gold_per_floor":[114,126,140,158,170,170,181,181,208,221,234,234,255,142,142,244,244,259,259,359,18,34,34,50,60,60,73,92,102,102,118,118,215,215,228,243,143,155,155,255,255,265,310,310,320,320,330,348,348,348],"floor_reached":51,"playtime":2745,"items_purged":["Strike_R","Shame"],"score":626,"play_id":"c3077e19-8e95-447d-ae8f-3bad0e71399a","local_time":"20190228001021","is_ascension_mode":false,"campfire_choices":[{"data":"Pommel Strike","floor":6,"key":"SMITH"},{"data":"Bash","floor":8,"key":"SMITH"},{"data":"Blood for Blood","floor":12,"key":"SMITH"},{"data":"Flame Barrier","floor":15,"key":"SMITH"},{"data":"Double Tap","floor":23,"key":"SMITH"},{"floor":32,"key":"REST"},{"data":"Armaments","floor":41,"key":"SMITH"},{"floor":49,"key":"REST"}],"neow_cost":"NONE","seed_source_timestamp":377667362109162,"circlet_count":0,"master_deck":["Strike_R","Strike_R","Strike_R","Strike_R","Defend_R","Defend_R","Defend_R","Defend_R","Bash+1","Impervious","Headbutt","Pommel Strike+1","Headbutt","Whirlwind","Battle Trance","Shrug It Off","Blood for Blood+1","Flame Barrier+1","Double Tap+1","True Grit+1","J.A.X.","Uppercut+1","Bloodletting+1","Armaments+1","Flex","Immolate+1","Flame Barrier+1","Spot Weakness+1","True Grit+1","Injury","Headbutt+1","Clumsy"],"relics":["Burning Blood","Potion Belt","Odd Mushroom","Cursed Key","Ice Cream","Molten Egg 2","Enchiridion","Mark of Pain","Unceasing Top","Bronze Scales","Singing Bowl"],"potions_floor_usage":[13,16,27,33,33,50,50,50,50,50],"damage_taken":[{"damage":5,"enemies":"Cultist","floor":1,"turns":4},{"damage":1,"enemies":"Jaw Worm","floor":2,"turns":4},{"damage":2,"enemies":"2 Louse","floor":3,"turns":3},{"damage":5,"enemies":"Looter","floor":4,"turns":3},{"damage":22,"enemies":"Exordium Thugs","floor":5,"turns":5},{"damage":0,"enemies":"3 Louse","floor":7,"turns":1},{"damage":1,"enemies":"2 Fungi Beasts","floor":10,"turns":3},{"damage":6,"enemies":"Blue Slaver","floor":11,"turns":3},{"damage":0,"enemies":"The Mushroom Lair","floor":13,"turns":1},{"damage":35,"enemies":"The Guardian","floor":16,"turns":9},{"damage":15,"enemies":"2 Thieves","floor":18,"turns":4},{"damage":13,"enemies":"Shell Parasite","floor":22,"turns":3},{"damage":6,"enemies":"Sentry and Sphere","floor":24,"turns":2},{"damage":9,"enemies":"Shelled Parasite and Fungi","floor":25,"turns":3},{"damage":18,"enemies":"Centurion and Healer","floor":27,"turns":3},{"damage":4,"enemies":"3 Cultists","floor":28,"turns":4},{"damage":8,"enemies":"Snake Plant","floor":29,"turns":3},{"damage":11,"enemies":"Centurion and Healer","floor":31,"turns":3},{"damage":44,"enemies":"Automaton","floor":33,"turns":10},{"damage":30,"enemies":"3 Darklings","floor":35,"turns":5},{"damage":6,"enemies":"Orb Walker","floor":36,"turns":2},{"damage":12,"enemies":"Maw","floor":38,"turns":5},{"damage":14,"enemies":"Mind Bloom Boss Battle","floor":40,"turns":7},{"damage":0,"enemies":"Jaw Worm Horde","floor":42,"turns":1},{"damage":22,"enemies":"4 Shapes","floor":45,"turns":10},{"damage":11,"enemies":"Writhing Mass","floor":47,"turns":6},{"damage":3,"enemies":"Sphere and 2 Shapes","floor":48,"turns":3},{"damage":41,"enemies":"Time Eater","floor":50,"turns":10}],"seed_played":"4654844451203434821","potions_obtained":[{"floor":2,"key":"PowerPotion"},{"floor":3,"key":"SkillPotion"},{"floor":5,"key":"SpeedPotion"},{"floor":13,"key":"PowerPotion"},{"floor":16,"key":"SpeedPotion"},{"floor":18,"key":"Fire Potion"},{"floor":24,"key":"EssenceOfSteel"},{"floor":33,"key":"LiquidBronze"},{"floor":38,"key":"EssenceOfSteel"},{"floor":42,"key":"SpeedPotion"},{"floor":47,"key":"Swift Potion"},{"floor":48,"key":"AttackPotion"}],"is_trial":false,"path_per_floor":["M","M","M","M","M","R","M","R","T","M","M","R","?","$","R","B",null,"M","?","?","$","M","R","M","M","T","M","M","M","?","M","R","B",null,"M","M","$","M","?","?","R","M","T","?","M","T","M","M","R","B",null],"character_chosen":"IRONCLAD","items_purchased":["Flame Barrier","Ice Cream","Energy Potion"],"campfire_rested":2,"item_purchase_floors":[14,21,21],"current_hp_per_floor":[80,80,80,80,64,64,70,70,70,75,75,75,80,80,80,51,80,71,71,71,71,64,64,64,61,61,49,51,49,33,28,52,14,80,56,56,56,50,50,42,42,48,48,48,32,32,29,34,59,24],"gold":348,"neow_bonus":"ONE_RANDOM_RARE_CARD","is_prod":false,"is_daily":false,"chose_seed":false,"campfire_upgraded":6,"win_rate":0,"timestamp":1551283821,"path_taken":["M","M","M","M","M","R","M","R","T","?","M","R","?","$","R","BOSS","M","?","?","$","M","R","M","M","T","M","M","?","?","M","R","BOSS","M","M","$","M","?","?","R","M","T","?","?","?","M","M","R","BOSS"],"build_version":"2019-01-23","purchased_purges":2,"victory":true,"max_hp_per_floor":[80,80,80,80,80,80,80,80,80,80,80,80,80,80,80,80,80,80,80,80,80,80,80,80,80,80,80,80,80,80,80,80,80,80,80,80,80,80,80,80,80,80,80,80,80,80,82,84,84,84],"card_choices":[{"not_picked":["Carnage","Power Through"],"picked":"Headbutt","floor":1},{"not_picked":["Wild Strike","Pummel"],"picked":"Pommel Strike","floor":2},{"not_picked":["Evolve","Sever Soul"],"picked":"Headbutt","floor":3},{"not_picked":["Pummel","Hemokinesis"],"picked":"Whirlwind","floor":4},{"not_picked":["Havoc","True Grit","Warcry"],"picked":"SKIP","floor":5},{"not_picked":["Anger","Headbutt"],"picked":"Battle Trance","floor":7},{"not_picked":["Anger","Sword Boomerang"],"picked":"Shrug It Off","floor":10},{"not_picked":["Warcry","True Grit"],"picked":"Blood for Blood","floor":11},{"not_picked":["Juggernaut","Immolate"],"picked":"Double Tap","floor":16},{"not_picked":["Perfected Strike","Combust"],"picked":"True Grit+1","floor":18},{"not_picked":["Disarm","Searing Blow"],"picked":"Uppercut+1","floor":22},{"not_picked":["Uppercut+1","Cleave","Second Wind"],"picked":"SKIP","floor":24},{"not_picked":["Searing Blow","True Grit"],"picked":"Bloodletting","floor":25},{"not_picked":["Power Through+1","Metallicize+1"],"picked":"Armaments","floor":27},{"not_picked":["True Grit","Heavy Blade+1","Clash+1"],"picked":"SKIP","floor":28},{"not_picked":["Cleave+1","Evolve"],"picked":"Flex","floor":29},{"not_picked":["Fire Breathing","Hemokinesis+1","Bloodletting"],"picked":"SKIP","floor":31},{"not_picked":["Fiend Fire+1","Berserk"],"picked":"Immolate+1","floor":33},{"not_picked":["Bloodletting+1","True Grit+1"],"picked":"Flame Barrier+1","floor":35},{"not_picked":["Heavy Blade+1","Sentinel+1","Cleave+1"],"picked":"SKIP","floor":36},{"not_picked":["Reckless Charge+1","Iron Wave+1"],"picked":"Spot Weakness+1","floor":38},{"not_picked":["Thunderclap+1","Warcry"],"picked":"True Grit+1","floor":42},{"not_picked":["Wild Strike+1","Corruption"],"picked":"Headbutt+1","floor":45},{"not_picked":["True Grit+1","Armaments","Searing Blow+1"],"picked":"Singing Bowl","floor":47},{"not_picked":["Shrug It Off","Iron Wave+1","Warcry"],"picked":"Singing Bowl","floor":48}],"player_experience":715906,"relics_obtained":[{"floor":9,"key":"Potion Belt"},{"floor":13,"key":"Odd Mushroom"},{"floor":26,"key":"Molten Egg 2"},{"floor":30,"key":"Enchiridion"},{"floor":40,"key":"Unceasing Top"},{"floor":43,"key":"Bronze Scales"},{"floor":46,"key":"Singing Bowl"}],"event_choices":[{"damage_healed":0,"gold_gain":0,"player_choice":"Fought Mushrooms","damage_taken":0,"max_hp_gain":0,"max_hp_loss":0,"event_name":"Mushrooms","floor":13,"gold_loss":0},{"damage_healed":0,"gold_gain":0,"player_choice":"Obtain J.A.X.","damage_taken":0,"max_hp_gain":0,"max_hp_loss":0,"event_name":"Drug Dealer","floor":19,"gold_loss":0,"cards_obtained":["J.A.X."]},{"damage_healed":0,"gold_gain":100,"player_choice":"Pray","damage_taken":0,"max_hp_gain":0,"max_hp_loss":0,"event_name":"Golden Shrine","floor":20,"gold_loss":0},{"damage_healed":0,"gold_gain":0,"player_choice":"Obtained Book","damage_taken":16,"max_hp_gain":0,"max_hp_loss":0,"event_name":"Cursed Tome","floor":30,"gold_loss":0},{"damage_healed":0,"gold_gain":0,"player_choice":"Ignored","damage_taken":0,"max_hp_gain":0,"max_hp_loss":0,"event_name":"Tomb of Lord Red Mask","floor":39,"gold_loss":0},{"damage_healed":0,"gold_gain":0,"player_choice":"Fight","damage_taken":0,"max_hp_gain":0,"max_hp_loss":0,"event_name":"MindBloom","floor":40,"gold_loss":0},{"damage_healed":0,"gold_gain":0,"player_choice":"Upgraded","damage_taken":0,"max_hp_gain":0,"max_hp_loss":0,"event_name":"Upgrade Shrine","floor":44,"gold_loss":0,"cards_upgraded":["Bloodletting"]}],"is_beta":false,"boss_relics":[{"not_picked":["Runic Dome","Philosopher\u0027s Stone"],"picked":"Cursed Key"},{"not_picked":["Velvet Choker","Pandora\u0027s Box"],"picked":"Mark of Pain"}],"items_purged_floors":[14,37],"is_endless":false,"potions_floor_spawned":[2,3,5,13,16,18,24,33,38,42,47,48],"ascension_level":0}