{"gold_per_floor":[13,32,32,32,50,50,84,84,110,123,123,123,150,165,165,266,266,281,298,213,240,259,259,259,259,284,302,318,318,268,288,288,387,387,407,407,454,454,306,306,318,121,121,121,121,121,121,141,141,141],"floor_reached":51,"playtime":1754,"items_purged":["Strike_R","Strike_R","Strike_R"],"score":828,"play_id":"853883d3-2397-4df5-b6fc-7e333fe6a76b","local_time":"20190421094055","is_ascension_mode":false,"campfire_choices":[{"data":"Searing Blow","floor":6,"key":"SMITH"},{"data":"Searing Blow+1","floor":8,"key":"SMITH"},{"data":"Searing Blow+2","floor":15,"key":"SMITH"},{"data":"Searing Blow+3","floor":23,"key":"SMITH"},{"data":"Searing Blow+5","floor":25,"key":"SMITH"},{"data":"Searing Blow+6","floor":29,"key":"SMITH"},{"data":"Searing Blow+7","floor":32,"key":"SMITH"},{"data":"Searing Blow+8","floor":40,"key":"SMITH"},{"data":"Searing Blow+9","floor":45,"key":"SMITH"},{"data":"Searing Blow+11","floor":47,"key":"SMITH"},{"data":"Searing Blow+12","floor":49,"key":"SMITH"}],"neow_cost":"NO_GOLD","seed_source_timestamp":832603741603900,"circlet_count":0,"master_deck":["Strike_R+1","Defend_R+1","Defend_R+1","Bash+1","Shrug It Off+1","Searing Blow+13","Battle Trance+1","Dual Wield+1","Armaments+1","Seeing Red+1","Madness+1","Madness+1","Shrug It Off+1"],"relics":["Burning Blood","Ancient Tea Set","War Paint","Smiling Mask","Bird Faced Urn","Pocketwatch","Eternal Feather","Paper Frog","Red Mask","Bag of Preparation","Runic Dome","StoneCalendar","Pen Nib","Bottled Lightning","Mark of the Bloom"],"potions_floor_usage":[37,37,50,50],"damage_taken":[{"damage":4,"enemies":"2 Louse","floor":1,"turns":3},{"damage":14,"enemies":"Jaw Worm","floor":2,"turns":4},{"damage":2,"enemies":"Small Slimes","floor":5,"turns":5},{"damage":36,"enemies":"3 Sentries","floor":7,"turns":10},{"damage":0,"enemies":"Looter","floor":10,"turns":2},{"damage":28,"enemies":"Gremlin Nob","floor":13,"turns":4},{"damage":0,"enemies":"Large Slime","floor":14,"turns":7},{"damage":21,"enemies":"The Guardian","floor":16,"turns":12},{"damage":0,"enemies":"Chosen","floor":18,"turns":4},{"damage":13,"enemies":"Shell Parasite","floor":19,"turns":7},{"damage":55,"enemies":"Masked Bandits","floor":21,"turns":6},{"damage":0,"enemies":"Centurion and Healer","floor":22,"turns":5},{"damage":0,"enemies":"Chosen and Byrds","floor":27,"turns":3},{"damage":0,"enemies":"3 Cultists","floor":28,"turns":3},{"damage":0,"enemies":"Snecko","floor":31,"turns":2},{"damage":0,"enemies":"Collector","floor":33,"turns":2},{"damage":0,"enemies":"3 Shapes","floor":35,"turns":4},{"damage":47,"enemies":"2 Orb Walkers","floor":37,"turns":5},{"damage":0,"enemies":"Orb Walker","floor":41,"turns":2},{"damage":0,"enemies":"Spire Growth","floor":48,"turns":2},{"damage":0,"enemies":"Awakened One","floor":50,"turns":2}],"seed_played":"-909845276000903862","potions_obtained":[{"floor":5,"key":"SpeedPotion"},{"floor":7,"key":"SpeedPotion"},{"floor":14,"key":"Swift Potion"},{"floor":16,"key":"Dexterity Potion"},{"floor":27,"key":"BloodPotion"},{"floor":37,"key":"Strength Potion"}],"is_trial":false,"path_per_floor":["M","M","?","?","M","R","E","R","T","M","?","T","E","M","R","B",null,"M","M","?","?","M","R","?","R","T","M","M","R","$","M","R","B",null,"M","?","?","?","$","R","M","$","T","?","R","?","R","M","R","B",null],"character_chosen":"IRONCLAD","items_purchased":["FearPotion","Swift Potion","Pen Nib"],"campfire_rested":0,"item_purchase_floors":[39,39,42],"current_hp_per_floor":[80,72,72,77,81,81,51,51,51,57,39,39,17,23,23,8,85,85,78,78,29,35,41,41,47,47,53,59,65,65,71,77,83,85,85,74,41,74,74,74,74,74,74,74,74,74,74,74,74,74],"gold":141,"neow_bonus":"REMOVE_TWO","is_prod":false,"is_daily":false,"chose_seed":false,"campfire_upgraded":11,"win_rate":0,"timestamp":1555832455,"path_taken":["M","M","?","?","M","R","E","R","T","M","?","?","E","M","R","BOSS","M","M","?","?","M","R","?","R","T","M","M","R","$","?","R","BOSS","M","?","?","?","$","R","?","$","T","?","R","?","R","M","R","BOSS"],"build_version":"2019-01-23","purchased_purges":3,"victory":true,"max_hp_per_floor":[80,80,80,85,85,85,85,85,85,85,85,85,85,85,85,85,85,85,85,85,85,85,85,85,85,85,85,85,85,85,85,85,85,85,85,85,85,74,74,74,74,74,74,74,74,74,74,74,74,74],"card_choices":[{"not_picked":["Anger","Sentinel","Iron Wave"],"picked":"SKIP","floor":1},{"not_picked":["Bloodletting","Warcry"],"picked":"Shrug It Off","floor":2},{"not_picked":["Entrench","Twin Strike"],"picked":"Searing Blow","floor":5},{"not_picked":["Pommel Strike","Anger"],"picked":"Battle Trance","floor":7},{"not_picked":["Warcry","True Grit","Heavy Blade"],"picked":"SKIP","floor":10},{"not_picked":["Heavy Blade","Exhume"],"picked":"Dual Wield","floor":13},{"not_picked":["Carnage","Metallicize","Anger"],"picked":"SKIP","floor":14},{"not_picked":["Feel No Pain+1","Pommel Strike"],"picked":"Armaments+1","floor":18},{"not_picked":["Headbutt","Clash+1","Evolve+1"],"picked":"SKIP","floor":19},{"not_picked":["Brutality","Body Slam","Perfected Strike"],"picked":"SKIP","floor":22},{"not_picked":["Blood for Blood+1","Rampage","Rage"],"picked":"SKIP","floor":27},{"not_picked":["Havoc","Cleave","True Grit"],"picked":"SKIP","floor":28},{"not_picked":["Sword Boomerang","Burning Pact","Thunderclap"],"picked":"SKIP","floor":31},{"not_picked":["Headbutt+1","Body Slam"],"picked":"Seeing Red+1","floor":35},{"not_picked":["Battle Trance","Disarm+1"],"picked":"Shrug It Off+1","floor":37},{"not_picked":["Bloodletting","Uppercut","Burning Pact+1"],"picked":"SKIP","floor":41},{"not_picked":["Shockwave","Perfected Strike+1","Battle Trance"],"picked":"SKIP","floor":48}],"player_experience":612760,"relics_obtained":[{"floor":7,"key":"Ancient Tea Set"},{"floor":9,"key":"War Paint"},{"floor":12,"key":"Bird Faced Urn"},{"floor":13,"key":"Pocketwatch"},{"floor":21,"key":"Red Mask"},{"floor":26,"key":"Bag of Preparation"},{"floor":37,"key":"StoneCalendar"},{"floor":43,"key":"Bottled Lightning"}],"event_choices":[{"cards_removed":["Defend_R"],"damage_healed":0,"gold_gain":0,"player_choice":"Forget","damage_taken":0,"max_hp_gain":0,"max_hp_loss":0,"event_name":"Living Wall","floor":3,"gold_loss":0},{"damage_healed":0,"gold_gain":0,"player_choice":"Donut","damage_taken":0,"max_hp_gain":5,"max_hp_loss":0,"event_name":"Big Fish","floor":4,"gold_loss":0},{"damage_healed":0,"gold_gain":0,"player_choice":"Success","damage_taken":18,"relics_obtained":["Smiling Mask"],"max_hp_gain":0,"max_hp_loss":0,"event_name":"Scrap Ooze","floor":11,"gold_loss":0},{"damage_healed":0,"gold_gain":0,"player_choice":"Obtained Relic","damage_taken":0,"relics_obtained":["Paper Frog"],"max_hp_gain":0,"max_hp_loss":0,"event_name":"Addict","floor":20,"gold_loss":85},{"damage_healed":0,"gold_gain":0,"player_choice":"Fought Bandits","damage_taken":0,"max_hp_gain":0,"max_hp_loss":0,"event_name":"Masked Bandits","floor":21,"gold_loss":0},{"damage_healed":0,"gold_gain":0,"player_choice":"Forge","damage_taken":0,"max_hp_gain":0,"max_hp_loss":0,"event_name":"Accursed Blacksmith","floor":24,"gold_loss":0,"cards_upgraded":["Searing Blow"]},{"damage_healed":0,"gold_gain":0,"player_choice":"Embrace Madness","damage_taken":11,"max_hp_gain":0,"max_hp_loss":0,"event_name":"Winding Halls","floor":36,"gold_loss":0,"cards_obtained":["Madness","Madness"]},{"damage_healed":0,"gold_gain":0,"player_choice":"Fight","damage_taken":0,"max_hp_gain":0,"max_hp_loss":0,"event_name":"Mysterious Sphere","floor":37,"gold_loss":0},{"damage_healed":74,"gold_gain":0,"player_choice":"Heal","damage_taken":0,"max_hp_gain":0,"max_hp_loss":11,"event_name":"The Moai Head","floor":38,"gold_loss":0},{"damage_healed":0,"gold_gain":0,"player_choice":"Memory 1","damage_taken":0,"max_hp_gain":0,"max_hp_loss":0,"event_name":"SensoryStone","floor":44,"gold_loss":0},{"damage_healed":0,"gold_gain":0,"player_choice":"Upgrade","damage_taken":0,"relics_obtained":["Mark of the Bloom"],"max_hp_gain":0,"max_hp_loss":0,"event_name":"MindBloom","floor":46,"gold_loss":0,"cards_upgraded":["Strike_R","Defend_R","Bash","Searing Blow","Battle Trance","Dual Wield","Madness","Madness"]}],"is_beta":false,"boss_relics":[{"not_picked":["Astrolabe","Runic Pyramid"],"picked":"Eternal Feather"},{"not_picked":["Fusion Hammer","Calling Bell"],"picked":"Runic Dome"}],"items_purged_floors":[30,39,42],"is_endless":false,"potions_floor_spawned":[5,7,14,16,19,21,27,35,37,41],"ascension_level":0}