{"path_per_floor":["M","M","M","?","?","E","R","M","T","$","T","R","M","M","R","B",null,"M","?","?","$","M","R","M","M","T","R","M","R","?","M","R","B",null,"M","?","M","$","?","R","E","$","T","M","R","M","R","?","R","B"],"character_chosen":"IRONCLAD","items_purchased":["Bloodletting","Evolve","Vajra","Bag of Preparation"],"gold_per_floor":[116,128,140,215,215,245,245,264,344,269,269,269,289,303,303,403,403,413,413,413,204,223,223,237,254,254,254,266,266,266,277,277,373,373,390,390,400,251,251,251,276,7,7,21,21,39,39,39,39,39],"floor_reached":51,"campfire_rested":3,"playtime":2238,"current_hp_per_floor":[80,80,80,69,69,60,60,51,51,51,51,51,57,54,54,13,80,61,61,61,61,47,47,46,27,27,51,44,44,29,16,41,41,85,64,64,64,64,64,64,57,57,57,60,60,60,60,60,85,39],"items_purged":["Strike_R","Strike_R","Strike_R"],"gold":39,"score":702,"play_id":"79495c3e-6c14-458d-b683-c4a0a0f2e5e1","local_time":"20180322010602","is_prod":false,"is_daily":false,"is_ascension_mode":false,"campfire_upgraded":8,"timestamp":1521651962,"path_taken":["M","M","M","?","?","E","R","M","T","?","?","R","M","?","R","BOSS","M","?","?","$","M","R","M","M","T","R","M","R","?","?","R","BOSS","M","?","M","$","?","R","E","$","T","M","R","M","R","?","R","BOSS"],"build_version":"2018-03-15v3","purchased_purges":3,"victory":true,"master_deck":["Defend_R","Defend_R","Defend_R","Defend_R+1","Bash+1","Twin Strike+1","Thunderclap+1","Barricade+1","Battle Trance+1","Spot Weakness+1","Limit Break+1","Armaments+1","Clothesline","Bloodletting+1","Evolve+1","Inflame+1","True Grit+1","Whirlwind+1","Shrug It Off+1","Limit Break+1","Flex+1","Pommel Strike+1","Headbutt+1","Heavy Blade+1","Headbutt+1"],"max_hp_per_floor":[80,80,80,80,80,80,80,80,80,80,80,80,80,80,80,80,80,80,80,80,80,80,80,80,80,80,80,80,80,85,85,85,85,85,85,85,85,85,85,85,85,85,85,85,85,85,85,85,85,85],"relics":["Burning Blood","Letter Opener","Toxic Egg 2","Bottled Flame","Ice Cream","Mark of Pain","Dead Branch","Question Card","Vajra","Gambling Chip","Bag of Preparation","Champion Belt"],"card_choices":[{"not_picked":["Thunderclap","Intimidate"],"picked":"Twin Strike"},{"not_picked":["Power Through","Clothesline"],"picked":"Thunderclap"},{"not_picked":["Carnage","Perfected Strike"],"picked":"Barricade"},{"not_picked":["Sentinel","Shrug It Off"],"picked":"Battle Trance"},{"not_picked":["Infernal Blade","Headbutt"],"picked":"Spot Weakness"},{"not_picked":["Impervious","Fiend Fire"],"picked":"Limit Break"},{"not_picked":["Perfected Strike","Clothesline"],"picked":"Armaments"},{"not_picked":["Sever Soul","Fire Breathing"],"picked":"Inflame"},{"not_picked":["Sever Soul","Reckless Charge"],"picked":"True Grit"},{"not_picked":["Impervious","Pummel"],"picked":"Whirlwind"},{"not_picked":["Twin Strike","Headbutt"],"picked":"Shrug It Off"},{"not_picked":["Barricade","Impervious"],"picked":"Limit Break"},{"not_picked":["Reckless Charge","Wild Strike","Perfected Strike"],"picked":"Flex"},{"not_picked":["Flex","Clothesline","Flame Barrier"],"picked":"Pommel Strike"},{"not_picked":["Pommel Strike","Intimidate","True Grit"],"picked":"Headbutt"},{"not_picked":["Metallicize","Infernal Blade","Wild Strike"],"picked":"Heavy Blade"},{"not_picked":["Iron Wave","Flame Barrier","Clash"],"picked":"Headbutt"}],"player_experience":355278,"potions_floor_usage":[8,24,33,41,50,50],"damage_taken":[{"damage":5,"enemies":"Small Slimes","floor":1,"turns":3},{"damage":1,"enemies":"Jaw Worm","floor":2,"turns":3},{"damage":0,"enemies":"2 Louse","floor":3,"turns":2},{"damage":15,"enemies":"Gremlin Nob","floor":6,"turns":4},{"damage":15,"enemies":"Gremlin Gang","floor":8,"turns":4},{"damage":0,"enemies":"Exordium Wildlife","floor":13,"turns":2},{"damage":9,"enemies":"Blue Slaver","floor":14,"turns":3},{"damage":47,"enemies":"The Guardian","floor":16,"turns":9},{"damage":25,"enemies":"Shell Parasite","floor":18,"turns":4},{"damage":20,"enemies":"2 Thieves","floor":22,"turns":4},{"damage":7,"enemies":"3 Cultists","floor":24,"turns":4},{"damage":25,"enemies":"Centurion and Healer","floor":25,"turns":4},{"damage":13,"enemies":"Sentry and Sphere","floor":28,"turns":3},{"damage":19,"enemies":"Slaver and Parasite","floor":31,"turns":4},{"damage":6,"enemies":"Champ","floor":33,"turns":8},{"damage":27,"enemies":"3 Darklings","floor":35,"turns":5},{"damage":6,"enemies":"3 Shapes","floor":37,"turns":5},{"damage":28,"enemies":"Giant Head","floor":41,"turns":7},{"damage":3,"enemies":"3 Darklings","floor":44,"turns":1},{"damage":6,"enemies":"Maw","floor":46,"turns":3},{"damage":52,"enemies":"Awakened One","floor":50,"turns":7}],"event_choices":[{"event_name":"World of Goop","player_choice":"Gather Gold","floor":4,"damage_taken":0},{"event_name":"Wheel of Change","player_choice":"Relic","floor":5,"damage_taken":0},{"event_name":"Back to Basics","player_choice":"Elegance","floor":19,"damage_taken":0},{"event_name":"Transmorgrifier","player_choice":"Transform","floor":20,"damage_taken":0},{"event_name":"Forgotten Altar","player_choice":"Shed Blood","floor":30,"damage_taken":0},{"event_name":"Tomb of Lord Red Mask","player_choice":"Ignored","floor":36,"damage_taken":0},{"event_name":"Mysterious Sphere","player_choice":"Ignore","floor":39,"damage_taken":0},{"event_name":"Accursed Blacksmith","player_choice":"Forge","floor":48,"damage_taken":0}],"boss_relics":[{"not_picked":["Eternal Feather","Astrolabe"],"picked":"Mark of Pain"},{"not_picked":["Orrery","Calling Bell"],"picked":"Question Card"}],"potions_floor_spawned":[2,6,14,16,18,28,31,37,41,44],"seed_played":"3798643675818115794","ascension_level":0,"is_trial":false}