{"gold_per_floor":[114,114,114,114,129,159,159,159,184,359,374,389,419,446,458,570,582,609,621,633,645,672,744,771,798,810,852,789,801,843,1255,1267,1379,1391,1418,1430,945,945,945,975,700,730,755,770,420,450,0,30,30,30],"floor_reached":51,"playtime":3574,"items_purged":["Defend_R","Strike_G"],"score":1202,"play_id":"3ca10080-d587-4194-820e-7f05b2d0dbcc","local_time":"20190227151223","daily_mods":["Chimera","Time Dilation","Elite Swarm"],"is_ascension_mode":false,"campfire_choices":[{"floor":8.0,"key":"REST"},{"floor":15.0,"key":"REST"},{"data":"Bash","floor":29.0,"key":"SMITH"},{"data":"Doom and Gloom","floor":32.0,"key":"SMITH"},{"data":"Apotheosis","floor":49,"key":"SMITH"}],"neow_cost":"","seed_source_timestamp":0,"circlet_count":0,"master_deck":["Bash+1","Survivor+1","Zap","Strike_R","Defend_B","Ball Lightning","Lockon","Electrodynamics","Leap","Buffer","Conserve Battery","Ghostly","Ghostly","Ghostly","Ghostly","Ghostly","Necronomicurse","Buffer","Doom and Gloom+1","Conserve Battery","Echo Form+1","Creative AI+1","Thunder Strike","Defragment+1","Apotheosis+1","Core Surge","Seek","Storm+1"],"special_seed":17954,"relics":["Cracked Core","Orichalcum","Torii","Centennial Puzzle","MawBank","Velvet Choker","Necronomicon","Tiny Chest","Unceasing Top","Frozen Egg 2","Dodecahedron","Old Coin","Bottled Tornado","Nuclear Battery","Matryoshka","FossilizedHelix","ClockworkSouvenir","Singing Bowl","Vajra","DataDisk","Pear","Art of War","Happy Flower","Frozen Eye","Ancient Tea Set"],"potions_floor_usage":[47,50],"damage_taken":[{"damage":5.0,"enemies":"Jaw Worm","floor":1.0,"turns":4.0},{"damage":1.0,"enemies":"Small Slimes","floor":5.0,"turns":3.0},{"damage":23.0,"enemies":"3 Sentries","floor":6.0,"turns":7.0},{"damage":0.0,"enemies":"Cultist","floor":11.0,"turns":3.0},{"damage":10.0,"enemies":"Large Slime","floor":12.0,"turns":3.0},{"damage":1.0,"enemies":"Lagavulin","floor":13.0,"turns":5.0},{"damage":7.0,"enemies":"Exordium Thugs","floor":14.0,"turns":4.0},{"damage":7.0,"enemies":"Hexaghost","floor":16.0,"turns":9.0},{"damage":9.0,"enemies":"2 Thieves","floor":18.0,"turns":4.0},{"damage":0.0,"enemies":"Shell Parasite","floor":22.0,"turns":6.0},{"damage":0.0,"enemies":"Slavers","floor":23.0,"turns":4.0},{"damage":0.0,"enemies":"Centurion and Healer","floor":24.0,"turns":6.0},{"damage":0.0,"enemies":"Snake Plant","floor":25.0,"turns":4.0},{"damage":0.0,"enemies":"Gremlin Leader","floor":27.0,"turns":7.0},{"damage":0.0,"enemies":"Slavers","floor":30.0,"turns":5.0},{"damage":0.0,"enemies":"Colosseum Slavers","floor":31.0,"turns":3.0},{"damage":0.0,"enemies":"Colosseum Nobs","floor":31.0,"turns":6.0},{"damage":0.0,"enemies":"Champ","floor":33.0,"turns":11.0},{"damage":0,"enemies":"3 Shapes","floor":35,"turns":3},{"damage":0,"enemies":"Giant Head","floor":40,"turns":7},{"damage":0,"enemies":"Nemesis","floor":42,"turns":7},{"damage":0,"enemies":"Orb Walker","floor":44,"turns":4},{"damage":0,"enemies":"Reptomancer","floor":46,"turns":4},{"damage":0,"enemies":"Nemesis","floor":48,"turns":5},{"damage":0,"enemies":"Awakened One","floor":50,"turns":5}],"seed_played":"8256108652723844663","potions_obtained":[{"floor":1.0,"key":"Swift Potion"},{"floor":5.0,"key":"Strength Potion"},{"floor":6.0,"key":"SteroidPotion"},{"floor":13.0,"key":"Dexterity Potion"},{"floor":22.0,"key":"SteroidPotion"},{"floor":23.0,"key":"Ancient Potion"},{"floor":30.0,"key":"Energy Potion"},{"floor":31.0,"key":"SneckoOil"},{"floor":35,"key":"AttackPotion"},{"floor":40,"key":"PowerPotion"},{"floor":48,"key":"Fire Potion"}],"is_trial":false,"path_per_floor":["M","?","?","?","M","E","$","R","T","?","M","M","E","M","R","B",null,"M","?","?","?","M","E","M","M","T","E","?","R","E","?","R","B",null,"M","?","$","?","?","E","$","E","T","M","$","E","$","E","R","B",null],"character_chosen":"DEFECT","items_purchased":["Matryoshka","Defragment+1","Apotheosis","ClockworkSouvenir","Pear","Happy Flower","Fruit Juice","Frozen Eye"],"campfire_rested":2,"item_purchase_floors":[37,37,37,41,45,47,47,47],"current_hp_per_floor":[70,55,55,52,51,28,28,50,50,50,50,40,39,32,54,47,75,66,37,21,21,21,21,21,21,21,21,21,21,21,21,21,21,37,37,37,37,35,35,35,35,35,35,35,45,47,52,54,54,54],"gold":30,"neow_bonus":"","is_prod":false,"is_daily":true,"chose_seed":false,"campfire_upgraded":3,"win_rate":0,"timestamp":1551301943,"path_taken":["M","?","?","?","?","E","?","R","T","?","M","M","E","M","R","BOSS","M","?","?","?","M","E","M","?","T","E","?","R","E","?","R","BOSS","M","?","$","?","?","E","?","E","T","M","$","E","$","E","R","BOSS"],"build_version":"2019-01-23","purchased_purges":2,"victory":true,"max_hp_per_floor":[75,75,75,75,75,75,75,75,75,75,75,75,75,75,75,75,75,75,37,37,37,37,37,37,37,37,37,37,37,37,37,37,37,37,37,37,37,35,35,35,35,35,35,35,45,47,52,54,54,54],"card_choices":[{"not_picked":["Darkness","Hello World"],"picked":"Ball Lightning","floor":1.0},{"not_picked":["Sweeping Beam","Hologram"],"picked":"Lockon","floor":5.0},{"not_picked":["Buffer","Amplify"],"picked":"Electrodynamics","floor":6.0},{"not_picked":["Go for the Eyes","Stack","Rebound"],"picked":"SKIP","floor":11.0},{"not_picked":["Hologram","Redo"],"picked":"Leap","floor":12.0},{"not_picked":["Creative AI","All For One"],"picked":"Buffer","floor":13.0},{"not_picked":["Redo","Rebound"],"picked":"Conserve Battery","floor":14.0},{"not_picked":["Rebound","Beam Cell","Sweeping Beam"],"picked":"SKIP","floor":18.0},{"not_picked":["Leap","Coolheaded","Rebound"],"picked":"SKIP","floor":22.0},{"not_picked":["Echo Form","Core Surge"],"picked":"Buffer","floor":23.0},{"not_picked":["Streamline","Go for the Eyes"],"picked":"Doom and Gloom","floor":24.0},{"not_picked":["Leap+1","Cold Snap+1"],"picked":"Conserve Battery","floor":25.0},{"not_picked":["Biased Cognition","Electrodynamics"],"picked":"Echo Form","floor":27.0},{"not_picked":["Amplify","Rainbow"],"picked":"Creative AI+1","floor":30.0},{"not_picked":["Multi-Cast","Machine Learning+1"],"picked":"Thunder Strike","floor":33.0},{"not_picked":["Hello World+1","Compile Driver+1","Beam Cell+1"],"picked":"SKIP","floor":35},{"not_picked":["Echo Form+1","Amplify"],"picked":"Core Surge","floor":40},{"not_picked":["Reboot","All For One"],"picked":"Seek","floor":42},{"not_picked":["Fusion+1","Beam Cell+1"],"picked":"Storm+1","floor":44},{"not_picked":["Hyperbeam","Reboot","Multi-Cast"],"picked":"Singing Bowl","floor":46},{"not_picked":["Meteor Strike","Multi-Cast","Amplify"],"picked":"Singing Bowl","floor":48}],"player_experience":225084,"relics_obtained":[{"floor":6.0,"key":"Torii"},{"floor":9.0,"key":"Centennial Puzzle"},{"floor":13.0,"key":"MawBank"},{"floor":20.0,"key":"Necronomicon"},{"floor":23.0,"key":"Tiny Chest"},{"floor":26.0,"key":"Unceasing Top"},{"floor":27.0,"key":"Frozen Egg 2"},{"floor":30.0,"key":"Dodecahedron"},{"floor":31.0,"key":"Old Coin"},{"floor":31.0,"key":"Bottled Tornado"},{"floor":40,"key":"FossilizedHelix"},{"floor":42,"key":"Singing Bowl"},{"floor":43,"key":"Vajra"},{"floor":43,"key":"DataDisk"},{"floor":46,"key":"Art of War"},{"floor":48,"key":"Ancient Tea Set"}],"event_choices":[{"damage_healed":0.0,"max_hp_gain":0.0,"max_hp_loss":0.0,"gold_gain":0.0,"event_name":"Shining Light","player_choice":"Entered Light","floor":2.0,"gold_loss":0.0,"damage_taken":15.0,"cards_upgraded":["Strike_B","Survivor"]},{"damage_healed":0.0,"max_hp_gain":0.0,"max_hp_loss":0.0,"gold_gain":0.0,"event_name":"The Cleric","player_choice":"Leave","floor":3.0,"gold_loss":0.0,"damage_taken":0.0},{"damage_healed":0.0,"max_hp_gain":0.0,"max_hp_loss":0.0,"gold_gain":0.0,"event_name":"Scrap Ooze","player_choice":"Success","floor":4.0,"gold_loss":0.0,"damage_taken":3.0,"relics_obtained":["Orichalcum"]},{"damage_healed":0.0,"max_hp_gain":0.0,"max_hp_loss":0.0,"gold_gain":175.0,"event_name":"Liars Game","player_choice":"AGREE","floor":10.0,"gold_loss":0.0,"damage_taken":0.0,"cards_obtained":["Doubt"]},{"damage_healed":0.0,"max_hp_gain":0.0,"max_hp_loss":38.0,"gold_gain":0.0,"event_name":"Ghosts","player_choice":"Became a Ghost","floor":19.0,"gold_loss":0.0,"damage_taken":0.0,"cards_obtained":["Ghostly","Ghostly","Ghostly","Ghostly","Ghostly"]},{"damage_healed":0.0,"max_hp_gain":0.0,"max_hp_loss":0.0,"gold_gain":0.0,"event_name":"Cursed Tome","player_choice":"Obtained Book","floor":20.0,"gold_loss":0.0,"damage_taken":16.0},{"cards_removed":["Doubt"],"damage_healed":0.0,"max_hp_gain":0.0,"max_hp_loss":0.0,"gold_gain":0.0,"event_name":"Fountain of Cleansing","player_choice":"Removed Curses","floor":21.0,"gold_loss":0.0,"damage_taken":0.0},{"cards_removed":["Defend_G"],"damage_healed":0.0,"max_hp_gain":0.0,"max_hp_loss":0.0,"gold_gain":0.0,"event_name":"Beggar","player_choice":"Gave Gold","floor":28.0,"gold_loss":75.0,"damage_taken":0.0},{"damage_healed":0.0,"max_hp_gain":0.0,"max_hp_loss":0.0,"gold_gain":0.0,"event_name":"Colosseum","player_choice":"Fight","floor":31.0,"gold_loss":0.0,"damage_taken":0.0},{"damage_healed":0.0,"max_hp_gain":0.0,"max_hp_loss":0.0,"gold_gain":0.0,"event_name":"Colosseum","player_choice":"Fought Nobs","floor":31.0,"gold_loss":0.0,"damage_taken":0.0},{"damage_healed":0,"gold_gain":0,"player_choice":"Ignored","damage_taken":0,"max_hp_gain":0,"max_hp_loss":0,"event_name":"Tomb of Lord Red Mask","floor":36,"gold_loss":0},{"damage_healed":0,"gold_gain":0,"player_choice":"Max HP","damage_taken":0,"max_hp_gain":0,"max_hp_loss":2,"event_name":"Winding Halls","floor":38,"gold_loss":0},{"cards_removed":["Strike_B"],"damage_healed":0,"gold_gain":0,"player_choice":"Removed Attack","damage_taken":0,"max_hp_gain":0,"max_hp_loss":0,"event_name":"Falling","floor":39,"gold_loss":0}],"is_beta":false,"boss_relics":[{"not_picked":["Empty Cage","Coffee Dripper"],"picked":"Velvet Choker"},{"not_picked":["Runic Pyramid","FrozenCore"],"picked":"Nuclear Battery"}],"items_purged_floors":[41,45],"is_endless":false,"potions_floor_spawned":[1,5,6,13,22,23,30,31,35,40,46,48],"ascension_level":0}