{"gold_per_floor":[16,31,106,118,138,138,90,101,128,146,164,339,339,339,339,459,459,475,475,1,25,25],"floor_reached":22,"playtime":2282,"items_purged":["Doubt"],"score":178,"play_id":"9345b06a-48ff-413c-bbe7-c4ebf435d38e","local_time":"20190215020606","is_ascension_mode":false,"campfire_choices":[{"data":"Storm of Steel","floor":6,"key":"SMITH"},{"data":"Neutralize","floor":15,"key":"SMITH"}],"neow_cost":"NO_GOLD","seed_source_timestamp":170336186937300,"circlet_count":0,"master_deck":["Defend_G","Defend_G","Defend_G","Defend_G","Strike_G","Strike_G","Strike_G","Strike_G","Survivor","Neutralize+1","Storm of Steel+1","Venomology","Riddle With Holes","Sucker Punch","Poisoned Stab","Sucker Punch","Acrobatics","Dash","Flechettes","Underhanded Strike","Night Terror","Flying Knee","Apotheosis","Accuracy","Cloak And Dagger","Bandage Up","Dodge and Roll"],"relics":["Ring of the Snake","PreservedInsect","Golden Idol","Potion Belt","Sozu","Anchor"],"potions_floor_usage":[1,5,8,10,10,11,16,16,16,16,16,16,21,21],"damage_taken":[{"damage":1,"enemies":"Cultist","floor":1,"turns":4},{"damage":0,"enemies":"Small Slimes","floor":2,"turns":3},{"damage":0,"enemies":"Jaw Worm","floor":4,"turns":3},{"damage":5,"enemies":"Looter","floor":5,"turns":3},{"damage":0,"enemies":"Large Slime","floor":8,"turns":5},{"damage":2,"enemies":"Red Slaver","floor":10,"turns":3},{"damage":0,"enemies":"2 Fungi Beasts","floor":11,"turns":4},{"damage":20,"enemies":"Hexaghost","floor":16,"turns":8},{"damage":15,"enemies":"Shell Parasite","floor":18,"turns":7},{"damage":7,"enemies":"3 Byrds","floor":21,"turns":4},{"damage":57,"enemies":"3 Cultists","floor":22,"turns":5}],"seed_played":"2066088305179423079","potions_obtained":[{"floor":1,"key":"GamblersBrew"},{"floor":4,"key":"AttackPotion"},{"floor":10,"key":"GamblersBrew"}],"is_trial":false,"path_per_floor":["M","M","?","M","M","R","$","M","T","M","M","?","?","?","R","B",null,"M","?","$","M","M"],"character_chosen":"THE_SILENT","items_purchased":["Acrobatics","Apotheosis","Accuracy","Cloak And Dagger","Bandage Up"],"campfire_rested":0,"item_purchase_floors":[7,20,20,20,20],"current_hp_per_floor":[69,69,58,58,53,53,53,53,53,51,51,51,51,51,51,31,65,50,50,50,47,0],"gold":25,"neow_bonus":"TRANSFORM_TWO_CARDS","is_prod":false,"is_daily":false,"chose_seed":false,"campfire_upgraded":2,"win_rate":0.0,"timestamp":1550192766,"path_taken":["M","?","?","M","M","R","$","M","T","M","M","?","?","?","R","BOSS","M","?","$","M","M"],"build_version":"2019-01-23","purchased_purges":1,"victory":false,"max_hp_per_floor":[70,70,70,70,70,70,70,70,70,70,70,70,65,65,65,65,65,65,65,65,65,65],"card_choices":[{"not_picked":["Slice","Blade Dance"],"picked":"Riddle With Holes","floor":1},{"not_picked":["Infinite Blades","Choke"],"picked":"Sucker Punch","floor":2},{"not_picked":["Masterful Stab","Endless Agony"],"picked":"Poisoned Stab","floor":4},{"not_picked":["Prepared","Blade Dance"],"picked":"Sucker Punch","floor":5},{"not_picked":["Choke","Backflip"],"picked":"Dash","floor":8},{"not_picked":["Deflect","Dodge and Roll"],"picked":"Flechettes","floor":10},{"not_picked":["Riddle With Holes","Bane"],"picked":"Underhanded Strike","floor":11},{"not_picked":["Die Die Die","Unload"],"picked":"Night Terror","floor":16},{"not_picked":["Bane","Blade Dance"],"picked":"Flying Knee","floor":18},{"not_picked":["Deadly Poison","Quick Slash"],"picked":"Dodge and Roll","floor":21}],"player_experience":95699,"relics_obtained":[{"floor":9,"key":"PreservedInsect"},{"floor":19,"key":"Anchor"}],"event_choices":[{"damage_healed":0,"gold_gain":75,"player_choice":"Gather Gold","damage_taken":11,"max_hp_gain":0,"max_hp_loss":0,"event_name":"World of Goop","floor":3,"gold_loss":0},{"damage_healed":0,"gold_gain":175,"player_choice":"AGREE","damage_taken":0,"max_hp_gain":0,"max_hp_loss":0,"event_name":"Liars Game","floor":12,"gold_loss":0,"cards_obtained":["Doubt"]},{"damage_healed":0,"gold_gain":0,"player_choice":"Lose Max HP","damage_taken":0,"relics_obtained":["Golden Idol"],"max_hp_gain":0,"max_hp_loss":5,"event_name":"Golden Idol","floor":13,"gold_loss":0},{"damage_healed":0,"gold_gain":0,"player_choice":"Searched \u00272\u0027 times","damage_taken":0,"relics_obtained":["Potion Belt"],"max_hp_gain":0,"max_hp_loss":0,"event_name":"Dead Adventurer","floor":14,"gold_loss":0},{"damage_healed":0,"gold_gain":0,"player_choice":"Relic","damage_taken":0,"max_hp_gain":0,"max_hp_loss":0,"event_name":"Wheel of Change","floor":19,"gold_loss":0}],"is_beta":false,"boss_relics":[{"not_picked":["White Beast Statue","HoveringKite"],"picked":"Sozu"}],"items_purged_floors":[20],"is_endless":false,"potions_floor_spawned":[1,4,10],"killed_by":"3 Cultists","ascension_level":0}