{"gold_per_floor":[114,132,132,147,78,105,105,119,119,137,150,12,12,23,23,121,121,131,15,15,33,44,44,73,73,73,73,83,116,132,148,148,253,253,273,121,121,136,148,174,174,192,262,262,272,272,20,38,38,38],"floor_reached":51,"playtime":7379,"items_purged":["Defend_R","Writhe"],"score":728,"play_id":"437fb2b0-b30a-42d5-b263-64315286e850","local_time":"20190215163927","is_ascension_mode":false,"campfire_choices":[{"floor":13,"key":"REST"},{"data":"True Grit","floor":15,"key":"SMITH"},{"data":"Limit Break","floor":23,"key":"SMITH"},{"floor":25,"key":"REST"},{"data":"Armaments","floor":27,"key":"SMITH"},{"floor":32,"key":"REST"},{"data":"Double Tap","floor":41,"key":"SMITH"},{"floor":49,"key":"REST"}],"neow_cost":"NONE","seed_source_timestamp":217618369890400,"circlet_count":0,"master_deck":["Defend_R+1","Defend_R+1","Defend_R+1","Bash+1","True Grit+1","Iron Wave+1","Rampage+1","Battle Trance+1","Shockwave+1","Disarm+1","Warcry+1","Battle Trance+1","Demon Form+1","Offering+1","Limit Break+1","Armaments+1","Double Tap+1","Bite+1","Bite+1","Bite+1","Bite+1","True Grit+1","Heavy Blade+1","Spot Weakness+1","Shrug It Off+1","Fiend Fire+1","Double Tap+1","Shrug It Off+1","Anger+1","Body Slam+1","Feel No Pain+1","Demon Form+1","Shockwave+1","Juggernaut","Cleave+1"],"relics":["Burning Blood","Red Skull","Ginger","Ornamental Fan","Velvet Choker","Self Forming Clay","Singing Bowl","Red Mask","Lizard Tail","Shuriken","Gremlin Horn","Mark of the Bloom"],"potions_floor_usage":[16,16,18,21,24,29,30,30,31,40,40,45,45,50],"damage_taken":[{"damage":1,"enemies":"Cultist","floor":1,"turns":4},{"damage":4,"enemies":"Jaw Worm","floor":2,"turns":5},{"damage":0,"enemies":"Small Slimes","floor":4,"turns":4},{"damage":33,"enemies":"3 Sentries","floor":6,"turns":9},{"damage":0,"enemies":"2 Fungi Beasts","floor":8,"turns":3},{"damage":0,"enemies":"Large Slime","floor":10,"turns":4},{"damage":15,"enemies":"Exordium Wildlife","floor":11,"turns":4},{"damage":0,"enemies":"Blue Slaver","floor":14,"turns":3},{"damage":24,"enemies":"The Guardian","floor":16,"turns":8},{"damage":19,"enemies":"3 Byrds","floor":18,"turns":5},{"damage":36,"enemies":"Spheric Guardian","floor":21,"turns":6},{"damage":17,"enemies":"Snecko","floor":22,"turns":6},{"damage":33,"enemies":"Gremlin Leader","floor":24,"turns":6},{"damage":18,"enemies":"3 Cultists","floor":28,"turns":5},{"damage":15,"enemies":"Masked Bandits","floor":29,"turns":5},{"damage":18,"enemies":"Sentry and Sphere","floor":30,"turns":7},{"damage":21,"enemies":"Centurion and Healer","floor":31,"turns":5},{"damage":33,"enemies":"Collector","floor":33,"turns":6},{"damage":21,"enemies":"3 Darklings","floor":35,"turns":6},{"damage":52,"enemies":"3 Shapes","floor":38,"turns":5},{"damage":33,"enemies":"Sphere and 2 Shapes","floor":39,"turns":5},{"damage":5,"enemies":"Giant Head","floor":40,"turns":7},{"damage":36,"enemies":"Jaw Worm Horde","floor":42,"turns":7},{"damage":17,"enemies":"3 Darklings","floor":45,"turns":6},{"damage":3,"enemies":"Transient","floor":48,"turns":5},{"damage":38,"enemies":"Time Eater","floor":50,"turns":8}],"seed_played":"-2008106500701871404","potions_obtained":[{"floor":8,"key":"SteroidPotion"},{"floor":10,"key":"SpeedPotion"},{"floor":14,"key":"BloodPotion"},{"floor":16,"key":"Explosive Potion"},{"floor":22,"key":"PowerPotion"},{"floor":24,"key":"Dexterity Potion"},{"floor":29,"key":"Poison Potion"},{"floor":30,"key":"LiquidBronze"},{"floor":33,"key":"Dexterity Potion"},{"floor":35,"key":"GamblersBrew"},{"floor":39,"key":"Strength Potion"},{"floor":42,"key":"Energy Potion"},{"floor":45,"key":"Ancient Potion"}],"is_trial":false,"path_per_floor":["M","M","?","M","$","E","?","M","T","M","M","$","R","M","R","B",null,"M","$","?","M","M","R","E","R","T","R","M","?","M","M","R","B",null,"M","$","?","M","M","E","R","M","T","?","M","?","$","M","R","B",null],"character_chosen":"IRONCLAD","items_purchased":["Shockwave","Demon Form","Double Tap","Dexterity Potion","Shrug It Off","Anger","Juggernaut"],"campfire_rested":4,"item_purchase_floors":[5,12,19,19,36,36,47],"current_hp_per_floor":[80,80,55,61,61,34,27,33,33,39,30,30,54,60,60,50,80,67,67,56,35,38,38,23,39,39,39,41,40,41,34,52,32,60,59,59,59,19,29,45,45,27,27,43,51,51,51,48,48,10],"gold":38,"neow_bonus":"THREE_CARDS","is_prod":false,"is_daily":false,"chose_seed":false,"campfire_upgraded":4,"win_rate":0,"timestamp":1550245167,"path_taken":["M","M","?","M","$","E","?","M","T","M","M","?","R","?","R","BOSS","M","$","?","M","M","R","E","R","T","R","M","?","M","M","R","BOSS","M","$","?","M","M","E","R","M","T","?","M","?","$","M","R","BOSS"],"build_version":"2019-01-23","purchased_purges":2,"victory":true,"max_hp_per_floor":[80,80,80,80,80,80,80,80,80,80,80,80,80,80,80,80,80,80,80,56,56,56,56,56,56,56,56,56,58,58,60,60,60,60,62,62,62,62,62,62,62,62,62,62,64,64,64,64,64,64],"card_choices":[{"not_picked":["Thunderclap","Blood for Blood"],"picked":"True Grit","floor":0},{"not_picked":["Perfected Strike","Havoc"],"picked":"Iron Wave","floor":1},{"not_picked":["Blood for Blood","Sword Boomerang"],"picked":"Rampage","floor":2},{"not_picked":["Anger","Dropkick"],"picked":"Battle Trance","floor":4},{"not_picked":["Havoc","Clothesline","Rupture"],"picked":"SKIP","floor":6},{"not_picked":["Flex","Havoc"],"picked":"Disarm","floor":8},{"not_picked":["Pummel","Clash"],"picked":"Warcry","floor":10},{"not_picked":["Fire Breathing","Clash"],"picked":"Battle Trance","floor":11},{"not_picked":["Iron Wave","Dropkick"],"picked":"Offering","floor":14},{"not_picked":["Exhume","Fiend Fire"],"picked":"Limit Break","floor":16},{"not_picked":["Twin Strike","Sword Boomerang"],"picked":"Armaments","floor":18},{"not_picked":["Cleave","Dropkick"],"picked":"True Grit+1","floor":21},{"not_picked":["Pommel Strike+1","Body Slam"],"picked":"Heavy Blade","floor":22},{"not_picked":["Blood for Blood","Shockwave"],"picked":"Spot Weakness+1","floor":24},{"not_picked":["Armaments+1","Ghostly Armor"],"picked":"Shrug It Off","floor":28},{"not_picked":["Burning Pact+1","Shockwave+1","Clothesline"],"picked":"Singing Bowl","floor":29},{"not_picked":["Whirlwind","True Grit"],"picked":"Fiend Fire","floor":30},{"not_picked":["Twin Strike","True Grit","Armaments"],"picked":"Singing Bowl","floor":31},{"not_picked":["Fiend Fire","Offering"],"picked":"Double Tap","floor":33},{"not_picked":["Havoc+1","Dropkick+1","Battle Trance+1"],"picked":"Singing Bowl","floor":35},{"not_picked":["Perfected Strike+1","Fire Breathing"],"picked":"Body Slam","floor":38},{"not_picked":["Wild Strike+1","Sword Boomerang+1"],"picked":"Feel No Pain","floor":39},{"not_picked":["Infernal Blade+1","True Grit"],"picked":"Demon Form","floor":40},{"not_picked":["Flex","Thunderclap+1"],"picked":"Shockwave","floor":42},{"not_picked":["Clothesline","Iron Wave","Ghostly Armor+1"],"picked":"Singing Bowl","floor":45},{"not_picked":["Corruption+1","Second Wind"],"picked":"Cleave+1","floor":48}],"player_experience":100232,"relics_obtained":[{"floor":6,"key":"Ginger"},{"floor":9,"key":"Ornamental Fan"},{"floor":24,"key":"Self Forming Clay"},{"floor":26,"key":"Singing Bowl"},{"floor":29,"key":"Red Mask"},{"floor":40,"key":"Shuriken"},{"floor":43,"key":"Gremlin Horn"}],"event_choices":[{"damage_healed":0,"gold_gain":0,"player_choice":"Success","damage_taken":25,"relics_obtained":["Red Skull"],"max_hp_gain":0,"max_hp_loss":0,"event_name":"Scrap Ooze","floor":3,"gold_loss":0},{"cards_removed":["Strike_R"],"damage_healed":0,"gold_gain":0,"player_choice":"Card Removal","damage_taken":7,"max_hp_gain":0,"max_hp_loss":0,"event_name":"Golden Wing","floor":7,"gold_loss":0},{"damage_healed":0,"gold_gain":0,"player_choice":"Became a vampire","damage_taken":0,"max_hp_gain":0,"max_hp_loss":24,"event_name":"Vampires","floor":20,"gold_loss":0,"cards_obtained":["Bite","Bite","Bite","Bite","Bite"]},{"damage_healed":0,"gold_gain":0,"player_choice":"Fought Bandits","damage_taken":0,"max_hp_gain":0,"max_hp_loss":0,"event_name":"Masked Bandits","floor":29,"gold_loss":0},{"cards_removed":["Bite"],"damage_healed":0,"gold_gain":0,"player_choice":"Removed Attack","damage_taken":0,"max_hp_gain":0,"max_hp_loss":0,"event_name":"Falling","floor":37,"gold_loss":0},{"damage_healed":16,"gold_gain":0,"player_choice":"Writhe","damage_taken":0,"max_hp_gain":0,"max_hp_loss":0,"event_name":"Winding Halls","floor":44,"gold_loss":0,"cards_obtained":["Writhe"]},{"damage_healed":0,"gold_gain":0,"player_choice":"Upgrade","damage_taken":0,"relics_obtained":["Mark of the Bloom"],"max_hp_gain":0,"max_hp_loss":0,"event_name":"MindBloom","floor":46,"gold_loss":0,"cards_upgraded":["Defend_R","Defend_R","Defend_R","Bash","Iron Wave","Rampage","Battle Trance","Shockwave","Disarm","Warcry","Battle Trance","Demon Form","Offering","Double Tap","Bite","Bite","Bite","Bite","Heavy Blade","Shrug It Off","Fiend Fire","Shrug It Off","Anger","Body Slam","Feel No Pain","Demon Form","Shockwave"]}],"is_beta":false,"boss_relics":[{"not_picked":["Coffee Dripper","Fusion Hammer"],"picked":"Velvet Choker"},{"not_picked":["Orrery","Sozu"],"picked":"Lizard Tail"}],"items_purged_floors":[36,47],"is_endless":false,"potions_floor_spawned":[8,10,14,16,22,24,29,30,33,35,39,42,45],"ascension_level":0}