{"path_per_floor":["M","M","M","?","M","R","E","R","T","M","$","E","M","M","R","B",null,"M","$","M","$","M","R","M","R","T","M","?","M","R","M","R"],"character_chosen":"IRONCLAD","items_purchased":["Limit Break"],"gold_per_floor":[115,133,144,144,159,159,185,185,185,199,43,76,86,98,98,194,194,204,129,139,39,53,53,64,64,87,99,24,44,44,61,61],"floor_reached":33,"campfire_rested":1,"playtime":1683,"current_hp_per_floor":[80,80,80,80,75,75,62,62,69,70,70,61,68,70,70,24,87,85,85,90,90,77,77,56,56,56,61,61,52,81,63,63],"items_purged":["Defend_R","Strike_R"],"gold":61,"score":288,"play_id":"b2ce408f-2c28-4f41-b9d3-ceecfd6660fd","local_time":"20180317231922","is_prod":false,"is_daily":false,"is_ascension_mode":false,"campfire_upgraded":6,"timestamp":1521299962,"path_taken":["M","M","M","?","M","R","E","R","T","M","$","E","?","M","R","BOSS","M","$","M","$","M","R","M","R","T","M","?","?","R","?","R","BOSS"],"build_version":"2018-03-15v2","purchased_purges":2,"victory":false,"master_deck":["Strike_R+1","Strike_R","Defend_R","Defend_R","Defend_R","Bash+1","Iron Wave+1","Shrug It Off+1","Infernal Blade","Thunderclap+1","Metallicize","Limit Break+1","Heavy Blade","Feed+1","Cleave+1","Headbutt+1","Iron Wave","Sword Boomerang+1","Rupture+1","Carnage+1"],"max_hp_per_floor":[80,80,80,80,80,80,80,80,87,87,87,87,87,87,87,87,87,87,87,90,90,90,90,90,90,90,94,94,98,98,102,102],"relics":["Burning Blood","Magic Flower","Strawberry","Whetstone","Sozu","Vajra"],"card_choices":[{"not_picked":["Perfected Strike","Flex"],"picked":"Shrug It Off"},{"not_picked":["Combust","Wild Strike"],"picked":"Infernal Blade"},{"not_picked":["Combust","True Grit"],"picked":"Thunderclap"},{"not_picked":["Blood for Blood","Rupture"],"picked":"Metallicize"},{"not_picked":["Corruption","Headbutt"],"picked":"Heavy Blade"},{"not_picked":["Bludgeon","Berserk"],"picked":"Feed"},{"not_picked":["Fire Breathing","True Grit"],"picked":"Cleave"},{"not_picked":["Clash","Berserk"],"picked":"Headbutt"},{"not_picked":["Flex","Perfected Strike"],"picked":"Iron Wave"},{"not_picked":["Uppercut","Anger"],"picked":"Sword Boomerang"},{"not_picked":["Infernal Blade","Headbutt"],"picked":"Rupture"},{"not_picked":["Cleave","Havoc"],"picked":"Carnage"}],"player_experience":334018,"potions_floor_usage":[7,12],"damage_taken":[{"damage":2,"enemies":"2 Louse","floor":1,"turns":3},{"damage":5,"enemies":"Cultist","floor":2,"turns":4},{"damage":0,"enemies":"Small Slimes","floor":3,"turns":3},{"damage":11,"enemies":"Blue Slaver","floor":5,"turns":3},{"damage":19,"enemies":"3 Sentries","floor":7,"turns":9},{"damage":8,"enemies":"Red Slaver","floor":10,"turns":4},{"damage":18,"enemies":"Gremlin Nob","floor":12,"turns":5},{"damage":2,"enemies":"Lots of Slimes","floor":13,"turns":4},{"damage":7,"enemies":"Looter","floor":14,"turns":3},{"damage":55,"enemies":"The Guardian","floor":16,"turns":17},{"damage":14,"enemies":"Chosen","floor":18,"turns":5},{"damage":0,"enemies":"3 Byrds","floor":20,"turns":5},{"damage":22,"enemies":"Snake Plant","floor":22,"turns":5},{"damage":30,"enemies":"Slaver and Parasite","floor":24,"turns":6},{"damage":10,"enemies":"3 Cultists","floor":27,"turns":5},{"damage":24,"enemies":"Centurion and Healer","floor":29,"turns":5},{"damage":33,"enemies":"Cultist and Chosen","floor":31,"turns":5},{"damage":70,"enemies":"Collector","floor":33,"turns":6}],"event_choices":[{"event_name":"The Woman in Blue","player_choice":"Bought 0 Potions","floor":4,"damage_taken":0},{"event_name":"Beggar","player_choice":"Gave Gold","floor":28,"damage_taken":0}],"boss_relics":[{"not_picked":["Tiny House","Astrolabe"],"picked":"Sozu"}],"potions_floor_spawned":[1,2,7,14,16,18,20,22],"seed_played":"4351062430194541426","killed_by":"Collector","ascension_level":0,"is_trial":false}