{"gold_per_floor":[111,127,145,158,11,11,24,45,45,45,63,23,23,198,198,298,298,313,327,327],"floor_reached":20,"playtime":1080,"items_purged":["Strike_B"],"score":166,"play_id":"9ae63871-39de-4f2b-9aa3-e27b4701452e","local_time":"20190317223515","is_ascension_mode":false,"campfire_choices":[{"data":"Zap","floor":6,"key":"SMITH"},{"data":"Genetic Algorithm","floor":10,"key":"SMITH"},{"data":"Conserve Battery","floor":15,"key":"SMITH"}],"neow_cost":"NONE","seed_source_timestamp":1928733224358478,"circlet_count":0,"master_deck":["Strike_B","Strike_B","Defend_B","Defend_B","Defend_B","Defend_B","Zap+1","Dualcast","Reprogram","Conserve Battery+1","Coolheaded","Melter","Steam","Thunder Strike","Genetic Algorithm+1","Turbo","Steam+1","Storm","Doubt","Rainbow+1","Compile Driver+1","Coolheaded+1"],"relics":["Cracked Core","Odd Mushroom","Toxic Egg 2","Inserter"],"potions_floor_usage":[4,16,16,19,20,20],"damage_taken":[{"damage":0,"enemies":"2 Louse","floor":1,"turns":3},{"damage":6,"enemies":"Jaw Worm","floor":2,"turns":3},{"damage":0,"enemies":"Small Slimes","floor":3,"turns":4},{"damage":10,"enemies":"Exordium Thugs","floor":4,"turns":5},{"damage":1,"enemies":"2 Fungi Beasts","floor":7,"turns":3},{"damage":15,"enemies":"The Mushroom Lair","floor":8,"turns":4},{"damage":4,"enemies":"Exordium Wildlife","floor":11,"turns":3},{"damage":13,"enemies":"The Guardian","floor":16,"turns":16},{"damage":11,"enemies":"Spheric Guardian","floor":18,"turns":4},{"damage":16,"enemies":"3 Byrds","floor":19,"turns":5},{"damage":63,"enemies":"Masked Bandits","floor":20,"turns":5}],"seed_played":"2850520042064025479","potions_obtained":[{"floor":2,"key":"EntropicBrew"},{"floor":4,"key":"Explosive Potion"},{"floor":7,"key":"FocusPotion"},{"floor":11,"key":"PowerPotion"},{"floor":16,"key":"SpeedPotion"},{"floor":18,"key":"AttackPotion"}],"is_trial":false,"path_per_floor":["M","M","M","M","$","R","M","?","T","R","M","$","?","?","R","B",null,"M","M","?"],"character_chosen":"DEFECT","items_purchased":["Thunder Strike","Storm"],"campfire_rested":0,"item_purchase_floors":[5,12],"current_hp_per_floor":[75,69,69,59,59,59,58,43,43,43,39,39,32,32,32,19,75,64,48,0],"gold":327,"neow_bonus":"THREE_CARDS","is_prod":false,"is_daily":false,"chose_seed":false,"campfire_upgraded":3,"win_rate":0,"timestamp":1552833315,"path_taken":["M","M","M","M","$","R","M","?","T","R","M","$","?","?","R","BOSS","M","M","?"],"build_version":"2019-01-23","purchased_purges":1,"victory":false,"max_hp_per_floor":[75,75,75,75,75,75,75,75,75,75,75,75,75,75,75,75,75,75,75,75],"card_choices":[{"not_picked":["Gash","Fusion"],"picked":"Reprogram","floor":0},{"not_picked":["Barrage","Coolheaded"],"picked":"Conserve Battery","floor":1},{"not_picked":["Aggregate","Steam"],"picked":"Coolheaded","floor":2},{"not_picked":["Go for the Eyes","Redo"],"picked":"Melter","floor":3},{"not_picked":["Turbo","Scrape"],"picked":"Steam","floor":4},{"not_picked":["Rebound","Cold Snap"],"picked":"Genetic Algorithm","floor":7},{"not_picked":["Double Energy","Barrage"],"picked":"Turbo","floor":8},{"not_picked":["Scrape","Force Field+1"],"picked":"Steam+1","floor":11},{"not_picked":["Buffer","Meteor Strike"],"picked":"Rainbow+1","floor":16},{"not_picked":["Sweeping Beam","Blizzard+1"],"picked":"Compile Driver+1","floor":18},{"not_picked":["Aggregate+1","Cold Snap+1"],"picked":"Coolheaded+1","floor":19}],"player_experience":864976,"relics_obtained":[{"floor":8,"key":"Odd Mushroom"},{"floor":9,"key":"Toxic Egg 2"}],"event_choices":[{"damage_healed":0,"gold_gain":0,"player_choice":"Fought Mushrooms","damage_taken":0,"max_hp_gain":0,"max_hp_loss":0,"event_name":"Mushrooms","floor":8,"gold_loss":0},{"cards_removed":["Strike_B"],"damage_healed":0,"gold_gain":0,"player_choice":"Card Removal","damage_taken":7,"max_hp_gain":0,"max_hp_loss":0,"event_name":"Golden Wing","floor":13,"gold_loss":0},{"damage_healed":0,"gold_gain":175,"player_choice":"AGREE","damage_taken":0,"max_hp_gain":0,"max_hp_loss":0,"event_name":"Liars Game","floor":14,"gold_loss":0,"cards_obtained":["Doubt"]},{"damage_healed":0,"gold_gain":0,"player_choice":"Fought Bandits","damage_taken":0,"max_hp_gain":0,"max_hp_loss":0,"event_name":"Masked Bandits","floor":20,"gold_loss":0}],"is_beta":false,"boss_relics":[{"not_picked":["Black Star","Calling Bell"],"picked":"Inserter"}],"items_purged_floors":[5],"is_endless":false,"potions_floor_spawned":[2,4,7,11,16,18],"killed_by":"Masked Bandits","ascension_level":0}