{"gold_per_floor":[117,137,148,73,85,85,112,129,129,139,139,149,99,63,63,161,161,174,190,13,33,33,33],"floor_reached":23,"playtime":2253,"items_purged":["Strike_G","Defend_G"],"score":195,"play_id":"865cd8d6-3292-4053-b2bc-f8e2485151eb","local_time":"20190217234709","is_ascension_mode":false,"campfire_choices":[{"data":"Noxious Fumes","floor":6,"key":"SMITH"},{"floor":11,"key":"REST"},{"data":"Neutralize","floor":15,"key":"SMITH"}],"neow_cost":"NONE","seed_source_timestamp":2790835231100,"circlet_count":0,"master_deck":["Defend_G+1","Defend_G+1","Defend_G+1","Defend_G+1","Strike_G+1","Survivor","Neutralize+1","Corpse Explosion","Footwork","Outmaneuver","Deflect","Noxious Fumes+1","Noxious Fumes","Concentrate","Flying Knee","Heel Hook","Well Laid Plans","Grand Finale","Backflip","Distraction+1","Night Terror","Dagger Spray"],"relics":["Ring of the Snake","Darkstone Periapt","Anchor","Empty Cage"],"potions_floor_usage":[7,10,16,21],"damage_taken":[{"damage":0,"enemies":"Jaw Worm","floor":1,"turns":7},{"damage":0,"enemies":"2 Louse","floor":2,"turns":2},{"damage":0,"enemies":"Small Slimes","floor":3,"turns":3},{"damage":0,"enemies":"2 Fungi Beasts","floor":5,"turns":3},{"damage":39,"enemies":"Gremlin Nob","floor":7,"turns":5},{"damage":3,"enemies":"Blue Slaver","floor":8,"turns":4},{"damage":0,"enemies":"Large Slime","floor":10,"turns":5},{"damage":2,"enemies":"Looter","floor":12,"turns":3},{"damage":8,"enemies":"Hexaghost","floor":16,"turns":9},{"damage":0,"enemies":"3 Byrds","floor":18,"turns":4},{"damage":20,"enemies":"Spheric Guardian","floor":19,"turns":5},{"damage":41,"enemies":"Shelled Parasite and Fungi","floor":21,"turns":6},{"damage":12,"enemies":"Book of Stabbing","floor":23,"turns":2}],"seed_played":"-4402717600523517960","potions_obtained":[{"floor":3,"key":"Poison Potion"},{"floor":7,"key":"Ancient Potion"},{"floor":8,"key":"AttackPotion"},{"floor":16,"key":"AttackPotion"},{"floor":19,"key":"SteroidPotion"},{"floor":21,"key":"SteroidPotion"}],"is_trial":false,"path_per_floor":["M","M","M","$","M","R","E","M","T","M","R","M","?","$","R","B",null,"M","M","$","M","?","E"],"character_chosen":"THE_SILENT","items_purchased":["Well Laid Plans","Night Terror"],"campfire_rested":1,"item_purchase_floors":[14,20],"current_hp_per_floor":[70,70,70,70,70,70,31,28,28,28,49,47,47,47,47,39,70,70,50,50,9,9,0],"gold":33,"neow_bonus":"ONE_RANDOM_RARE_CARD","is_prod":false,"is_daily":false,"chose_seed":false,"campfire_upgraded":2,"win_rate":0,"timestamp":1550443629,"path_taken":["M","M","M","$","M","R","E","M","T","M","R","M","?","$","R","BOSS","M","M","$","M","?","E"],"build_version":"2019-01-23","purchased_purges":2,"victory":false,"max_hp_per_floor":[70,70,70,70,70,70,70,70,70,70,70,70,70,70,70,70,70,70,70,70,70,70,70],"card_choices":[{"not_picked":["Quick Slash","Blade Dance"],"picked":"Footwork","floor":1},{"not_picked":["Quick Slash","Riddle With Holes"],"picked":"Outmaneuver","floor":2},{"not_picked":["Crippling Poison","Quick Slash"],"picked":"Deflect","floor":3},{"not_picked":["Riddle With Holes","Underhanded Strike"],"picked":"Noxious Fumes","floor":5},{"not_picked":["Riddle With Holes","Phantasmal Killer"],"picked":"Noxious Fumes","floor":7},{"not_picked":["Cloak And Dagger","Dodge and Roll"],"picked":"Concentrate","floor":8},{"not_picked":["Cloak And Dagger","Dodge and Roll"],"picked":"Flying Knee","floor":10},{"not_picked":["Corpse Explosion","Eviscerate"],"picked":"Heel Hook","floor":12},{"not_picked":["Adrenaline","Bullet Time"],"picked":"Grand Finale","floor":16},{"not_picked":["Deadly Poison","Dagger Spray"],"picked":"Backflip","floor":18},{"not_picked":["Tactician","Endless Agony"],"picked":"Distraction+1","floor":19},{"not_picked":["Accuracy","Endless Agony"],"picked":"Dagger Spray","floor":21}],"player_experience":160275,"relics_obtained":[{"floor":7,"key":"Darkstone Periapt"},{"floor":9,"key":"Anchor"}],"event_choices":[{"cards_removed":["Strike_G"],"damage_healed":0,"gold_gain":0,"player_choice":"Card Removal","damage_taken":0,"max_hp_gain":0,"max_hp_loss":0,"event_name":"The Cleric","floor":13,"gold_loss":50},{"damage_healed":0,"gold_gain":0,"player_choice":"Simplicity","damage_taken":0,"max_hp_gain":0,"max_hp_loss":0,"event_name":"Back to Basics","floor":22,"gold_loss":0,"cards_upgraded":["Defend_G","Defend_G","Defend_G","Defend_G","Strike_G"]}],"is_beta":false,"boss_relics":[{"not_picked":["Cursed Key","White Beast Statue"],"picked":"Empty Cage"}],"items_purged_floors":[4,20],"is_endless":false,"potions_floor_spawned":[3,7,8,16,19,21],"killed_by":"Book of Stabbing","ascension_level":0}