{"gold_per_floor":[112,129,148,205,205,205,217,229,255,255,320,320,331,357,357,461,461,476,576,576,454,454,454,472,472,472,472,482,500,520,531,531,632,632,652,720,731,744,844,862,862,877,903,50,96,96,112,130,130,130],"floor_reached":50,"playtime":4796,"items_purged":["Strike_B","Injury"],"score":498,"play_id":"8c7dc7e0-bb9c-4829-91ef-50b8cd1e173b","local_time":"20190413223758","is_ascension_mode":false,"campfire_choices":[{"data":"Zap","floor":10,"key":"SMITH"},{"data":"Electrodynamics","floor":12,"key":"SMITH"},{"data":"Creative AI","floor":15,"key":"SMITH"},{"data":"Fission","floor":23,"key":"SMITH"},{"data":"Defragment","floor":25,"key":"SMITH"},{"data":"Chaos","floor":32,"key":"SMITH"},{"data":"Dualcast","floor":41,"key":"SMITH"},{"data":"Coolheaded","floor":46,"key":"SMITH"},{"data":"Chill","floor":49,"key":"SMITH"}],"neow_cost":"NONE","seed_source_timestamp":174243065998,"circlet_count":0,"master_deck":["Strike_B+1","Strike_B+1","Strike_B+1","Defend_B+1","Defend_B+1","Defend_B+1","Defend_B+1","Zap+1","Dualcast+1","Streamline+1","Coolheaded+1","Skim","Electrodynamics+1","Defragment+1","Hello World","Creative AI+1","Fission+1","Chaos+1","Ball Lightning","Compile Driver","Turbo","Glacier","Go for the Eyes+1","Ball Lightning+1","Echo Form+1","Zap+1","Cold Snap","Hologram+1","Electrodynamics+1","Doom and Gloom+1","Parasite","Chill+1","Conserve Battery+1","Loop+1","Normality","Thunder Strike+1"],"relics":["Coffee Dripper","Vajra","Anchor","Bag of Preparation","Orrery","Emotion Chip","Frozen Egg 2","The Courier","Cursed Key","Molten Egg 2","Dead Branch","Whetstone","Runic Capacitor","DataDisk","Art of War","Juzu Bracelet","Letter Opener","Boot"],"potions_floor_usage":[14,16,16,33,50],"damage_taken":[{"damage":1,"enemies":"Cultist","floor":1,"turns":4},{"damage":0,"enemies":"Small Slimes","floor":2,"turns":2},{"damage":1,"enemies":"2 Louse","floor":3,"turns":3},{"damage":4,"enemies":"2 Fungi Beasts","floor":7,"turns":4},{"damage":0,"enemies":"Looter","floor":8,"turns":2},{"damage":8,"enemies":"3 Sentries","floor":11,"turns":3},{"damage":1,"enemies":"Exordium Wildlife","floor":13,"turns":2},{"damage":15,"enemies":"Gremlin Nob","floor":14,"turns":3},{"damage":10,"enemies":"Hexaghost","floor":16,"turns":7},{"damage":10,"enemies":"3 Byrds","floor":18,"turns":4},{"damage":5,"enemies":"Colosseum Slavers","floor":19,"turns":4},{"damage":6,"enemies":"Colosseum Nobs","floor":19,"turns":3},{"damage":10,"enemies":"2 Thieves","floor":24,"turns":3},{"damage":10,"enemies":"Centurion and Healer","floor":28,"turns":4},{"damage":0,"enemies":"Cultist and Chosen","floor":29,"turns":4},{"damage":4,"enemies":"Snecko","floor":30,"turns":4},{"damage":19,"enemies":"Snake Plant","floor":31,"turns":4},{"damage":16,"enemies":"Automaton","floor":33,"turns":6},{"damage":18,"enemies":"Orb Walker","floor":35,"turns":3},{"damage":7,"enemies":"3 Darklings","floor":37,"turns":2},{"damage":16,"enemies":"Transient","floor":38,"turns":5},{"damage":4,"enemies":"Mind Bloom Boss Battle","floor":39,"turns":7},{"damage":0,"enemies":"4 Shapes","floor":40,"turns":2},{"damage":5,"enemies":"Maw","floor":42,"turns":7},{"damage":13,"enemies":"3 Darklings","floor":47,"turns":4},{"damage":0,"enemies":"Sphere and 2 Shapes","floor":48,"turns":1},{"damage":12,"enemies":"Awakened One","floor":50,"turns":4}],"seed_played":"-5792712690811108037","potions_obtained":[{"floor":2,"key":"SteroidPotion"},{"floor":3,"key":"LiquidBronze"},{"floor":11,"key":"FearPotion"},{"floor":14,"key":"Weak Potion"},{"floor":16,"key":"Strength Potion"},{"floor":29,"key":"Explosive Potion"},{"floor":38,"key":"SteroidPotion"}],"is_trial":false,"path_per_floor":["M","M","M","?","?","?","M","M","T","R","?","R","M","E","R","B",null,"M","?","?","$","?","R","M","R","T","?","M","M","M","M","R","B",null,"M","T","M","M","?","M","R","M","T","$","T","R","M","M","R","B"],"character_chosen":"DEFECT","items_purchased":["Ball Lightning","Runic Capacitor","DataDisk","Loop+1","Art of War","Juzu Bracelet","Letter Opener"],"campfire_rested":0,"item_purchase_floors":[21,44,44,44,44,44,44],"current_hp_per_floor":[74,74,73,73,73,58,54,54,54,54,46,46,45,30,30,20,75,65,54,75,75,75,75,65,65,65,65,55,55,51,32,32,16,75,57,57,50,34,30,30,30,25,25,25,25,25,12,12,12,0],"gold":130,"neow_bonus":"BOSS_RELIC","is_prod":false,"is_daily":false,"chose_seed":false,"campfire_upgraded":9,"win_rate":0,"timestamp":1555216678,"path_taken":["M","M","M","?","?","?","M","M","T","R","?","R","M","E","R","BOSS","M","?","?","?","?","R","M","R","T","?","M","M","M","M","R","BOSS","M","?","M","M","?","M","R","M","T","$","?","R","M","M","R","BOSS"],"build_version":"2019-01-23","purchased_purges":2,"victory":false,"max_hp_per_floor":[75,75,75,75,75,75,75,75,75,75,75,75,75,75,75,75,75,75,75,75,75,75,75,75,75,75,75,75,75,75,75,75,75,75,75,75,75,75,75,75,75,75,75,75,75,75,75,75,75,75],"card_choices":[{"not_picked":["Beam Cell","Recycle"],"picked":"Streamline","floor":1},{"not_picked":["Lockon","Leap"],"picked":"Coolheaded","floor":2},{"not_picked":["Storm","Turbo"],"picked":"Skim","floor":3},{"not_picked":["Sweeping Beam","Force Field"],"picked":"Electrodynamics","floor":7},{"not_picked":["Ball Lightning","Chill"],"picked":"Defragment","floor":8},{"not_picked":["Rebound","Streamline"],"picked":"Hello World","floor":13},{"not_picked":["Coolheaded","Darkness"],"picked":"Creative AI","floor":14},{"not_picked":["Multi-Cast","Echo Form"],"picked":"Fission","floor":16},{"not_picked":["Redo","Core Surge"],"picked":"Chaos","floor":17},{"not_picked":["Conserve Battery","Sweeping Beam"],"picked":"Ball Lightning","floor":17},{"not_picked":["Cold Snap","Streamline"],"picked":"Compile Driver","floor":17},{"not_picked":["Leap","Sweeping Beam"],"picked":"Turbo","floor":17},{"not_picked":["Stack","Recycle+1"],"picked":"Glacier","floor":18},{"not_picked":["Recycle","Gash+1"],"picked":"Go for the Eyes","floor":19},{"not_picked":["Darkness","Beam Cell"],"picked":"Echo Form+1","floor":24},{"not_picked":["Turbo","Sunder","Reprogram"],"picked":"SKIP","floor":28},{"not_picked":["FTL","Ball Lightning"],"picked":"Cold Snap","floor":29},{"not_picked":["Auto Shields+1","Recycle"],"picked":"Hologram+1","floor":30},{"not_picked":["Barrage","Leap","Hello World+1"],"picked":"SKIP","floor":31},{"not_picked":["Seek","All For One"],"picked":"Electrodynamics+1","floor":33},{"not_picked":["Cold Snap+1","Heatsinks+1"],"picked":"Doom and Gloom+1","floor":35},{"not_picked":["Skim","Scrape+1","Leap+1"],"picked":"SKIP","floor":37},{"not_picked":["Double Energy","Sunder+1","Turbo+1"],"picked":"SKIP","floor":38},{"not_picked":["Turbo","Sweeping Beam+1"],"picked":"Chill","floor":39},{"not_picked":["Recycle","Hologram+1","Turbo+1"],"picked":"SKIP","floor":40},{"not_picked":["Reprogram","Gash+1"],"picked":"Conserve Battery+1","floor":42},{"not_picked":["Rebound+1","Go for the Eyes+1","Undo+1"],"picked":"SKIP","floor":47},{"not_picked":["Conserve Battery","Melter+1"],"picked":"Thunder Strike+1","floor":48}],"player_experience":1209743,"relics_obtained":[{"floor":9,"key":"Vajra"},{"floor":11,"key":"Anchor"},{"floor":14,"key":"Bag of Preparation"},{"floor":19,"key":"Emotion Chip"},{"floor":19,"key":"Frozen Egg 2"},{"floor":26,"key":"The Courier"},{"floor":36,"key":"Molten Egg 2"},{"floor":39,"key":"Dead Branch"},{"floor":43,"key":"Whetstone"},{"floor":45,"key":"Boot"}],"event_choices":[{"damage_healed":0,"gold_gain":57,"player_choice":"Gained Gold","damage_taken":0,"max_hp_gain":0,"max_hp_loss":0,"event_name":"Golden Wing","floor":4,"gold_loss":0},{"damage_healed":0,"gold_gain":0,"player_choice":"Ignored","damage_taken":0,"max_hp_gain":0,"max_hp_loss":0,"event_name":"Liars Game","floor":5,"gold_loss":0},{"damage_healed":0,"gold_gain":0,"player_choice":"Entered Light","damage_taken":15,"max_hp_gain":0,"max_hp_loss":0,"event_name":"Shining Light","floor":6,"gold_loss":0,"cards_upgraded":["Defend_B","Streamline"]},{"damage_healed":0,"gold_gain":30,"player_choice":"Searched \u00273\u0027 times","damage_taken":0,"max_hp_gain":0,"max_hp_loss":0,"event_name":"Dead Adventurer","floor":11,"gold_loss":0},{"damage_healed":0,"gold_gain":0,"player_choice":"Fight","damage_taken":0,"max_hp_gain":0,"max_hp_loss":0,"event_name":"Colosseum","floor":19,"gold_loss":0},{"damage_healed":0,"gold_gain":0,"player_choice":"Fought Nobs","damage_taken":0,"max_hp_gain":0,"max_hp_loss":0,"event_name":"Colosseum","floor":19,"gold_loss":0},{"damage_healed":25,"gold_gain":0,"player_choice":"Heal","damage_taken":0,"max_hp_gain":0,"max_hp_loss":0,"event_name":"The Library","floor":20,"gold_loss":0},{"damage_healed":0,"gold_gain":0,"player_choice":"Simplicity","damage_taken":0,"max_hp_gain":0,"max_hp_loss":0,"event_name":"Back to Basics","floor":22,"gold_loss":0,"cards_upgraded":["Strike_B","Strike_B","Strike_B","Defend_B","Defend_B","Defend_B"]},{"damage_healed":0,"gold_gain":0,"player_choice":"Copied","damage_taken":0,"max_hp_gain":0,"max_hp_loss":0,"event_name":"Duplicator","floor":27,"gold_loss":0,"cards_obtained":["Zap"]},{"damage_healed":0,"gold_gain":0,"player_choice":"Fight","damage_taken":0,"max_hp_gain":0,"max_hp_loss":0,"event_name":"MindBloom","floor":39,"gold_loss":0}],"is_beta":false,"boss_relics":[{"not_picked":["White Beast Statue","Lizard Tail"],"picked":"Orrery"},{"not_picked":["Tiny House","Fusion Hammer"],"picked":"Cursed Key"}],"items_purged_floors":[21,44],"is_endless":false,"potions_floor_spawned":[2,3,11,14,16,19,29,31,38,39],"killed_by":"Awakened One","ascension_level":0}