{"gold_per_floor":[112,112,128,142,158,158,174,174,174,190,204,216,216,240,240,335,335,352,352,57,76,1,1,20,20,46,58,58,58,73,172,172,275,325,341,357,357,34,34,64,64,76,76,76,110,110,129,129],"floor_reached":48,"playtime":4701,"items_purged":["Strike_G"],"score":534,"play_id":"dca796ee-7e79-4264-9f9a-46ef51f1ed31","local_time":"20180929215803","is_ascension_mode":false,"campfire_choices":[{"data":"Neutralize","floor":6,"key":"SMITH"},{"data":"Noxious Fumes","floor":8,"key":"SMITH"},{"floor":13,"key":"REST"},{"data":"Caltrops","floor":15,"key":"SMITH"},{"data":"Footwork","floor":23,"key":"SMITH"},{"floor":25,"key":"REST"},{"data":"Noxious Fumes","floor":28,"key":"SMITH"},{"floor":32,"key":"REST"},{"data":"Blur","floor":41,"key":"SMITH"},{"floor":44,"key":"REST"},{"floor":46,"key":"REST"}],"neow_cost":"","seed_source_timestamp":7181799348134,"circlet_count":0,"master_deck":["Defend_G+1","Defend_G","Defend_G","Defend_G","Defend_G","Strike_G","Strike_G","Strike_G+1","Survivor","Neutralize+1","Terror+1","Noxious Fumes+1","Calculated Gamble","Backflip","Footwork+1","Caltrops+1","Prepared","Leg Sweep","Outmaneuver","Tools of the Trade","Outmaneuver+1","Noxious Fumes+1","Deflect","Deflect+1","Parasite","A Thousand Cuts","Backflip+1","Blur+1","Cloak And Dagger+1","Cloak And Dagger","Madness","Madness","Cloak And Dagger+1","Acrobatics+1","Doubt","Prepared","Bouncing Flask"],"relics":["Ring of the Snake","Du-Vu Doll","Odd Mushroom","Cursed Key","Orichalcum","Ancient Tea Set","Tiny House","Ice Cream","Unceasing Top","WingedGreaves","Gambling Chip"],"potions_floor_usage":[16,18,27,33,40],"damage_taken":[{"damage":0,"enemies":"Small Slimes","floor":1,"turns":3},{"damage":0,"enemies":"Jaw Worm","floor":3,"turns":3},{"damage":0,"enemies":"2 Louse","floor":4,"turns":3},{"damage":8,"enemies":"2 Fungi Beasts","floor":5,"turns":4},{"damage":0,"enemies":"Large Slime","floor":7,"turns":5},{"damage":20,"enemies":"Exordium Thugs","floor":10,"turns":5},{"damage":6,"enemies":"Red Slaver","floor":11,"turns":6},{"damage":0,"enemies":"Lots of Slimes","floor":12,"turns":5},{"damage":3,"enemies":"The Mushroom Lair","floor":14,"turns":5},{"damage":10,"enemies":"Hexaghost","floor":16,"turns":9},{"damage":24,"enemies":"3 Byrds","floor":18,"turns":6},{"damage":0,"enemies":"Shell Parasite","floor":21,"turns":6},{"damage":2,"enemies":"Cultist and Chosen","floor":24,"turns":7},{"damage":11,"enemies":"Sentry and Sphere","floor":27,"turns":7},{"damage":13,"enemies":"Colosseum Slavers","floor":29,"turns":5},{"damage":9,"enemies":"Chosen and Byrds","floor":30,"turns":6},{"damage":12,"enemies":"Champ","floor":33,"turns":16},{"damage":8,"enemies":"3 Shapes","floor":35,"turns":5},{"damage":0,"enemies":"3 Darklings","floor":36,"turns":6},{"damage":27,"enemies":"Nemesis","floor":40,"turns":9},{"damage":1,"enemies":"Sphere and 2 Shapes","floor":42,"turns":6},{"damage":58,"enemies":"2 Orb Walkers","floor":45,"turns":6},{"damage":0,"enemies":"4 Shapes","floor":47,"turns":6},{"damage":57,"enemies":"Transient","floor":48,"turns":5}],"seed_played":"-1340436267546077122","potions_obtained":[{"floor":5,"key":"SteroidPotion"},{"floor":10,"key":"Strength Potion"},{"floor":11,"key":"SteroidPotion"},{"floor":12,"key":"Swift Potion"},{"floor":18,"key":"Fire Potion"},{"floor":24,"key":"LiquidBronze"},{"floor":34,"key":"Fire Potion"},{"floor":35,"key":"PowerPotion"},{"floor":37,"key":"FairyPotion"},{"floor":37,"key":"Fruit Juice"},{"floor":42,"key":"Ancient Potion"},{"floor":47,"key":"Dexterity Potion"}],"is_trial":false,"path_per_floor":["M","?","M","M","M","R","M","R","T","M","M","M","R","?","R","B",null,"M","?","$","M","?","R","M","R","T","M","R","?","M","?","R","B",null,"M","M","?","$","?","E","R","M","T","R","E","R","M"],"character_chosen":"THE_SILENT","items_purchased":["Noxious Fumes","Orichalcum","Ice Cream","Cloak And Dagger"],"campfire_rested":5,"item_purchase_floors":[20,20,38,38],"current_hp_per_floor":[70,56,56,56,48,48,48,48,48,28,22,22,43,40,40,30,70,46,33,33,33,33,33,31,53,53,42,42,29,20,20,42,30,80,72,72,72,72,62,40,40,39,39,64,6,31,31,0],"gold":129,"neow_bonus":"","is_prod":false,"is_daily":false,"chose_seed":false,"campfire_upgraded":6,"win_rate":0,"timestamp":1538251083,"path_taken":["M","?","M","M","M","R","M","R","T","M","M","M","R","?","R","BOSS","M","?","$","?","?","R","M","R","T","M","R","?","?","?","R","BOSS","M","M","?","$","?","E","R","M","T","R","E","R","?","M"],"build_version":"2018-09-27","purchased_purges":1,"victory":false,"max_hp_per_floor":[70,70,70,70,70,70,70,70,70,70,70,70,70,70,70,70,70,70,75,75,75,75,75,75,75,75,75,75,75,75,75,75,75,80,80,80,80,80,80,85,85,85,85,85,85,85,85,85],"card_choices":[{"not_picked":["Quick Slash","Underhanded Strike"],"picked":"Terror","floor":1},{"not_picked":["Crippling Poison","PiercingWail"],"picked":"Noxious Fumes","floor":3},{"not_picked":["Crippling Poison","Deflect"],"picked":"Calculated Gamble","floor":4},{"not_picked":["Envenom","Blade Dance"],"picked":"Backflip","floor":5},{"not_picked":["Underhanded Strike","Slice"],"picked":"Footwork","floor":7},{"not_picked":["Endless Agony","Dagger Spray"],"picked":"Caltrops","floor":10},{"not_picked":["Bouncing Flask","Flying Knee"],"picked":"Prepared","floor":11},{"not_picked":["Acrobatics","Outmaneuver"],"picked":"Leg Sweep","floor":12},{"not_picked":["Quick Slash","Bane"],"picked":"Outmaneuver","floor":14},{"not_picked":["Unload","Burst"],"picked":"Tools of the Trade","floor":16},{"not_picked":["Deadly Poison","Poisoned Stab"],"picked":"Outmaneuver+1","floor":18},{"not_picked":["PiercingWail+1","Sucker Punch"],"picked":"Deflect","floor":21},{"not_picked":["Deadly Poison","Slice"],"picked":"Deflect+1","floor":24},{"not_picked":["Dagger Throw+1","Poisoned Stab","Deflect"],"picked":"SKIP","floor":27},{"not_picked":["Dagger Throw+1","Poisoned Stab","Deflect"],"picked":"SKIP","floor":27},{"not_picked":["Glass Knife","Blade Dance","Noxious Fumes"],"picked":"SKIP","floor":30},{"not_picked":["Envenom","Unload"],"picked":"A Thousand Cuts","floor":33},{"not_picked":["Dagger Spray","Skewer"],"picked":"Backflip+1","floor":34},{"not_picked":["Deadly Poison+1","All Out Attack"],"picked":"Blur","floor":35},{"not_picked":["Eviscerate","Backflip"],"picked":"Cloak And Dagger+1","floor":36},{"not_picked":["Outmaneuver","Slice"],"picked":"Cloak And Dagger+1","floor":40},{"not_picked":["Finisher+1","Poisoned Stab"],"picked":"Acrobatics+1","floor":42},{"not_picked":["Acrobatics+1","Glass Knife"],"picked":"Prepared","floor":45},{"not_picked":["Blade Dance+1","Outmaneuver+1"],"picked":"Bouncing Flask","floor":47}],"player_experience":52218,"relics_obtained":[{"floor":9,"key":"Du-Vu Doll"},{"floor":14,"key":"Odd Mushroom"},{"floor":26,"key":"Ancient Tea Set"},{"floor":40,"key":"Unceasing Top"},{"floor":43,"key":"WingedGreaves"},{"floor":45,"key":"Gambling Chip"}],"event_choices":[{"event_name":"Shining Light","player_choice":"Entered Light","floor":2,"damage_taken":0},{"event_name":"Mushrooms","player_choice":"Fought Mushrooms","floor":14,"damage_taken":0},{"event_name":"Forgotten Altar","player_choice":"Shed Blood","floor":19,"damage_taken":0},{"event_name":"Beggar","player_choice":"Gave Gold","floor":22,"damage_taken":0},{"event_name":"Colosseum","player_choice":"Fight","floor":29,"damage_taken":0},{"event_name":"Colosseum","player_choice":"Fled From Nobs","floor":29,"damage_taken":0},{"event_name":"Nest","player_choice":"Stole From Cult","floor":31,"damage_taken":0},{"event_name":"The Lab","player_choice":"Got Potions","floor":37,"damage_taken":0},{"event_name":"Winding Halls","player_choice":"Embrace Madness","floor":39,"damage_taken":0}],"is_beta":false,"boss_relics":[{"not_picked":["Orrery","Ring of the Serpent"],"picked":"Cursed Key"},{"not_picked":["Black Star","Busted Crown"],"picked":"Tiny House"}],"items_purged_floors":[20],"is_endless":false,"potions_floor_spawned":[5,10,11,12,18,24,35,42,47],"killed_by":"Transient","ascension_level":0}