{"gold_per_floor":[212,34,48,64,139,165,165,194,219,56,56,56,87,101,101,201,251,265,285,298,397,312,312,347,347,373,373,386,421,521,521,521,622,622,637,637,251,266,64,91,91,91,91,91,107,107,125,135,135,135,135,135,13,43,43],"floor_reached":56,"playtime":4834,"items_purged":["Strike_B","Regret","Decay"],"score":1533,"play_id":"2e78c4d5-474a-456a-bab2-f94b50e8e6ca","local_time":"20190330163446","is_ascension_mode":true,"campfire_choices":[{"floor":7.0,"key":"REST"},{"floor":11.0,"key":"REST"},{"data":"Coolheaded","floor":15.0,"key":"SMITH"},{"floor":23.0,"key":"REST"},{"floor":25.0,"key":"REST"},{"data":"Echo Form","floor":27.0,"key":"SMITH"},{"floor":32.0,"key":"REST"},{"floor":41.0,"key":"REST"},{"floor":44.0,"key":"RECALL"},{"floor":49.0,"key":"REST"},{"data":"Defragment","floor":52,"key":"SMITH"}],"neow_cost":"NONE","seed_source_timestamp":101774220251749,"circlet_count":0,"master_deck":["Strike_B","Strike_B","Strike_B","Defend_B","Defend_B","Defend_B","Defend_B","Zap","Dualcast","Coolheaded+1","Metamorphosis+1","Cold Snap","Self Repair","Coolheaded","Finesse+1","Electrodynamics","Cold Snap","Buffer","Conserve Battery","Glacier+1","Echo Form+1","Chill+1","Capacitor+1","Defragment+1","Reboot","Writhe","Melter+1","Blizzard","Well Laid Plans","Madness","Madness","Armaments+1"],"special_seed":0,"relics":["Cracked Core","Ancient Tea Set","Regal Pillow","Potion Belt","Lantern","Tiny House","Anchor","Blood Vial","Bronze Scales","Ornamental Fan","Emotion Chip","Bottled Flame","Calling Bell","PreservedInsect","Meat on the Bone","Pocketwatch","PrismaticShard","The Courier","DataDisk","Centennial Puzzle"],"potions_floor_usage":[50,50,55,55,55,55],"damage_taken":[{"damage":0.0,"enemies":"Small Slimes","floor":1.0,"turns":2.0},{"damage":0.0,"enemies":"Cultist","floor":3.0,"turns":3.0},{"damage":9.0,"enemies":"2 Louse","floor":4.0,"turns":3.0},{"damage":16.0,"enemies":"Lagavulin","floor":6.0,"turns":7.0},{"damage":32.0,"enemies":"3 Sentries","floor":8.0,"turns":8.0},{"damage":0.0,"enemies":"Gremlin Nob","floor":13.0,"turns":3.0},{"damage":1.0,"enemies":"Blue Slaver","floor":14.0,"turns":3.0},{"damage":54.0,"enemies":"Hexaghost","floor":16.0,"turns":13.0},{"damage":8.0,"enemies":"Shell Parasite","floor":18.0,"turns":5.0},{"damage":0.0,"enemies":"Chosen","floor":19.0,"turns":6.0},{"damage":33.0,"enemies":"Snake Plant","floor":20.0,"turns":6.0},{"damage":51.0,"enemies":"Book of Stabbing","floor":24.0,"turns":7.0},{"damage":28.0,"enemies":"Shelled Parasite and Fungi","floor":28.0,"turns":9.0},{"damage":10.0,"enemies":"Gremlin Leader","floor":29.0,"turns":5.0},{"damage":0.0,"enemies":"Colosseum Slavers","floor":30.0,"turns":1.0},{"damage":5.0,"enemies":"Colosseum Nobs","floor":30.0,"turns":4.0},{"damage":0.0,"enemies":"Champ","floor":33.0,"turns":17.0},{"damage":18.0,"enemies":"3 Darklings","floor":35.0,"turns":5.0},{"damage":5.0,"enemies":"Orb Walker","floor":38.0,"turns":5.0},{"damage":43.0,"enemies":"Nemesis","floor":40.0,"turns":5.0},{"damage":0.0,"enemies":"Maw","floor":45.0,"turns":7.0},{"damage":52.0,"enemies":"Transient","floor":47.0,"turns":4.0},{"damage":13.0,"enemies":"4 Shapes","floor":48.0,"turns":4.0},{"damage":48,"enemies":"Donu and Deca","floor":50,"turns":9},{"damage":42,"enemies":"Shield and Spear","floor":54,"turns":10},{"damage":9,"enemies":"The Heart","floor":55,"turns":8}],"seed_played":"-3872533220250241430","potions_obtained":[{"floor":1.0,"key":"SmokeBomb"},{"floor":8.0,"key":"Swift Potion"},{"floor":14.0,"key":"Explosive Potion"},{"floor":17.0,"key":"Energy Potion"},{"floor":19.0,"key":"Ancient Potion"},{"floor":20.0,"key":"Fire Potion"},{"floor":28.0,"key":"SteroidPotion"},{"floor":33.0,"key":"Regen Potion"},{"floor":35.0,"key":"LiquidBronze"},{"floor":47.0,"key":"PowerPotion"},{"floor":54,"key":"Block Potion"}],"is_trial":false,"path_per_floor":["M","$","M","M","?","E","R","E","T","$","R","?","E","M","R","B",null,"M","M","M","?","?","R","E","R","T","R","M","E","?","?","R","B",null,"M","?","$","M","$","E","R","?","T","R","M","?","M","M","R","B",null,"R","$","E","B",null],"character_chosen":"DEFECT","items_purchased":["Metamorphosis","Finesse","Blizzard","PrismaticShard","LiquidBronze","DataDisk"],"campfire_rested":7,"item_purchase_floors":[2,10,37,37,39,53],"current_hp_per_floor":[75,75,75,66,55,46,68,43,43,43,75,75,75,74,74,27,68,67,74,48,48,48,80,29,68,68,68,49,41,40,40,79,80,80,62,62,62,59,59,37,76,76,76,76,80,70,39,47,80,47,72,72,72,51,44],"gold":43,"neow_bonus":"HUNDRED_GOLD","is_prod":false,"is_daily":false,"chose_seed":false,"campfire_upgraded":3,"win_rate":0,"timestamp":1553981686,"path_taken":["M","$","M","M","?","E","R","E","T","$","R","?","E","M","R","BOSS","M","M","M","?","?","R","E","R","T","R","M","E","?","?","R","BOSS","M","?","$","M","$","E","R","?","T","R","M","?","M","M","R","BOSS","R","$","E","BOSS"],"build_version":"2019-01-23","purchased_purges":3,"victory":true,"max_hp_per_floor":[75,75,75,75,75,75,75,75,75,75,75,75,75,75,75,75,80,80,80,80,80,80,80,80,80,80,80,80,80,80,80,80,80,80,80,80,80,80,80,80,80,80,80,80,80,80,80,80,80,80,80,80,80,80,80],"card_choices":[{"not_picked":["Static Discharge","Stack"],"picked":"Coolheaded","floor":1.0},{"not_picked":["Stack","Ball Lightning"],"picked":"Cold Snap","floor":3.0},{"not_picked":["Conserve Battery","Reprogram"],"picked":"Self Repair","floor":4.0},{"not_picked":["Stack","Force Field","Hologram"],"picked":"SKIP","floor":6.0},{"not_picked":["Hello World","Darkness"],"picked":"Coolheaded","floor":8.0},{"not_picked":["Steam","Leap"],"picked":"Electrodynamics","floor":13.0},{"not_picked":["Genetic Algorithm","Coolheaded"],"picked":"Cold Snap","floor":14.0},{"not_picked":["Electrodynamics","Multi-Cast"],"picked":"Buffer","floor":16.0},{"not_picked":["Recycle","Go for the Eyes"],"picked":"Conserve Battery","floor":17.0},{"not_picked":["Sweeping Beam","Streamline"],"picked":"Glacier+1","floor":18.0},{"not_picked":["Auto Shields","Turbo"],"picked":"Echo Form","floor":19.0},{"not_picked":["Gash","Coolheaded","Darkness"],"picked":"SKIP","floor":20.0},{"not_picked":["Turbo","Sweeping Beam+1"],"picked":"Chill+1","floor":24.0},{"not_picked":["Ball Lightning","Auto Shields+1","Steam"],"picked":"SKIP","floor":28.0},{"not_picked":["Hologram","Storm"],"picked":"Capacitor+1","floor":29.0},{"not_picked":["Redo","Coolheaded"],"picked":"Defragment","floor":30.0},{"not_picked":["Buffer","Electrodynamics"],"picked":"Reboot","floor":33.0},{"not_picked":["Turbo+1","Gash"],"picked":"Melter+1","floor":35.0},{"not_picked":["Escape Plan+1","Rampage+1","Acrobatics+1"],"picked":"SKIP","floor":38.0},{"not_picked":["Thunderclap+1","Ball Lightning+1"],"picked":"Well Laid Plans","floor":40.0},{"not_picked":["Hello World","Backflip+1","Reinforced Body+1"],"picked":"SKIP","floor":45.0},{"not_picked":["Stack+1","Acrobatics+1","Redo"],"picked":"SKIP","floor":47.0},{"not_picked":["Auto Shields","Clash","Leap+1"],"picked":"SKIP","floor":48.0},{"not_picked":["Fission","Outmaneuver+1"],"picked":"Armaments+1","floor":54}],"player_experience":347519,"relics_obtained":[{"floor":6.0,"key":"Ancient Tea Set"},{"floor":8.0,"key":"Regal Pillow"},{"floor":9.0,"key":"Potion Belt"},{"floor":13.0,"key":"Lantern"},{"floor":24.0,"key":"Blood Vial"},{"floor":26.0,"key":"Bronze Scales"},{"floor":29.0,"key":"Ornamental Fan"},{"floor":30.0,"key":"Emotion Chip"},{"floor":30.0,"key":"Bottled Flame"},{"floor":34.0,"key":"PreservedInsect"},{"floor":34.0,"key":"Meat on the Bone"},{"floor":34.0,"key":"Pocketwatch"},{"floor":40.0,"key":"The Courier"},{"floor":54,"key":"Centennial Puzzle"}],"event_choices":[{"damage_healed":0.0,"max_hp_gain":0.0,"max_hp_loss":0.0,"gold_gain":75.0,"event_name":"World of Goop","player_choice":"Gather Gold","floor":5.0,"gold_loss":0.0,"damage_taken":11.0},{"damage_healed":0.0,"max_hp_gain":0.0,"max_hp_loss":0.0,"gold_gain":0.0,"event_name":"Upgrade Shrine","player_choice":"Upgraded","floor":12.0,"gold_loss":0.0,"damage_taken":0.0,"cards_upgraded":["Metamorphosis"]},{"damage_healed":0.0,"max_hp_gain":0.0,"max_hp_loss":0.0,"gold_gain":99.0,"event_name":"Nest","player_choice":"Stole From Cult","floor":21.0,"gold_loss":0.0,"damage_taken":0.0},{"damage_healed":0.0,"max_hp_gain":0.0,"max_hp_loss":0.0,"gold_gain":0.0,"event_name":"Addict","player_choice":"Obtained Relic","floor":22.0,"gold_loss":85.0,"damage_taken":0.0,"relics_obtained":["Anchor"]},{"damage_healed":0.0,"max_hp_gain":0.0,"max_hp_loss":0.0,"gold_gain":0.0,"event_name":"Colosseum","player_choice":"Fight","floor":30.0,"gold_loss":0.0,"damage_taken":0.0},{"damage_healed":0.0,"max_hp_gain":0.0,"max_hp_loss":0.0,"gold_gain":0.0,"event_name":"Colosseum","player_choice":"Fought Nobs","floor":30.0,"gold_loss":0.0,"damage_taken":0.0},{"damage_healed":0.0,"max_hp_gain":0.0,"max_hp_loss":0.0,"gold_gain":0.0,"event_name":"Ghosts","player_choice":"Ignored","floor":31.0,"gold_loss":0.0,"damage_taken":0.0},{"damage_healed":0.0,"max_hp_gain":0.0,"max_hp_loss":0.0,"gold_gain":0.0,"event_name":"Tomb of Lord Red Mask","player_choice":"Ignored","floor":36.0,"gold_loss":0.0,"damage_taken":0.0},{"damage_healed":0.0,"max_hp_gain":0.0,"max_hp_loss":0.0,"gold_gain":0.0,"event_name":"SensoryStone","player_choice":"Memory 1","floor":42.0,"gold_loss":0.0,"damage_taken":0.0},{"damage_healed":0.0,"max_hp_gain":0.0,"max_hp_loss":0.0,"gold_gain":0.0,"event_name":"Winding Halls","player_choice":"Embrace Madness","floor":46.0,"gold_loss":0.0,"damage_taken":10.0,"cards_obtained":["Madness","Madness"]}],"is_beta":false,"boss_relics":[{"not_picked":["Coffee Dripper","Snecko Eye"],"picked":"Tiny House"},{"not_picked":["FrozenCore","Empty Cage"],"picked":"Calling Bell"}],"items_purged_floors":[10,37,39],"is_endless":false,"potions_floor_spawned":[1,8,14,19,20,28,33,35,45,47,48,54],"ascension_level":5}