{"gold_per_floor":[118,135,154,166,166,166,18,45,70,70,89,106,281,107,107,210,210,228,244,244,262,187,187],"floor_reached":23,"playtime":1344,"items_purged":["Strike_G","Doubt"],"score":241,"play_id":"8ac31041-88f8-4778-abc0-551342c979c6","local_time":"20190331015105","is_ascension_mode":true,"campfire_choices":[{"data":"Cloak And Dagger","floor":6,"key":"SMITH"},{"data":"All Out Attack","floor":10,"key":"SMITH"},{"data":"Bouncing Flask","floor":15,"key":"SMITH"}],"neow_cost":"NONE","seed_source_timestamp":120104537138500,"circlet_count":0,"master_deck":["Defend_G","Defend_G","Defend_G+1","Defend_G+1","Strike_G","Strike_G+1","Survivor+1","Neutralize+1","Sucker Punch","Cloak And Dagger+1","Leg Sweep","Well Laid Plans","All Out Attack+1","PiercingWail","Terror","Bouncing Flask+1","Phantasmal Killer","Flechettes","Bouncing Flask"],"relics":["Ring of the Snake","Dream Catcher","War Paint","Runic Pyramid"],"potions_floor_usage":[8,16,16,23],"damage_taken":[{"damage":0,"enemies":"Cultist","floor":1,"turns":5},{"damage":4,"enemies":"Small Slimes","floor":2,"turns":5},{"damage":0,"enemies":"2 Louse","floor":3,"turns":2},{"damage":0,"enemies":"Blue Slaver","floor":4,"turns":5},{"damage":1,"enemies":"Lagavulin","floor":8,"turns":8},{"damage":0,"enemies":"Looter","floor":11,"turns":3},{"damage":0,"enemies":"Exordium Thugs","floor":12,"turns":5},{"damage":11,"enemies":"The Guardian","floor":16,"turns":8},{"damage":3,"enemies":"Shell Parasite","floor":18,"turns":4},{"damage":3,"enemies":"3 Byrds","floor":19,"turns":5},{"damage":21,"enemies":"Shelled Parasite and Fungi","floor":21,"turns":6},{"damage":47,"enemies":"Slavers","floor":23,"turns":4}],"seed_played":"-2372392676488483389","potions_obtained":[{"floor":3,"key":"Poison Potion"},{"floor":4,"key":"LiquidBronze"},{"floor":12,"key":"Strength Potion"},{"floor":16,"key":"EssenceOfSteel"},{"floor":21,"key":"Swift Potion"}],"is_trial":false,"path_per_floor":["M","M","M","M","?","R","$","E","T","R","M","M","?","$","R","B",null,"M","M","?","M","?","E"],"character_chosen":"THE_SILENT","items_purchased":["Well Laid Plans","Bouncing Flask"],"campfire_rested":0,"item_purchase_floors":[7,14],"current_hp_per_floor":[70,66,66,66,52,52,52,51,51,51,51,51,51,51,51,40,63,60,57,57,36,36,0],"gold":187,"neow_bonus":"UPGRADE_CARD","is_prod":false,"is_daily":false,"chose_seed":false,"campfire_upgraded":3,"win_rate":0,"timestamp":1553993465,"path_taken":["M","M","M","?","?","R","$","E","T","R","M","M","?","$","R","BOSS","M","M","?","M","?","E"],"build_version":"2019-01-23","purchased_purges":2,"victory":false,"max_hp_per_floor":[70,70,70,70,70,70,70,70,70,70,70,70,70,70,70,70,70,70,70,70,70,70,70],"card_choices":[{"not_picked":["Deflect","Acrobatics"],"picked":"Sucker Punch","floor":1},{"not_picked":["Outmaneuver","Concentrate"],"picked":"Cloak And Dagger","floor":2},{"not_picked":["Slice","Expertise","Accuracy"],"picked":"SKIP","floor":3},{"not_picked":["Outmaneuver","Sucker Punch"],"picked":"Leg Sweep","floor":4},{"not_picked":["Skewer","Flying Knee"],"picked":"All Out Attack","floor":8},{"not_picked":["Flying Knee","Flechettes"],"picked":"PiercingWail","floor":11},{"not_picked":["Endless Agony","Slice"],"picked":"Terror","floor":12},{"not_picked":["Venomology","Wraith Form v2"],"picked":"Phantasmal Killer","floor":16},{"not_picked":["Deadly Poison","Dagger Spray","Terror"],"picked":"SKIP","floor":18},{"not_picked":["Backflip+1","Slice","Cloak And Dagger"],"picked":"SKIP","floor":19},{"not_picked":["Burst","Quick Slash","Dagger Spray+1"],"picked":"SKIP","floor":21}],"player_experience":505010,"relics_obtained":[{"floor":8,"key":"Dream Catcher"},{"floor":9,"key":"War Paint"}],"event_choices":[{"damage_healed":0,"gold_gain":0,"player_choice":"Entered Light","damage_taken":14,"max_hp_gain":0,"max_hp_loss":0,"event_name":"Shining Light","floor":5,"gold_loss":0,"cards_upgraded":["Survivor","Strike_G"]},{"damage_healed":0,"gold_gain":175,"player_choice":"AGREE","damage_taken":0,"max_hp_gain":0,"max_hp_loss":0,"event_name":"Liars Game","floor":13,"gold_loss":0,"cards_obtained":["Doubt"]},{"damage_healed":0,"gold_gain":0,"cards_transformed":["Strike_G","Strike_G"],"player_choice":"Became Test Subject","damage_taken":0,"max_hp_gain":0,"max_hp_loss":0,"event_name":"Drug Dealer","floor":20,"gold_loss":0,"cards_obtained":["Flechettes","Bouncing Flask"]},{"cards_removed":["Defend_G"],"damage_healed":0,"gold_gain":0,"player_choice":"Gave Gold","damage_taken":0,"max_hp_gain":0,"max_hp_loss":0,"event_name":"Beggar","floor":22,"gold_loss":75}],"is_beta":false,"boss_relics":[{"not_picked":["Snecko Eye","Ectoplasm"],"picked":"Runic Pyramid"}],"items_purged_floors":[7,14],"is_endless":false,"potions_floor_spawned":[3,4,12,16,21],"killed_by":"Slavers","ascension_level":5}