{"gold_per_floor":[217,217,229,242,242,275,286,286,286,301,159,159,171,184,184,289,289,303,322,332,345,102,102],"floor_reached":23,"playtime":1256,"items_purged":["Defend_B","Strike_B"],"score":197,"play_id":"24a13448-6c26-430d-b674-731ac16919c0","local_time":"20181011195427","is_ascension_mode":false,"campfire_choices":[{"data":"Lockon","floor":8,"key":"SMITH"},{"floor":12,"key":"REST"},{"data":"Chill","floor":15,"key":"SMITH"}],"neow_cost":"NONE","seed_source_timestamp":40994694419800,"circlet_count":0,"master_deck":["Strike_B","Strike_B","Strike_B","Defend_B","Defend_B","Defend_B","Zap+1","Dualcast","Conserve Battery","Conserve Battery","Loop+1","Lockon+1","Chill+1","Echo Form","Ball Lightning","BootSequence","Creative AI","Tempest+1","Go for the Eyes+1","Redo","Redo+1"],"relics":["Cracked Core","Lantern","Vajra","Sozu","Blood Vial"],"potions_floor_usage":[13,14,18],"damage_taken":[{"damage":1,"enemies":"2 Louse","floor":1,"turns":3},{"damage":0,"enemies":"Cultist","floor":3,"turns":3},{"damage":3,"enemies":"Small Slimes","floor":4,"turns":4},{"damage":9,"enemies":"3 Sentries","floor":6,"turns":7},{"damage":5,"enemies":"Gremlin Gang","floor":7,"turns":5},{"damage":0,"enemies":"Exordium Wildlife","floor":10,"turns":2},{"damage":10,"enemies":"Red Slaver","floor":13,"turns":2},{"damage":0,"enemies":"Blue Slaver","floor":14,"turns":2},{"damage":23,"enemies":"The Guardian","floor":16,"turns":8},{"damage":16,"enemies":"2 Thieves","floor":18,"turns":4},{"damage":1,"enemies":"Spheric Guardian","floor":19,"turns":3},{"damage":4,"enemies":"Centurion and Healer","floor":20,"turns":8},{"damage":44,"enemies":"3 Cultists","floor":21,"turns":8},{"damage":20,"enemies":"Book of Stabbing","floor":23,"turns":4}],"seed_played":"-1907783689235919538","potions_obtained":[{"floor":3,"key":"FairyPotion"},{"floor":6,"key":"PowerPotion"},{"floor":10,"key":"Explosive Potion"},{"floor":14,"key":"SneckoOil"}],"is_trial":false,"path_per_floor":["M","?","M","M","?","E","M","R","T","M","$","R","M","M","R","B",null,"M","M","M","M","$"],"character_chosen":"DEFECT","items_purchased":["Echo Form","Blood Vial"],"campfire_rested":1,"item_purchase_floors":[11,22],"current_hp_per_floor":[74,74,74,71,71,62,57,57,57,57,57,75,65,65,65,42,75,59,58,54,10,10,0],"gold":102,"neow_bonus":"HUNDRED_GOLD","is_prod":false,"is_daily":false,"chose_seed":false,"campfire_upgraded":2,"win_rate":0,"timestamp":1539280467,"path_taken":["M","?","M","M","?","E","M","R","T","?","?","R","?","M","R","BOSS","M","M","M","M","$","E"],"build_version":"2018-10-04v2","purchased_purges":2,"victory":false,"max_hp_per_floor":[75,75,75,75,75,75,75,75,75,75,75,75,75,75,75,75,75,75,75,75,75,75,75],"card_choices":[{"not_picked":["Compile Driver","Steam"],"picked":"Conserve Battery","floor":1},{"not_picked":["Hologram","Aggregate"],"picked":"Conserve Battery","floor":3},{"not_picked":["Aggregate","Lockon"],"picked":"Loop","floor":4},{"not_picked":["Steam","Conserve Battery","Recycle"],"picked":"SKIP","floor":6},{"not_picked":["Scrape","Streamline"],"picked":"Lockon","floor":7},{"not_picked":["Steam","Melter"],"picked":"Chill","floor":10},{"not_picked":["Cold Snap","Reprogram"],"picked":"Ball Lightning","floor":13},{"not_picked":["Barrage","Streamline"],"picked":"BootSequence","floor":14},{"not_picked":["Hyperbeam","Amplify"],"picked":"Creative AI","floor":16},{"not_picked":["Melter","Redo"],"picked":"Tempest+1","floor":18},{"not_picked":["Conserve Battery","Beam Cell+1"],"picked":"Go for the Eyes+1","floor":19},{"not_picked":["Compile Driver+1","Barrage+1"],"picked":"Redo","floor":20},{"not_picked":["Lockon+1","Turbo+1"],"picked":"Redo+1","floor":21}],"player_experience":125423,"relics_obtained":[{"floor":6,"key":"Lantern"},{"floor":9,"key":"Vajra"}],"event_choices":[{"event_name":"Living Wall","player_choice":"Grow","floor":2,"damage_taken":0},{"event_name":"Accursed Blacksmith","player_choice":"Forge","floor":5,"damage_taken":0}],"is_beta":false,"boss_relics":[{"not_picked":["Astrolabe","Orrery"],"picked":"Sozu"}],"items_purged_floors":[11,22],"is_endless":false,"potions_floor_spawned":[3,6,10,14,20,21],"killed_by":"Book of Stabbing","ascension_level":0}