{"gold_per_floor":[111,111,186,63,80,80,99,99,99,99,60,86,86,105,105,205,205,223,241,166,182,182],"floor_reached":22,"playtime":1003,"items_purged":["Regret"],"score":267,"play_id":"8ef3bf60-580e-44d2-bf9f-a013d4ca2281","local_time":"20181220171148","is_ascension_mode":true,"campfire_choices":[{"data":"Zap","floor":6,"key":"SMITH"},{"data":"Dualcast","floor":8,"key":"SMITH"},{"data":"Coolheaded","floor":10,"key":"SMITH"},{"data":"Capacitor","floor":15,"key":"SMITH"}],"neow_cost":"NONE","seed_source_timestamp":29768455271700,"circlet_count":0,"master_deck":["Strike_B","Strike_B","Defend_B","Defend_B","Defend_B","Defend_B+1","Zap+1","Dualcast+1","Rip and Tear","Coolheaded+1","Conserve Battery","Coolheaded+1","Capacitor+1","Cold Snap","Echo Form","Turbo+1"],"relics":["Cracked Core","Darkstone Periapt","PreservedInsect","War Paint","CultistMask","Nuclear Battery"],"potions_floor_usage":[12],"damage_taken":[{"damage":0,"enemies":"Small Slimes","floor":1,"turns":2},{"damage":7,"enemies":"Jaw Worm","floor":5,"turns":3},{"damage":0,"enemies":"Cultist","floor":7,"turns":3},{"damage":2,"enemies":"Lagavulin","floor":12,"turns":6},{"damage":0,"enemies":"Exordium Wildlife","floor":14,"turns":4},{"damage":59,"enemies":"Slime Boss","floor":16,"turns":16},{"damage":16,"enemies":"3 Byrds","floor":18,"turns":5},{"damage":21,"enemies":"2 Thieves","floor":19,"turns":4},{"damage":18,"enemies":"Centurion and Healer","floor":21,"turns":8},{"damage":13,"enemies":"Chosen and Byrds","floor":22,"turns":6}],"seed_played":"4713863863310927179","potions_obtained":[{"floor":5,"key":"Regen Potion"},{"floor":16,"key":"Strength Potion"}],"is_trial":false,"path_per_floor":["M","?","?","$","M","R","M","R","T","R","$","E","?","M","R","B",null,"M","M","?","M","M"],"character_chosen":"DEFECT","items_purchased":["Conserve Battery","Capacitor"],"campfire_rested":0,"item_purchase_floors":[4,11],"current_hp_per_floor":[68,74,63,63,56,56,56,56,56,56,56,66,66,66,66,7,63,47,26,26,8,0],"gold":182,"neow_bonus":"TRANSFORM_CARD","is_prod":false,"is_daily":false,"chose_seed":false,"campfire_upgraded":4,"win_rate":0,"timestamp":1545322308,"path_taken":["M","?","?","$","M","R","M","R","T","R","?","E","?","M","R","BOSS","M","?","?","M","M"],"build_version":"2018-12-13","purchased_purges":1,"victory":false,"max_hp_per_floor":[75,81,81,81,81,81,81,81,81,81,81,81,81,81,81,81,81,81,81,81,81,81],"card_choices":[{"not_picked":["Conserve Battery","Beam Cell"],"picked":"Coolheaded","floor":1},{"not_picked":["Sweeping Beam","Conserve Battery"],"picked":"Coolheaded","floor":5},{"not_picked":["Recycle","Barrage","Go for the Eyes"],"picked":"SKIP","floor":7},{"not_picked":["Hyperbeam","Turbo"],"picked":"Cold Snap","floor":12},{"not_picked":["Beam Cell","Hologram","Reinforced Body"],"picked":"SKIP","floor":14},{"not_picked":["Core Surge","All For One"],"picked":"Echo Form","floor":16},{"not_picked":["Coolheaded","Steam","Reinforced Body"],"picked":"SKIP","floor":18},{"not_picked":["Redo","Sweeping Beam","Heatsinks"],"picked":"SKIP","floor":19},{"not_picked":["Stack+1","Hyperbeam"],"picked":"Turbo+1","floor":21}],"player_experience":290098,"relics_obtained":[{"floor":9,"key":"PreservedInsect"},{"floor":12,"key":"War Paint"}],"event_choices":[{"damage_healed":0,"gold_gain":0,"player_choice":"Box","damage_taken":0,"relics_obtained":["Darkstone Periapt"],"max_hp_gain":0,"max_hp_loss":0,"event_name":"Big Fish","floor":2,"gold_loss":0,"cards_obtained":["Regret"]},{"damage_healed":0,"gold_gain":75,"player_choice":"Gather Gold","damage_taken":11,"max_hp_gain":0,"max_hp_loss":0,"event_name":"World of Goop","floor":3,"gold_loss":0},{"damage_healed":0,"gold_gain":0,"player_choice":"Trade","damage_taken":0,"relics_obtained":["CultistMask"],"max_hp_gain":0,"max_hp_loss":0,"event_name":"FaceTrader","floor":13,"gold_loss":0},{"cards_removed":["Strike_B"],"damage_healed":0,"gold_gain":0,"player_choice":"Gave Gold","damage_taken":0,"max_hp_gain":0,"max_hp_loss":0,"event_name":"Beggar","floor":20,"gold_loss":75}],"is_beta":false,"boss_relics":[{"not_picked":["Lizard Tail","Philosopher\u0027s Stone"],"picked":"Nuclear Battery"}],"items_purged_floors":[4],"is_endless":false,"potions_floor_spawned":[5,16],"killed_by":"Chosen and Byrds","ascension_level":9}