{"gold_per_floor":[109,120,120,120,120,154,166,216,255,267,61,100,100,116,116,116],"floor_reached":16,"playtime":444,"items_purged":[],"score":261,"play_id":"ad2e6383-43fd-4a1c-843d-6eacd34e4926","local_time":"20190101191927","is_ascension_mode":true,"campfire_choices":[{"data":"Zap","floor":7,"key":"SMITH"},{"data":"Go for the Eyes","floor":10,"key":"SMITH"},{"floor":13,"key":"REST"},{"data":"Dualcast","floor":15,"key":"SMITH"}],"neow_cost":"NONE","seed_source_timestamp":122756009810800,"circlet_count":0,"master_deck":["AscendersBane","Strike_B","Strike_B","Strike_B","Strike_B","Defend_B","Defend_B","Defend_B","Defend_B","Zap+1","Dualcast+1","Genetic Algorithm","Coolheaded","Go for the Eyes+1","Compile Driver","Blizzard","Self Repair","Leap"],"relics":["Cracked Core","NeowsBlessing","Golden Idol","Oddly Smooth Stone","Incense Burner","MawBank","Anchor","Omamori","Happy Flower"],"potions_floor_usage":[8,16],"damage_taken":[{"damage":0,"enemies":"Jaw Worm","floor":1,"turns":1},{"damage":0,"enemies":"2 Louse","floor":2,"turns":1},{"damage":0,"enemies":"3 Sentries","floor":6,"turns":1},{"damage":18,"enemies":"Gremlin Nob","floor":8,"turns":3},{"damage":26,"enemies":"Lagavulin","floor":12,"turns":8},{"damage":0,"enemies":"Small Slimes","floor":14,"turns":2},{"damage":36,"enemies":"Hexaghost","floor":16,"turns":13}],"seed_played":"6414616701591162475","potions_obtained":[{"floor":2,"key":"Explosive Potion"},{"floor":6,"key":"Fire Potion"}],"is_trial":false,"path_per_floor":["M","M","?","?","T","E","R","E","T","R","$","E","R","M","R","B"],"character_chosen":"DEFECT","items_purchased":["Compile Driver","Blizzard","Self Repair"],"campfire_rested":1,"item_purchase_floors":[11,11,11],"current_hp_per_floor":[64,64,64,53,53,53,53,35,35,35,35,16,35,35,35,0],"gold":116,"neow_bonus":"THREE_ENEMY_KILL","is_prod":false,"is_daily":false,"chose_seed":false,"campfire_upgraded":3,"win_rate":0,"timestamp":1546366767,"path_taken":["M","M","?","?","?","E","R","E","T","R","?","E","R","M","R","BOSS"],"build_version":"2018-12-20","purchased_purges":0,"victory":false,"max_hp_per_floor":[71,71,64,64,64,64,64,64,64,64,64,64,64,64,64,64],"card_choices":[{"not_picked":["Gash","Stack","Aggregate"],"picked":"SKIP","floor":1},{"not_picked":["Rebound","Double Energy"],"picked":"Genetic Algorithm","floor":2},{"not_picked":["Barrage","Turbo"],"picked":"Coolheaded","floor":6},{"not_picked":["White Noise","Conserve Battery"],"picked":"Go for the Eyes","floor":8},{"not_picked":["Rainbow","Melter"],"picked":"Leap","floor":12},{"not_picked":["Darkness","Streamline","Barrage"],"picked":"SKIP","floor":14}],"player_experience":330080,"relics_obtained":[{"floor":5,"key":"Incense Burner"},{"floor":6,"key":"MawBank"},{"floor":8,"key":"Anchor"},{"floor":9,"key":"Omamori"},{"floor":12,"key":"Happy Flower"}],"event_choices":[{"damage_healed":0,"gold_gain":0,"player_choice":"Lose Max HP","damage_taken":0,"relics_obtained":["Golden Idol"],"max_hp_gain":0,"max_hp_loss":7,"event_name":"Golden Idol","floor":3,"gold_loss":0},{"damage_healed":0,"gold_gain":0,"player_choice":"Success","damage_taken":11,"relics_obtained":["Oddly Smooth Stone"],"max_hp_gain":0,"max_hp_loss":0,"event_name":"Scrap Ooze","floor":4,"gold_loss":0}],"is_beta":false,"boss_relics":[],"items_purged_floors":[],"is_endless":false,"potions_floor_spawned":[2,6],"killed_by":"Hexaghost","ascension_level":17}