{"gold_per_floor":[117,192,192,207,59,59,82,115,115,131,151,12,12,12,12,133,133,154,29,50,73,73,73,73,0,0,0,20,39,39,60,60,183,183,228,204,229,131,131,131,181,181,181,181,220,220,220,553,553,553],"floor_reached":51,"playtime":3332,"items_purged":["Injury","Strike_G","Strike_G"],"score":645,"play_id":"8bc6e337-27c3-409f-a77f-e6f2367a7460","local_time":"20190305224500","is_ascension_mode":false,"campfire_choices":[{"data":"Noxious Fumes","floor":6,"key":"SMITH"},{"data":"Forethought","floor":13,"key":"SMITH"},{"data":"Neutralize","floor":15,"key":"SMITH"},{"data":"Adrenaline","floor":23,"key":"SMITH"},{"data":"Bouncing Flask","floor":27,"key":"SMITH"},{"data":"Bite","floor":32,"key":"SMITH"},{"data":"Backflip","floor":40,"key":"SMITH"},{"data":"Bane","floor":44,"key":"SMITH"},{"data":"Tools of the Trade","floor":47,"key":"SMITH"},{"data":"After Image","floor":49,"key":"SMITH"}],"neow_cost":"NONE","seed_source_timestamp":890330302181698,"circlet_count":0,"master_deck":["Defend_G","Defend_G","Defend_G","Defend_G","Defend_G","Survivor","Neutralize+1","Forethought+1","Quick Slash","Noxious Fumes+1","Tools of the Trade+1","All Out Attack","PiercingWail","Bouncing Flask+1","Adrenaline+1","Bite+1","Bite+1","After Image+1","HandOfGreed+1","Quick Slash+1","Violence+1","Bane+1","Prepared+1","Backflip+1","Backflip+1"],"relics":["Ring of the Snake","Ornamental Fan","Regal Pillow","Busted Crown","Enchiridion","Pantograph","Peace Pipe","Astrolabe","Kunai"],"potions_floor_usage":[16,18,28,29,31,33,33,50,50],"damage_taken":[{"damage":1,"enemies":"Cultist","floor":1,"turns":5},{"damage":4,"enemies":"Jaw Worm","floor":4,"turns":4},{"damage":0,"enemies":"Small Slimes","floor":7,"turns":2},{"damage":9,"enemies":"3 Sentries","floor":8,"turns":6},{"damage":8,"enemies":"Gremlin Gang","floor":10,"turns":5},{"damage":7,"enemies":"Blue Slaver","floor":11,"turns":4},{"damage":15,"enemies":"Slime Boss","floor":16,"turns":8},{"damage":16,"enemies":"2 Thieves","floor":18,"turns":4},{"damage":0,"enemies":"Chosen","floor":20,"turns":5},{"damage":19,"enemies":"Shelled Parasite and Fungi","floor":21,"turns":7},{"damage":6,"enemies":"Snake Plant","floor":28,"turns":5},{"damage":5,"enemies":"Snecko","floor":29,"turns":5},{"damage":12,"enemies":"Centurion and Healer","floor":31,"turns":5},{"damage":67,"enemies":"Champ","floor":33,"turns":11},{"damage":5,"enemies":"3 Shapes","floor":35,"turns":5},{"damage":8,"enemies":"3 Darklings","floor":37,"turns":4},{"damage":8,"enemies":"Writhing Mass","floor":41,"turns":6},{"damage":15,"enemies":"Spire Growth","floor":45,"turns":5},{"damage":56,"enemies":"Donu and Deca","floor":50,"turns":15}],"seed_played":"-5603972924675382361","potions_obtained":[{"floor":1,"key":"Poison Potion"},{"floor":10,"key":"Swift Potion"},{"floor":11,"key":"FearPotion"},{"floor":16,"key":"GamblersBrew"},{"floor":18,"key":"Fire Potion"},{"floor":28,"key":"Poison Potion"},{"floor":29,"key":"Weak Potion"},{"floor":35,"key":"Ancient Potion"}],"is_trial":false,"path_per_floor":["M","?","?","M","$","R","M","E","T","M","M","$","R","?","R","B",null,"M","$","M","M","?","R","?","?","T","R","M","M","?","M","R","B",null,"M","$","M","$","?","R","M","?","T","R","M","?","R","?","R","B",null],"character_chosen":"THE_SILENT","items_purchased":["Noxious Fumes","Bouncing Flask","Bane","Backflip","FearPotion"],"campfire_rested":0,"item_purchase_floors":[5,12,36,38,38],"current_hp_per_floor":[69,58,58,54,54,54,54,45,45,37,30,30,30,70,70,55,70,54,54,54,35,35,35,19,19,19,19,27,34,34,32,32,2,49,44,44,38,38,38,38,34,34,34,34,29,29,29,29,29,14],"gold":553,"neow_bonus":"RANDOM_COLORLESS","is_prod":false,"is_daily":false,"chose_seed":false,"campfire_upgraded":10,"win_rate":0,"timestamp":1551797100,"path_taken":["M","?","?","M","$","R","M","E","T","M","M","$","R","?","R","BOSS","M","$","M","?","?","R","?","?","T","R","M","M","?","M","R","BOSS","M","$","M","$","?","R","M","?","T","R","?","?","R","?","R","BOSS"],"build_version":"2019-01-23","purchased_purges":3,"victory":true,"max_hp_per_floor":[70,70,70,70,70,70,70,70,70,70,70,70,70,70,70,70,70,70,70,70,70,49,49,49,49,49,49,49,49,49,49,49,49,49,49,49,49,49,49,49,49,49,49,49,49,49,49,49,49,49],"card_choices":[{"not_picked":["Dodge and Roll","Finisher"],"picked":"Quick Slash","floor":1},{"not_picked":["Slice","Blade Dance"],"picked":"Dagger Spray","floor":4},{"not_picked":["Endless Agony","Concentrate","Acrobatics"],"picked":"SKIP","floor":7},{"not_picked":["Outmaneuver","Sucker Punch"],"picked":"Tools of the Trade","floor":8},{"not_picked":["Cloak And Dagger","Riddle With Holes"],"picked":"All Out Attack","floor":10},{"not_picked":["Setup","Dagger Throw"],"picked":"PiercingWail","floor":11},{"not_picked":["Grand Finale","Night Terror"],"picked":"Adrenaline","floor":16},{"not_picked":["Underhanded Strike+1"],"picked":"SKIP","floor":18},{"not_picked":["Accuracy"],"picked":"SKIP","floor":20},{"not_picked":["Dagger Throw"],"picked":"SKIP","floor":21},{"not_picked":["Eviscerate"],"picked":"SKIP","floor":28},{"not_picked":["Finisher"],"picked":"SKIP","floor":29},{"not_picked":["Sucker Punch"],"picked":"SKIP","floor":31},{"not_picked":[],"picked":"After Image","floor":33},{"not_picked":["Underhanded Strike"],"picked":"SKIP","floor":35},{"not_picked":[],"picked":"Prepared+1","floor":37},{"not_picked":["Quick Slash"],"picked":"SKIP","floor":41},{"not_picked":[],"picked":"Backflip+1","floor":45}],"player_experience":756256,"relics_obtained":[{"floor":8,"key":"Ornamental Fan"},{"floor":9,"key":"Regal Pillow"},{"floor":24,"key":"Enchiridion"},{"floor":26,"key":"Pantograph"},{"floor":43,"key":"Kunai"}],"event_choices":[{"damage_healed":0,"gold_gain":75,"player_choice":"Gather Gold","damage_taken":11,"max_hp_gain":0,"max_hp_loss":0,"event_name":"World of Goop","floor":2,"gold_loss":0},{"damage_healed":0,"gold_gain":0,"player_choice":"Take Wound","damage_taken":0,"relics_obtained":["Golden Idol"],"max_hp_gain":0,"max_hp_loss":0,"event_name":"Golden Idol","floor":3,"gold_loss":0,"cards_obtained":["Injury"]},{"damage_healed":40,"gold_gain":0,"player_choice":"Full Heal","damage_taken":0,"max_hp_gain":0,"max_hp_loss":0,"event_name":"Wheel of Change","floor":14,"gold_loss":0},{"damage_healed":0,"gold_gain":0,"player_choice":"Became a vampire","damage_taken":0,"max_hp_gain":0,"max_hp_loss":21,"event_name":"Vampires","floor":22,"gold_loss":0,"cards_obtained":["Bite","Bite","Bite","Bite","Bite"]},{"damage_healed":0,"gold_gain":0,"player_choice":"Obtained Book","damage_taken":16,"max_hp_gain":0,"max_hp_loss":0,"event_name":"Cursed Tome","floor":24,"gold_loss":0},{"damage_healed":0,"gold_gain":0,"player_choice":"Paid Fearfully","damage_taken":0,"max_hp_gain":0,"max_hp_loss":0,"event_name":"Masked Bandits","floor":25,"gold_loss":73},{"damage_healed":0,"gold_gain":0,"player_choice":"Opened","damage_taken":0,"relics_obtained":["Peace Pipe"],"max_hp_gain":0,"max_hp_loss":0,"event_name":"The Mausoleum","floor":30,"gold_loss":0},{"damage_healed":0,"gold_gain":0,"player_choice":"Ignored","damage_taken":0,"max_hp_gain":0,"max_hp_loss":0,"event_name":"Tomb of Lord Red Mask","floor":39,"gold_loss":0},{"damage_healed":0,"gold_gain":0,"player_choice":"Forge","damage_taken":0,"max_hp_gain":0,"max_hp_loss":0,"event_name":"Accursed Blacksmith","floor":42,"gold_loss":0,"cards_upgraded":["Bite"]},{"cards_removed":["Bite"],"damage_healed":0,"gold_gain":0,"player_choice":"Removed Attack","damage_taken":0,"max_hp_gain":0,"max_hp_loss":0,"event_name":"Falling","floor":46,"gold_loss":0},{"damage_healed":0,"gold_gain":333,"player_choice":"Gave Idol","damage_taken":0,"max_hp_gain":0,"max_hp_loss":0,"event_name":"The Moai Head","floor":48,"relics_lost":["Golden Idol"],"gold_loss":0}],"is_beta":false,"boss_relics":[{"not_picked":["Calling Bell","WristBlade"],"picked":"Busted Crown"},{"not_picked":["Coffee Dripper","Lizard Tail"],"picked":"Astrolabe"}],"items_purged_floors":[5,12,19],"is_endless":false,"potions_floor_spawned":[1,10,11,16,18,21,28,29,35],"ascension_level":0}