{"gold_per_floor":[114,129,20,39,56,56,84,103,103,119,154,154,76,89,89,185,185,205,221,221,52,64,64,84,114,184,184,194,194,194,212,212,307,307,322,322,322,340,340,340,352,352,352,352,365,167,187,149,149,149],"floor_reached":50,"playtime":2781,"items_purged":["Pain","Strike_G"],"score":501,"play_id":"40a33b49-b78d-448b-923f-dd2a2d44e20d","local_time":"20190316223905","is_ascension_mode":false,"campfire_choices":[{"data":"Neutralize","floor":6,"key":"SMITH"},{"data":"Crippling Poison","floor":12,"key":"SMITH"},{"data":"Footwork","floor":15,"key":"SMITH"},{"data":"Burst","floor":23,"key":"SMITH"},{"data":"Noxious Fumes","floor":27,"key":"SMITH"},{"data":"Backflip","floor":30,"key":"SMITH"},{"data":"Acrobatics","floor":32,"key":"SMITH"},{"data":"Venomology","floor":40,"key":"SMITH"},{"floor":42,"key":"RECALL"},{"floor":49,"key":"REST"}],"neow_cost":"CURSE","seed_source_timestamp":1840865953713523,"circlet_count":0,"master_deck":["Defend_G","Defend_G","Defend_G","Defend_G","Defend_G","Strike_G","Strike_G","Survivor","Neutralize+1","PiercingWail","Flying Knee","Poisoned Stab","Dagger Throw","Poisoned Stab","Backflip+1","Crippling Poison+1","Bane","Footwork+1","Burst+1","Flying Knee","Acrobatics+1","Noxious Fumes+1","Concentrate+1","Dodge and Roll+1","Deadly Poison+1","Deflect","Venomology+1","Deadly Poison+1","Outmaneuver+1","Corpse Explosion","Parasite","Deadly Poison","Expertise"],"relics":["Ring of the Snake","Mango","Darkstone Periapt","Question Card","Blood Vial","Busted Crown","Du-Vu Doll","Empty Cage","Sundial","Toy Ornithopter"],"potions_floor_usage":[10,16,20,22,25,33,38,41,45,47,47,47,50,50],"damage_taken":[{"damage":2,"enemies":"Cultist","floor":1,"turns":4},{"damage":7,"enemies":"2 Louse","floor":2,"turns":4},{"damage":0,"enemies":"Jaw Worm","floor":4,"turns":3},{"damage":0,"enemies":"Blue Slaver","floor":5,"turns":4},{"damage":18,"enemies":"Lagavulin","floor":7,"turns":6},{"damage":0,"enemies":"Exordium Thugs","floor":8,"turns":4},{"damage":0,"enemies":"Large Slime","floor":10,"turns":4},{"damage":28,"enemies":"Gremlin Nob","floor":11,"turns":4},{"damage":5,"enemies":"Blue Slaver","floor":14,"turns":3},{"damage":9,"enemies":"Hexaghost","floor":16,"turns":11},{"damage":0,"enemies":"Shell Parasite","floor":18,"turns":5},{"damage":8,"enemies":"Spheric Guardian","floor":19,"turns":4},{"damage":0,"enemies":"Masked Bandits","floor":20,"turns":1},{"damage":3,"enemies":"Snake Plant","floor":22,"turns":4},{"damage":0,"enemies":"Cultist and Chosen","floor":24,"turns":4},{"damage":16,"enemies":"Book of Stabbing","floor":25,"turns":6},{"damage":0,"enemies":"Snecko","floor":28,"turns":5},{"damage":0,"enemies":"Chosen and Byrds","floor":31,"turns":5},{"damage":39,"enemies":"Champ","floor":33,"turns":15},{"damage":2,"enemies":"3 Shapes","floor":35,"turns":6},{"damage":29,"enemies":"3 Darklings","floor":38,"turns":4},{"damage":20,"enemies":"Maw","floor":41,"turns":8},{"damage":8,"enemies":"Writhing Mass","floor":45,"turns":6},{"damage":12,"enemies":"Sphere and 2 Shapes","floor":47,"turns":6},{"damage":85,"enemies":"Awakened One","floor":50,"turns":13}],"seed_played":"-4638849767592892327","potions_obtained":[{"floor":4,"key":"SmokeBomb"},{"floor":5,"key":"Explosive Potion"},{"floor":8,"key":"Dexterity Potion"},{"floor":10,"key":"Energy Potion"},{"floor":16,"key":"Block Potion"},{"floor":22,"key":"Block Potion"},{"floor":24,"key":"LiquidBronze"},{"floor":25,"key":"SteroidPotion"},{"floor":47,"key":"Energy Potion"}],"is_trial":false,"path_per_floor":["M","M","$","M","M","R","E","M","T","M","E","R","$","M","R","B",null,"M","M","?","$","M","R","M","E","T","R","M","?","R","M","R","B",null,"M","?","$","M","$","R","M","R","T","?","M","$","M","$","R","B"],"character_chosen":"THE_SILENT","items_purchased":["Backstab","Footwork","Noxious Fumes","Toy Ornithopter","Expertise"],"campfire_rested":1,"item_purchase_floors":[3,13,21,46,48],"current_hp_per_floor":[82,75,75,75,75,75,57,57,57,57,29,29,29,26,26,19,84,84,76,78,78,77,77,79,65,65,65,67,67,67,69,69,32,84,82,82,82,55,55,55,37,37,37,37,37,37,42,42,69,0],"gold":149,"neow_bonus":"ONE_RARE_RELIC","is_prod":false,"is_daily":false,"chose_seed":false,"campfire_upgraded":8,"win_rate":0,"timestamp":1552747145,"path_taken":["M","M","$","M","M","R","E","M","T","M","E","R","$","?","R","BOSS","M","?","?","$","M","R","M","E","T","R","M","?","R","M","R","BOSS","M","?","$","M","$","R","M","R","T","?","M","$","M","?","R","BOSS"],"build_version":"2019-01-23","purchased_purges":2,"victory":false,"max_hp_per_floor":[84,84,84,84,84,84,84,84,84,84,84,84,84,84,84,84,84,84,84,84,84,84,84,84,84,84,84,84,84,84,84,84,84,84,84,84,84,84,84,84,84,84,84,84,90,90,90,90,90,90],"card_choices":[{"not_picked":["Cloak And Dagger","Underhanded Strike"],"picked":"PiercingWail","floor":1},{"not_picked":["Riddle With Holes","Acrobatics"],"picked":"Flying Knee","floor":2},{"not_picked":["Well Laid Plans","Prepared"],"picked":"Poisoned Stab","floor":4},{"not_picked":["Underhanded Strike","Reflex"],"picked":"Dagger Throw","floor":5},{"not_picked":["Underhanded Strike","Flechettes"],"picked":"Poisoned Stab","floor":7},{"not_picked":["Blade Dance","Eviscerate"],"picked":"Backflip","floor":8},{"not_picked":["Dagger Spray","All Out Attack","Storm of Steel"],"picked":"Crippling Poison","floor":10},{"not_picked":["Bouncing Flask","Blade Dance","Backstab"],"picked":"Bane","floor":11},{"not_picked":["Underhanded Strike","Setup","Cloak And Dagger","Heel Hook"],"picked":"SKIP","floor":14},{"not_picked":["Night Terror","Glass Knife","Die Die Die"],"picked":"Burst","floor":16},{"not_picked":["Deflect"],"picked":"Flying Knee","floor":18},{"not_picked":["Flechettes"],"picked":"Acrobatics","floor":19},{"not_picked":["Endless Agony"],"picked":"Concentrate+1","floor":22},{"not_picked":["Flechettes"],"picked":"Dodge and Roll+1","floor":24},{"not_picked":["PiercingWail"],"picked":"Deadly Poison","floor":25},{"not_picked":["Tactician"],"picked":"Deflect","floor":28},{"not_picked":["Dodge and Roll","Flying Knee"],"picked":"SKIP","floor":31},{"not_picked":["Wraith Form v2"],"picked":"Venomology","floor":33},{"not_picked":["PiercingWail+1"],"picked":"Deadly Poison+1","floor":35},{"not_picked":["Dagger Spray"],"picked":"Outmaneuver+1","floor":38},{"not_picked":["Quick Slash+1"],"picked":"Corpse Explosion","floor":41},{"not_picked":["Quick Slash"],"picked":"Deadly Poison","floor":45},{"not_picked":["Underhanded Strike","Outmaneuver"],"picked":"SKIP","floor":47}],"player_experience":832882,"relics_obtained":[{"floor":7,"key":"Darkstone Periapt"},{"floor":9,"key":"Question Card"},{"floor":11,"key":"Blood Vial"},{"floor":25,"key":"Du-Vu Doll"},{"floor":43,"key":"Sundial"}],"event_choices":[{"damage_healed":0,"gold_gain":0,"player_choice":"Fought Bandits","damage_taken":0,"max_hp_gain":0,"max_hp_loss":0,"event_name":"Masked Bandits","floor":20,"gold_loss":0},{"damage_healed":0,"gold_gain":0,"player_choice":"Forge","damage_taken":0,"max_hp_gain":0,"max_hp_loss":0,"event_name":"Accursed Blacksmith","floor":29,"gold_loss":0,"cards_upgraded":["Deadly Poison"]},{"damage_healed":0,"gold_gain":0,"player_choice":"Ignored","damage_taken":0,"max_hp_gain":0,"max_hp_loss":0,"event_name":"Tomb of Lord Red Mask","floor":36,"gold_loss":0},{"cards_removed":["Backstab"],"damage_healed":0,"gold_gain":0,"player_choice":"Removed Attack","damage_taken":0,"max_hp_gain":0,"max_hp_loss":0,"event_name":"Falling","floor":44,"gold_loss":0}],"is_beta":false,"boss_relics":[{"not_picked":["Black Star","HoveringKite"],"picked":"Busted Crown"},{"not_picked":["Fusion Hammer","WristBlade"],"picked":"Empty Cage"}],"items_purged_floors":[3,21],"is_endless":false,"potions_floor_spawned":[4,5,8,10,16,19,22,24,25,28,47],"killed_by":"Awakened One","ascension_level":0}