{"gold_per_floor":[110,60,80,100,100,100,116,116,169,169,186,186,202,220,220,319,319,337,357,456,556,556,556,630,630,630,648,648,665,86,86,86,187,187,197,216,216,231,83,83,113,132,200,231,231,278,310,324,324,324],"floor_reached":51,"playtime":2580,"items_purged":["Strike_R"],"score":977,"play_id":"922081d2-673d-43ec-9a02-bee8ee1b59e9","local_time":"20190106104600","is_ascension_mode":true,"campfire_choices":[{"data":"Body Slam","floor":6,"key":"SMITH"},{"data":"Pommel Strike","floor":10,"key":"SMITH"},{"data":"Spot Weakness","floor":12,"key":"SMITH"},{"data":"Ghostly Armor","floor":15,"key":"SMITH"},{"data":"True Grit","floor":23,"key":"SMITH"},{"data":"Shrug It Off","floor":25,"key":"SMITH"},{"data":"Barricade","floor":28,"key":"SMITH"},{"floor":32,"key":"REST"},{"data":"Disarm","floor":40,"key":"SMITH"},{"data":"Feel No Pain","floor":45,"key":"SMITH"},{"data":"Shrug It Off","floor":49,"key":"SMITH"}],"neow_cost":"NONE","seed_source_timestamp":521899658620500,"circlet_count":0,"master_deck":["Defend_R","Defend_R","Defend_R","Defend_R","Bash","Fiend Fire+1","Pommel Strike+1","Body Slam+1","Pummel","Ghostly Armor+1","Spot Weakness+1","Uppercut","Iron Wave","Barricade+1","Shrug It Off+1","True Grit+1","Body Slam+1","Headbutt+1","Disarm+1","Feel No Pain+1","Exhume+1","True Grit+1","Shrug It Off+1","Entrench+1","Parasite","Ghostly Armor+1","Shrug It Off+1","Headbutt+1"],"relics":["Burning Blood","Blood Vial","Velvet Choker","Bird Faced Urn","Bottled Lightning","Ornamental Fan","Mercury Hourglass","Medical Kit","FossilizedHelix","Cursed Key","Bronze Scales","Vajra","Question Card","Oddly Smooth Stone","Calipers","War Paint"],"potions_floor_usage":[16,21,33,41,44,47],"damage_taken":[{"damage":0,"enemies":"Small Slimes","floor":1,"turns":3},{"damage":1,"enemies":"Cultist","floor":3,"turns":3},{"damage":2,"enemies":"Jaw Worm","floor":4,"turns":3},{"damage":4,"enemies":"Red Slaver","floor":7,"turns":5},{"damage":1,"enemies":"3 Louse","floor":11,"turns":4},{"damage":0,"enemies":"Large Slime","floor":13,"turns":3},{"damage":6,"enemies":"Looter","floor":14,"turns":2},{"damage":53,"enemies":"Slime Boss","floor":16,"turns":10},{"damage":14,"enemies":"Chosen","floor":18,"turns":5},{"damage":3,"enemies":"Spheric Guardian","floor":19,"turns":5},{"damage":18,"enemies":"Colosseum Slavers","floor":21,"turns":5},{"damage":55,"enemies":"Colosseum Nobs","floor":21,"turns":6},{"damage":12,"enemies":"Cultist and Chosen","floor":27,"turns":4},{"damage":12,"enemies":"Centurion and Healer","floor":29,"turns":6},{"damage":35,"enemies":"Automaton","floor":33,"turns":10},{"damage":1,"enemies":"3 Shapes","floor":35,"turns":5},{"damage":0,"enemies":"3 Darklings","floor":36,"turns":5},{"damage":0,"enemies":"4 Shapes","floor":38,"turns":5},{"damage":0,"enemies":"Nemesis","floor":41,"turns":5},{"damage":0,"enemies":"Writhing Mass","floor":42,"turns":6},{"damage":9,"enemies":"Reptomancer","floor":44,"turns":7},{"damage":0,"enemies":"2 Orb Walkers","floor":46,"turns":4},{"damage":0,"enemies":"Giant Head","floor":47,"turns":8},{"damage":7,"enemies":"Transient","floor":48,"turns":5},{"damage":6,"enemies":"Time Eater","floor":50,"turns":11}],"seed_played":"-5421963323397284559","potions_obtained":[{"floor":3,"key":"Dexterity Potion"},{"floor":4,"key":"Weak Potion"},{"floor":7,"key":"SpeedPotion"},{"floor":21,"key":"SteroidPotion"},{"floor":27,"key":"SteroidPotion"},{"floor":29,"key":"Dexterity Potion"},{"floor":33,"key":"PowerPotion"},{"floor":35,"key":"Block Potion"},{"floor":46,"key":"SkillPotion"},{"floor":47,"key":"Poison Potion"}],"is_trial":false,"path_per_floor":["M","?","M","M","?","R","M","?","T","R","M","R","M","M","R","B",null,"M","M","?","?","?","R","T","R","T","M","R","M","$","?","R","B",null,"M","M","?","M","$","R","E","M","T","E","R","?","E","M","R","B",null],"character_chosen":"IRONCLAD","items_purchased":["Medical Kit","FossilizedHelix","Bronze Scales"],"campfire_rested":1,"item_purchase_floors":[30,30,39],"current_hp_per_floor":[80,80,80,80,80,80,80,80,80,80,80,80,80,80,80,33,80,72,77,77,20,46,46,46,46,46,44,44,42,42,42,66,43,80,80,80,80,80,80,80,80,80,80,79,79,80,80,79,79,80],"gold":324,"neow_bonus":"ONE_RANDOM_RARE_CARD","is_prod":false,"is_daily":false,"chose_seed":false,"campfire_upgraded":10,"win_rate":0,"timestamp":1546767960,"path_taken":["M","?","M","M","?","R","?","?","T","R","M","R","M","?","R","BOSS","M","M","?","?","?","R","?","R","T","M","R","M","$","?","R","BOSS","M","M","?","M","$","R","E","M","T","E","R","?","E","M","R","BOSS"],"build_version":"2019-01-03v4","purchased_purges":1,"victory":true,"max_hp_per_floor":[80,80,80,80,80,80,80,80,80,80,80,80,80,80,80,80,80,80,80,80,80,80,80,80,80,80,80,80,80,80,80,80,80,80,80,80,80,80,80,80,80,80,80,80,80,80,80,80,80,80],"card_choices":[{"not_picked":["Twin Strike","Heavy Blade"],"picked":"Pommel Strike","floor":1},{"not_picked":["Sentinel","Second Wind"],"picked":"Body Slam","floor":3},{"not_picked":["Clash","Heavy Blade"],"picked":"Pummel","floor":4},{"not_picked":["Clothesline","Hemokinesis"],"picked":"Headbutt","floor":7},{"not_picked":["Cleave","Intimidate"],"picked":"Spot Weakness","floor":11},{"not_picked":["Heavy Blade","Reckless Charge"],"picked":"Uppercut","floor":13},{"not_picked":["Heavy Blade","Sentinel"],"picked":"Iron Wave","floor":14},{"not_picked":["Juggernaut","Bludgeon"],"picked":"Barricade","floor":16},{"not_picked":["Perfected Strike+1","Clash+1"],"picked":"Shrug It Off","floor":18},{"not_picked":["Anger+1","Flex"],"picked":"True Grit","floor":19},{"not_picked":["Pummel+1","Hemokinesis"],"picked":"Body Slam+1","floor":21},{"not_picked":["Iron Wave","Pommel Strike"],"picked":"Headbutt+1","floor":27},{"not_picked":["Clash+1","Cleave","Wild Strike+1"],"picked":"SKIP","floor":29},{"not_picked":["Double Tap","Berserk"],"picked":"Exhume","floor":33},{"not_picked":["Hemokinesis+1","Anger+1"],"picked":"True Grit+1","floor":35},{"not_picked":["Battle Trance","Headbutt"],"picked":"Shrug It Off","floor":36},{"not_picked":["Perfected Strike","Warcry+1","Carnage+1"],"picked":"SKIP","floor":38},{"not_picked":["Pommel Strike","Exhume"],"picked":"Entrench+1","floor":41},{"not_picked":["Clash+1","Twin Strike+1","Headbutt"],"picked":"SKIP","floor":42},{"not_picked":["Anger+1","Clothesline","Pummel"],"picked":"Ghostly Armor+1","floor":44},{"not_picked":["Second Wind","Clothesline+1","Sword Boomerang+1"],"picked":"Shrug It Off","floor":46},{"not_picked":["Evolve","Cleave","Perfected Strike+1"],"picked":"Headbutt+1","floor":47},{"not_picked":["Blood for Blood+1","Clothesline+1","Sentinel","Headbutt"],"picked":"SKIP","floor":48}],"player_experience":339291,"relics_obtained":[{"floor":9,"key":"Blood Vial"},{"floor":21,"key":"Bird Faced Urn"},{"floor":21,"key":"Bottled Lightning"},{"floor":24,"key":"Ornamental Fan"},{"floor":26,"key":"Mercury Hourglass"},{"floor":41,"key":"Vajra"},{"floor":43,"key":"Question Card"},{"floor":44,"key":"Oddly Smooth Stone"},{"floor":46,"key":"Calipers"},{"floor":47,"key":"War Paint"}],"event_choices":[{"cards_removed":["Strike_R"],"damage_healed":0,"gold_gain":0,"player_choice":"Card Removal","damage_taken":0,"max_hp_gain":0,"max_hp_loss":0,"event_name":"The Cleric","floor":2,"gold_loss":50},{"damage_healed":0,"gold_gain":0,"cards_transformed":["Strike_R"],"player_choice":"Transformed","damage_taken":0,"max_hp_gain":0,"max_hp_loss":0,"event_name":"Transmorgrifier","floor":5,"gold_loss":0,"cards_obtained":["Ghostly Armor"]},{"damage_healed":0,"gold_gain":0,"player_choice":"Forge","damage_taken":0,"max_hp_gain":0,"max_hp_loss":0,"event_name":"Accursed Blacksmith","floor":8,"gold_loss":0,"cards_upgraded":["Fiend Fire"]},{"damage_healed":0,"gold_gain":99,"player_choice":"Stole From Cult","damage_taken":0,"max_hp_gain":0,"max_hp_loss":0,"event_name":"Nest","floor":20,"gold_loss":0},{"damage_healed":0,"gold_gain":0,"player_choice":"Fight","damage_taken":0,"max_hp_gain":0,"max_hp_loss":0,"event_name":"Colosseum","floor":21,"gold_loss":0},{"damage_healed":0,"gold_gain":0,"player_choice":"Fought Nobs","damage_taken":0,"max_hp_gain":0,"max_hp_loss":0,"event_name":"Colosseum","floor":21,"gold_loss":0},{"damage_healed":26,"gold_gain":0,"player_choice":"Heal","damage_taken":0,"max_hp_gain":0,"max_hp_loss":0,"event_name":"The Library","floor":22,"gold_loss":0},{"damage_healed":0,"gold_gain":0,"cards_transformed":["Strike_R","Strike_R"],"player_choice":"Became Test Subject","damage_taken":0,"max_hp_gain":0,"max_hp_loss":0,"event_name":"Drug Dealer","floor":31,"gold_loss":0,"cards_obtained":["Disarm","Feel No Pain"]},{"cards_removed":["Headbutt"],"damage_healed":0,"gold_gain":0,"player_choice":"Removed Attack","damage_taken":0,"max_hp_gain":0,"max_hp_loss":0,"event_name":"Falling","floor":37,"gold_loss":0},{"damage_healed":0,"gold_gain":0,"player_choice":"Fight","damage_taken":0,"max_hp_gain":0,"max_hp_loss":0,"event_name":"Mysterious Sphere","floor":46,"gold_loss":0}],"is_beta":false,"boss_relics":[{"not_picked":["Black Blood","Coffee Dripper"],"picked":"Velvet Choker"},{"not_picked":["Runic Cube","Snecko Eye"],"picked":"Cursed Key"}],"items_purged_floors":[30],"is_endless":false,"potions_floor_spawned":[3,4,7,11,21,27,29,33,35,46,47],"ascension_level":4}