{"path_per_floor":["M","$","M","M","?","R","M","R","T","M","M","?","$","M","R","B",null,"M","M","?","M","M","R","M","R","T","E"],"character_chosen":"IRONCLAD","items_purchased":["Headbutt","Pommel Strike"],"gold_per_floor":[109,10,26,46,46,46,65,65,65,85,100,100,48,58,58,157,157,97,97,97,97,97,97,97,97,97,97],"floor_reached":28,"campfire_rested":1,"playtime":1344,"current_hp_per_floor":[78,78,77,80,85,85,84,84,84,85,84,77,77,83,83,57,85,77,72,72,63,34,34,16,41,41,42],"items_purged":["Strike_R"],"gold":97,"score":234,"play_id":"549a4989-2c6c-47de-8750-c8ca3909694b","local_time":"20180317212638","is_prod":false,"is_daily":false,"is_ascension_mode":false,"campfire_upgraded":4,"timestamp":1521293198,"path_taken":["M","$","M","M","?","R","M","R","T","M","M","?","$","?","R","BOSS","M","M","?","M","M","R","M","R","T","E","M"],"build_version":"2018-03-15v2","purchased_purges":2,"victory":false,"master_deck":["Strike_R","Strike_R","Strike_R","Defend_R","Defend_R","Defend_R","Defend_R","Bash+1","Impervious","Intimidate+1","Headbutt","Twin Strike","Double Tap","Shrug It Off","Spot Weakness","Pommel Strike+1","Exhume","Demon Form","Armaments+1","Rupture","Seeing Red","Bloodletting","Twin Strike+1","Hemokinesis"],"max_hp_per_floor":[80,80,80,80,85,85,85,85,85,85,85,85,85,85,85,85,85,85,85,85,85,85,85,85,85,85,85],"relics":["Burning Blood","Ice Cream","Ectoplasm","Happy Flower","Art of War"],"card_choices":[{"not_picked":["Infernal Blade","Feel No Pain"],"picked":"Intimidate"},{"not_picked":["Sword Boomerang","Perfected Strike"],"picked":"Twin Strike"},{"not_picked":["Hemokinesis","Flex"],"picked":"Double Tap"},{"not_picked":["Metallicize","Sword Boomerang"],"picked":"Shrug It Off"},{"not_picked":["Shrug It Off","Sword Boomerang"],"picked":"Spot Weakness"},{"not_picked":["Thunderclap","Feel No Pain"],"picked":"Exhume"},{"not_picked":["Juggernaut","Fiend Fire"],"picked":"Demon Form"},{"not_picked":["Thunderclap","Flex"],"picked":"Armaments"},{"not_picked":["True Grit","Warcry"],"picked":"Rupture"},{"not_picked":["Iron Wave","Pummel"],"picked":"Seeing Red"},{"not_picked":["Burning Pact","Clothesline"],"picked":"Bloodletting"},{"not_picked":["Flex","Pommel Strike"],"picked":"Twin Strike"},{"not_picked":["Perfected Strike","Fiend Fire"],"picked":"Hemokinesis"}],"player_experience":329134,"potions_floor_usage":[11,19,21,28],"damage_taken":[{"damage":8,"enemies":"Jaw Worm","floor":1,"turns":3},{"damage":7,"enemies":"Small Slimes","floor":3,"turns":4},{"damage":1,"enemies":"Cultist","floor":4,"turns":3},{"damage":7,"enemies":"3 Louse","floor":7,"turns":4},{"damage":5,"enemies":"Large Slime","floor":10,"turns":6},{"damage":7,"enemies":"Gremlin Gang","floor":11,"turns":7},{"damage":0,"enemies":"2 Fungi Beasts","floor":14,"turns":3},{"damage":32,"enemies":"Hexaghost","floor":16,"turns":8},{"damage":14,"enemies":"2 Thieves","floor":18,"turns":4},{"damage":11,"enemies":"3 Byrds","floor":19,"turns":6},{"damage":15,"enemies":"Snake Plant","floor":21,"turns":5},{"damage":35,"enemies":"Snecko","floor":22,"turns":5},{"damage":24,"enemies":"Slaver and Parasite","floor":24,"turns":7},{"damage":5,"enemies":"Slavers","floor":27,"turns":5},{"damage":43,"enemies":"Cultist and Chosen","floor":28,"turns":6}],"event_choices":[{"event_name":"Big Fish","player_choice":"Donut","floor":5,"damage_taken":0},{"event_name":"Golden Wing","player_choice":"Card Removal","floor":12,"damage_taken":0},{"event_name":"Vampires","player_choice":"Ignored","floor":20,"damage_taken":0}],"boss_relics":[{"not_picked":["Runic Dome","Tiny House"],"picked":"Ectoplasm"}],"potions_floor_spawned":[3,7,16,21],"seed_played":"-5775249732886634165","killed_by":"Cultist and Chosen","ascension_level":0,"is_trial":false}