{"gold_per_floor":[116,116,116,131,146,174,189,189,258,271,271,271,326,276,276,276],"floor_reached":16,"playtime":626,"items_purged":[],"score":182,"play_id":"91a0896a-90f2-416b-8806-98fafc18835c","local_time":"20190207190946","is_ascension_mode":true,"campfire_choices":[{"floor":8,"key":"REST"},{"data":"Footwork","floor":12,"key":"SMITH"},{"data":"Flechettes","floor":15,"key":"SMITH"}],"neow_cost":"NONE","seed_source_timestamp":125351348083400,"circlet_count":0,"master_deck":["AscendersBane","Defend_G","Defend_G","Defend_G","Defend_G","Defend_G","Strike_G","Strike_G","Strike_G","Survivor+1","Neutralize","Dodge and Roll+1","Dodge and Roll","Flechettes+1","All Out Attack","Dagger Spray","Footwork+1","Backflip","PiercingWail"],"relics":["Ring of the Snake","FossilizedHelix","Mummified Hand","Ornamental Fan","Tiny Chest"],"potions_floor_usage":[],"damage_taken":[{"damage":2,"enemies":"Cultist","floor":1,"turns":5},{"damage":1,"enemies":"Jaw Worm","floor":4,"turns":6},{"damage":0,"enemies":"Small Slimes","floor":5,"turns":4},{"damage":32,"enemies":"Gremlin Nob","floor":6,"turns":6},{"damage":0,"enemies":"Blue Slaver","floor":7,"turns":5},{"damage":0,"enemies":"Exordium Wildlife","floor":10,"turns":5},{"damage":4,"enemies":"3 Sentries","floor":13,"turns":7},{"damage":57,"enemies":"Hexaghost","floor":16,"turns":21}],"seed_played":"-938791946891098359","potions_obtained":[{"floor":6,"key":"Fire Potion"},{"floor":10,"key":"FairyPotion"}],"is_trial":false,"path_per_floor":["M","?","?","M","M","E","M","R","T","M","T","R","E","?","R","B"],"character_chosen":"THE_SILENT","items_purchased":[],"campfire_rested":1,"item_purchase_floors":[],"current_hp_per_floor":[61,47,47,46,46,14,14,35,35,35,35,35,31,31,31,0],"gold":276,"neow_bonus":"TRANSFORM_CARD","is_prod":false,"is_daily":false,"chose_seed":false,"campfire_upgraded":2,"win_rate":0,"timestamp":1549562986,"path_taken":["M","?","?","M","M","E","M","R","T","M","?","R","E","?","R","BOSS"],"build_version":"2019-01-23","purchased_purges":0,"victory":false,"max_hp_per_floor":[70,70,70,70,70,70,70,70,70,70,70,70,70,70,70,70],"card_choices":[{"not_picked":["Outmaneuver","Infinite Blades"],"picked":"Dodge and Roll","floor":1},{"not_picked":["Outmaneuver","Backflip"],"picked":"Flechettes","floor":4},{"not_picked":["Dodge and Roll","Grand Finale"],"picked":"All Out Attack","floor":5},{"not_picked":["Underhanded Strike","Bane"],"picked":"Dagger Spray","floor":6},{"not_picked":["Leg Sweep","PiercingWail"],"picked":"Footwork","floor":7},{"not_picked":["PiercingWail","Flying Knee"],"picked":"Backflip","floor":10},{"not_picked":["Outmaneuver","Masterful Stab"],"picked":"PiercingWail","floor":13}],"player_experience":472970,"relics_obtained":[{"floor":6,"key":"FossilizedHelix"},{"floor":9,"key":"Mummified Hand"},{"floor":11,"key":"Ornamental Fan"},{"floor":13,"key":"Tiny Chest"}],"event_choices":[{"damage_healed":0,"gold_gain":0,"player_choice":"Entered Light","damage_taken":14,"max_hp_gain":0,"max_hp_loss":0,"event_name":"Shining Light","floor":2,"gold_loss":0,"cards_upgraded":["Survivor","Dodge and Roll"]},{"damage_healed":0,"gold_gain":0,"player_choice":"Ignored","damage_taken":0,"max_hp_gain":0,"max_hp_loss":0,"event_name":"Liars Game","floor":3,"gold_loss":0},{"cards_removed":["Strike_G"],"damage_healed":0,"gold_gain":0,"player_choice":"Card Removal","damage_taken":0,"max_hp_gain":0,"max_hp_loss":0,"event_name":"The Cleric","floor":14,"gold_loss":50}],"is_beta":false,"boss_relics":[],"items_purged_floors":[],"is_endless":false,"potions_floor_spawned":[6,10],"killed_by":"Hexaghost","ascension_level":13}