{"gold_per_floor":[113,113,38,55,130,130,155,155,155,188,199,214,224,242,242,339,339,359,359,370,37,50,78,78,78],"floor_reached":25,"playtime":1438,"items_purged":["Strike_R"],"score":338,"play_id":"5dcdfe47-f160-4f7e-a925-1e1fa6b2d5f5","local_time":"20190415184922","is_ascension_mode":true,"campfire_choices":[{"data":"Carnage","floor":6,"key":"SMITH"},{"data":"True Grit","floor":8,"key":"SMITH"},{"floor":15,"key":"REST"},{"floor":24,"key":"REST"}],"neow_cost":"NONE","seed_source_timestamp":4308299195400,"circlet_count":0,"master_deck":["Strike_R","Strike_R","Strike_R","Strike_R","Defend_R","Defend_R","Defend_R","Defend_R","Bash","Clothesline","Iron Wave","Carnage+1","True Grit+1","Demon Form","True Grit+1","Seeing Red+1","Feel No Pain","Limit Break+1","Ghostly Armor+1","Intimidate+1","Dual Wield+1","Apotheosis+1","Metallicize","Sentinel+1","Thunderclap"],"relics":["Burning Blood","PreservedInsect","Charon\u0027s Ashes","Bottled Flame","Toxic Egg 2","Cursed Key","Magic Flower"],"potions_floor_usage":[16,16,22,23],"damage_taken":[{"damage":8,"enemies":"2 Louse","floor":1,"turns":3},{"damage":0,"enemies":"Small Slimes","floor":4,"turns":5},{"damage":10,"enemies":"3 Sentries","floor":7,"turns":6},{"damage":15,"enemies":"Lagavulin","floor":10,"turns":6},{"damage":3,"enemies":"Jaw Worm","floor":11,"turns":4},{"damage":18,"enemies":"Lots of Slimes","floor":12,"turns":5},{"damage":4,"enemies":"2 Fungi Beasts","floor":13,"turns":3},{"damage":6,"enemies":"Looter","floor":14,"turns":2},{"damage":36,"enemies":"Slime Boss","floor":16,"turns":10},{"damage":23,"enemies":"2 Thieves","floor":18,"turns":3},{"damage":8,"enemies":"Shell Parasite","floor":20,"turns":9},{"damage":16,"enemies":"Shelled Parasite and Fungi","floor":22,"turns":8},{"damage":21,"enemies":"Slavers","floor":23,"turns":9},{"damage":64,"enemies":"Book of Stabbing","floor":25,"turns":7}],"seed_played":"8175242058492971705","potions_obtained":[{"floor":7,"key":"Strength Potion"},{"floor":11,"key":"FairyPotion"},{"floor":14,"key":"GamblersBrew"},{"floor":16,"key":"Explosive Potion"},{"floor":20,"key":"SteroidPotion"},{"floor":22,"key":"Block Potion"}],"is_trial":false,"path_per_floor":["M","?","$","M","?","R","E","R","T","E","M","M","M","M","R","B",null,"M","?","M","$","M","E","R","E"],"character_chosen":"IRONCLAD","items_purchased":["Apotheosis+1","Metallicize","Sentinel+1"],"campfire_rested":2,"item_purchase_floors":[21,21,21],"current_hp_per_floor":[70,58,58,64,53,53,49,49,49,40,43,31,33,33,57,27,67,50,50,48,48,38,23,47,0],"gold":78,"neow_bonus":"THREE_CARDS","is_prod":false,"is_daily":false,"chose_seed":false,"campfire_upgraded":2,"win_rate":0,"timestamp":1555346962,"path_taken":["M","?","$","M","?","R","E","R","T","E","M","M","M","M","R","BOSS","M","?","M","$","M","E","R","E"],"build_version":"2019-01-23","purchased_purges":1,"victory":false,"max_hp_per_floor":[80,80,80,80,80,80,80,80,80,80,80,80,80,80,80,80,80,80,80,80,80,80,80,80,80],"card_choices":[{"not_picked":["Flex","Feel No Pain"],"picked":"Clothesline","floor":0},{"not_picked":["True Grit","Clash"],"picked":"Iron Wave","floor":1},{"not_picked":["Wild Strike","Heavy Blade"],"picked":"Carnage","floor":4},{"not_picked":["Sword Boomerang","Heavy Blade"],"picked":"True Grit","floor":7},{"not_picked":["Thunderclap","Iron Wave","Fire Breathing"],"picked":"SKIP","floor":10},{"not_picked":["True Grit+1","Thunderclap"],"picked":"Demon Form","floor":11},{"not_picked":["Perfected Strike","Flex+1"],"picked":"True Grit+1","floor":12},{"not_picked":["Wild Strike","Evolve"],"picked":"Seeing Red+1","floor":13},{"not_picked":["Carnage","Iron Wave"],"picked":"Feel No Pain","floor":14},{"not_picked":["Exhume+1","Demon Form"],"picked":"Limit Break+1","floor":16},{"not_picked":["Sword Boomerang","Cleave"],"picked":"Ghostly Armor+1","floor":18},{"not_picked":["Warcry+1","Wild Strike"],"picked":"Dual Wield+1","floor":20},{"not_picked":["Evolve+1","Clash","Anger"],"picked":"SKIP","floor":22},{"not_picked":["Sword Boomerang","Havoc+1"],"picked":"Thunderclap","floor":23}],"player_experience":646896,"relics_obtained":[{"floor":7,"key":"Charon\u0027s Ashes"},{"floor":9,"key":"Bottled Flame"},{"floor":10,"key":"Toxic Egg 2"},{"floor":23,"key":"Magic Flower"}],"event_choices":[{"damage_healed":0,"gold_gain":0,"player_choice":"Success","damage_taken":12,"relics_obtained":["PreservedInsect"],"max_hp_gain":0,"max_hp_loss":0,"event_name":"Scrap Ooze","floor":2,"gold_loss":0},{"damage_healed":0,"gold_gain":75,"player_choice":"Gather Gold","damage_taken":11,"max_hp_gain":0,"max_hp_loss":0,"event_name":"World of Goop","floor":5,"gold_loss":0},{"damage_healed":0,"gold_gain":0,"player_choice":"Read","damage_taken":0,"max_hp_gain":0,"max_hp_loss":0,"event_name":"The Library","floor":19,"gold_loss":0,"cards_obtained":["Intimidate"]}],"is_beta":false,"boss_relics":[{"not_picked":["Pandora\u0027s Box","White Beast Statue"],"picked":"Cursed Key"}],"items_purged_floors":[3],"is_endless":false,"potions_floor_spawned":[7,11,14,16,20,22],"killed_by":"Book of Stabbing","ascension_level":9}