{"gold_per_floor":[115,135,155,110,129,129,146,146,173,98,116,116,116,129,129,225,225,241,260,260,278,278,278,298,318,318,318,334,25,25,124,124,124],"floor_reached":33,"playtime":1316,"items_purged":["Strike_G"],"score":241,"play_id":"0af320a3-e173-4ba6-9646-211c89f8a36a","local_time":"20190313215103","is_ascension_mode":false,"campfire_choices":[{"data":"Dagger Spray","floor":6,"key":"SMITH"},{"data":"Neutralize","floor":8,"key":"SMITH"},{"data":"Venomology","floor":13,"key":"SMITH"},{"data":"Poisoned Stab","floor":15,"key":"SMITH"},{"data":"Footwork","floor":23,"key":"SMITH"},{"data":"Bane","floor":27,"key":"SMITH"},{"data":"Poisoned Stab","floor":30,"key":"SMITH"},{"data":"Flying Knee","floor":32,"key":"SMITH"}],"neow_cost":"NONE","seed_source_timestamp":1580269701895348,"circlet_count":0,"master_deck":["Defend_G","Defend_G","Defend_G","Defend_G","Defend_G","Strike_G","Strike_G","Strike_G","Strike_G","Survivor","Neutralize+1","Bane+1","Venomology+1","Dagger Spray+1","Flying Knee+1","Poisoned Stab+1","Dagger Throw","Deflect","Die Die Die","Footwork+1","Flying Knee","Dodge and Roll+1","Poisoned Stab+1"],"relics":["Ring of the Snake","Orichalcum","Happy Flower","Busted Crown","Pantograph"],"potions_floor_usage":[5,11,12,14,16,16,19,20,21,25,28,28,33,33],"damage_taken":[{"damage":0,"enemies":"Jaw Worm","floor":1,"turns":6},{"damage":0,"enemies":"Cultist","floor":2,"turns":3},{"damage":0,"enemies":"Small Slimes","floor":3,"turns":3},{"damage":1,"enemies":"Looter","floor":5,"turns":2},{"damage":0,"enemies":"3 Louse","floor":7,"turns":2},{"damage":0,"enemies":"Gremlin Gang","floor":11,"turns":4},{"damage":0,"enemies":"Exordium Thugs","floor":14,"turns":3},{"damage":44,"enemies":"The Guardian","floor":16,"turns":11},{"damage":7,"enemies":"Shell Parasite","floor":18,"turns":4},{"damage":0,"enemies":"Chosen","floor":19,"turns":3},{"damage":0,"enemies":"Masked Bandits","floor":20,"turns":1},{"damage":3,"enemies":"Centurion and Healer","floor":21,"turns":4},{"damage":18,"enemies":"Snake Plant","floor":24,"turns":6},{"damage":6,"enemies":"Shelled Parasite and Fungi","floor":25,"turns":6},{"damage":8,"enemies":"Sentry and Sphere","floor":28,"turns":6},{"damage":0,"enemies":"Collector","floor":33,"turns":2}],"seed_played":"-2089712026573412763","potions_obtained":[{"floor":3,"key":"Energy Potion"},{"floor":7,"key":"AttackPotion"},{"floor":12,"key":"Fruit Juice"},{"floor":12,"key":"GhostInAJar"},{"floor":16,"key":"SkillPotion"},{"floor":24,"key":"EssenceOfSteel"}],"is_trial":false,"path_per_floor":["M","M","M","$","M","R","M","R","T","$","M","?","R","M","R","B",null,"M","M","?","M","?","R","M","M","T","R","M","$","R","?","R","B"],"character_chosen":"THE_SILENT","items_purchased":["Flying Knee","Pantograph","Poisoned Stab"],"campfire_rested":0,"item_purchase_floors":[4,29,29],"current_hp_per_floor":[70,70,70,70,69,69,69,69,69,69,69,74,74,74,74,37,75,68,68,68,65,51,51,33,27,27,27,19,19,19,19,19,44],"gold":124,"neow_bonus":"RANDOM_COMMON_RELIC","is_prod":false,"is_daily":false,"chose_seed":false,"campfire_upgraded":8,"win_rate":0,"timestamp":1552485063,"path_taken":["M","M","M","$","M","R","M","R","T","$","M","?","R","M","R","BOSS","M","?","?","M","?","R","M","M","T","R","M","$","R","?","R","BOSS"],"build_version":"2019-01-23","purchased_purges":1,"victory":false,"max_hp_per_floor":[70,70,70,70,70,70,70,70,70,70,70,75,75,75,75,75,75,75,75,75,75,80,80,80,80,80,80,80,80,80,80,80,80],"card_choices":[{"not_picked":["Outmaneuver","Blade Dance"],"picked":"Bane","floor":1},{"not_picked":["Backflip","Eviscerate"],"picked":"Venomology","floor":2},{"not_picked":["Endless Agony","Dagger Throw"],"picked":"Dagger Spray","floor":3},{"not_picked":["Setup","Endless Agony","Underhanded Strike"],"picked":"SKIP","floor":5},{"not_picked":["Acrobatics","Terror"],"picked":"Poisoned Stab","floor":7},{"not_picked":["Terror","Sucker Punch"],"picked":"Dagger Throw","floor":11},{"not_picked":["Infinite Blades","Masterful Stab"],"picked":"Deflect","floor":14},{"not_picked":["Bullet Time","Envenom"],"picked":"Die Die Die","floor":16},{"not_picked":["Predator"],"picked":"SKIP","floor":18},{"not_picked":[],"picked":"Footwork","floor":19},{"not_picked":[],"picked":"Flying Knee","floor":21},{"not_picked":[],"picked":"Dodge and Roll+1","floor":24},{"not_picked":["Blade Dance"],"picked":"SKIP","floor":25},{"not_picked":["Cloak And Dagger"],"picked":"SKIP","floor":28}],"player_experience":826786,"relics_obtained":[{"floor":9,"key":"Happy Flower"}],"event_choices":[{"damage_healed":0,"gold_gain":0,"player_choice":"Got Potions","damage_taken":0,"max_hp_gain":0,"max_hp_loss":0,"event_name":"Lab","floor":12,"gold_loss":0},{"damage_healed":0,"gold_gain":0,"player_choice":"Fought Bandits","damage_taken":0,"max_hp_gain":0,"max_hp_loss":0,"event_name":"Masked Bandits","floor":20,"gold_loss":0},{"damage_healed":0,"gold_gain":0,"player_choice":"Shed Blood","damage_taken":19,"max_hp_gain":5,"max_hp_loss":0,"event_name":"Forgotten Altar","floor":22,"gold_loss":0},{"damage_healed":0,"gold_gain":99,"player_choice":"Stole From Cult","damage_taken":0,"max_hp_gain":0,"max_hp_loss":0,"event_name":"Nest","floor":31,"gold_loss":0}],"is_beta":false,"boss_relics":[{"not_picked":["HoveringKite","Pandora\u0027s Box"],"picked":"Busted Crown"}],"items_purged_floors":[10],"is_endless":false,"potions_floor_spawned":[3,7,16,19,20,24],"killed_by":"Collector","ascension_level":0}