{"gold_per_floor":[116,129,148,148,75,75,105,105,105,125,125,155,185,200,200,300,300,300,300,300,180,180,180,180,11,11,11,11,11,11,11,11,11,11,11,11,11,11,11,11,11,11,11,11,11,11,11,11,11,11],"floor_reached":51,"playtime":4269,"items_purged":["Strike_G","Strike_G"],"score":1175,"play_id":"d47f0832-436d-4664-b15b-a026cc5ee41c","local_time":"20190408163255","is_ascension_mode":true,"campfire_choices":[{"data":"Envenom","floor":6.0,"key":"SMITH"},{"data":"Accuracy","floor":8.0,"key":"SMITH"},{"data":"Infinite Blades","floor":11.0,"key":"SMITH"},{"floor":15.0,"key":"REST"},{"data":"A Thousand Cuts","floor":24.0,"key":"SMITH"},{"data":"Cloak And Dagger","floor":27.0,"key":"SMITH"},{"data":"Terror","floor":30.0,"key":"SMITH"},{"data":"Tools of the Trade","floor":32.0,"key":"SMITH"},{"floor":40.0,"key":"REST"},{"floor":44.0,"key":"REST"},{"floor":49.0,"key":"REST"}],"neow_cost":"NONE","seed_source_timestamp":0,"circlet_count":0,"master_deck":["AscendersBane","Defend_G","Defend_G","Defend_G","Defend_G","Defend_G","Strike_G","Survivor","Neutralize+1","Infinite Blades+1","Deflect","Envenom+1","Accuracy+1","Choke","Terror+1","Finisher","A Thousand Cuts+1","Deflect","Cloak And Dagger+1","Ghostly","Ghostly","Ghostly","Ghostly","Ghostly","Backflip","Die Die Die+1","Footwork","Well Laid Plans","Tools of the Trade+1","Setup","A Thousand Cuts","Acrobatics+1","Dash","Infinite Blades+1","Parasite","Noxious Fumes+1","Footwork","Blade Dance"],"special_seed":0,"relics":["Ring of the Snake","Unceasing Top","Nunchaku","Matryoshka","Ectoplasm","Bag of Marbles","Turnip","Potion Belt","Bottled Lightning","Whetstone","Busted Crown","Tingsha","Bronze Scales","Shuriken","Ninja Scroll"],"potions_floor_usage":[50,50],"damage_taken":[{"damage":0.0,"enemies":"Jaw Worm","floor":1.0,"turns":6.0},{"damage":0.0,"enemies":"Small Slimes","floor":2.0,"turns":4.0},{"damage":6.0,"enemies":"2 Louse","floor":3.0,"turns":4.0},{"damage":26.0,"enemies":"3 Sentries","floor":7.0,"turns":9.0},{"damage":14.0,"enemies":"Large Slime","floor":10.0,"turns":6.0},{"damage":10.0,"enemies":"Lagavulin","floor":13.0,"turns":6.0},{"damage":6.0,"enemies":"Blue Slaver","floor":14.0,"turns":4.0},{"damage":30.0,"enemies":"The Guardian","floor":16.0,"turns":12.0},{"damage":3.0,"enemies":"Chosen","floor":18.0,"turns":4.0},{"damage":16.0,"enemies":"3 Byrds","floor":19.0,"turns":5.0},{"damage":8.0,"enemies":"Book of Stabbing","floor":23.0,"turns":7.0},{"damage":3.0,"enemies":"Snake Plant","floor":28.0,"turns":3.0},{"damage":9.0,"enemies":"Automaton","floor":33.0,"turns":7.0},{"damage":15.0,"enemies":"Orb Walker","floor":35.0,"turns":4.0},{"damage":0.0,"enemies":"Mind Bloom Boss Battle","floor":36.0,"turns":6.0},{"damage":15.0,"enemies":"3 Shapes","floor":38.0,"turns":4.0},{"damage":3.0,"enemies":"Writhing Mass","floor":39.0,"turns":5.0},{"damage":2.0,"enemies":"Reptomancer","floor":41.0,"turns":5.0},{"damage":0.0,"enemies":"Transient","floor":45.0,"turns":5.0},{"damage":0.0,"enemies":"3 Darklings","floor":46.0,"turns":4.0},{"damage":9.0,"enemies":"Spire Growth","floor":47.0,"turns":4.0},{"damage":0,"enemies":"Donu and Deca","floor":50,"turns":8}],"seed_played":"7466532068431761252","potions_obtained":[{"floor":0.0,"key":"Dexterity Potion"},{"floor":0.0,"key":"Weak Potion"},{"floor":7.0,"key":"Regen Potion"},{"floor":13.0,"key":"Ancient Potion"},{"floor":19.0,"key":"Weak Potion"},{"floor":28.0,"key":"Regen Potion"},{"floor":36.0,"key":"LiquidBronze"},{"floor":39.0,"key":"EntropicBrew"},{"floor":41.0,"key":"Swift Potion"},{"floor":46.0,"key":"Energy Potion"}],"is_trial":false,"path_per_floor":["M","M","M","?","$","R","E","R","T","M","R","?","E","M","R","B",null,"M","M","?","$","?","E","R","$","T","R","M","T","R","?","R","B",null,"M","?","?","M","M","R","E","?","T","R","M","M","M","?","R","B",null],"character_chosen":"THE_SILENT","items_purchased":["Accuracy","Backflip","Footwork"],"campfire_rested":4,"item_purchase_floors":[5,21,25],"current_hp_per_floor":[63,63,57,62,62,62,36,36,36,37,37,37,27,21,43,13,60,57,41,37,37,37,29,29,29,29,29,26,26,26,26,26,28,35,20,20,20,5,2,13,11,11,11,22,22,22,13,13,24,24],"gold":11,"neow_bonus":"THREE_SMALL_POTIONS","is_prod":false,"is_daily":false,"chose_seed":false,"campfire_upgraded":7,"win_rate":0,"timestamp":1554766375,"path_taken":["M","M","M","?","$","R","E","R","T","M","R","?","E","M","R","BOSS","M","M","?","$","?","E","R","$","T","R","M","?","R","?","R","BOSS","M","?","?","?","M","R","E","?","T","R","M","M","?","?","R","BOSS"],"build_version":"2019-01-23","purchased_purges":2,"victory":true,"max_hp_per_floor":[70,70,70,75,75,75,75,75,75,75,75,75,75,75,75,75,75,75,75,37,37,37,37,37,37,37,37,37,37,37,37,37,37,37,37,37,37,37,37,37,37,37,37,37,37,37,37,37,37,37],"card_choices":[{"not_picked":["Outmaneuver","Prepared"],"picked":"Infinite Blades","floor":1.0},{"not_picked":["Blade Dance","Expertise"],"picked":"Deflect","floor":2.0},{"not_picked":["Dagger Spray","Backflip"],"picked":"Envenom","floor":3.0},{"not_picked":["Underhanded Strike","Bane"],"picked":"Choke","floor":7.0},{"not_picked":["Bane","Skewer"],"picked":"Terror","floor":10.0},{"not_picked":["Reflex","Acrobatics","Dagger Spray"],"picked":"SKIP","floor":13.0},{"not_picked":["Caltrops","Heel Hook"],"picked":"Finisher","floor":14.0},{"not_picked":["Tools of the Trade","Phantasmal Killer"],"picked":"A Thousand Cuts","floor":16.0},{"not_picked":["Distraction+1","Underhanded Strike"],"picked":"Deflect","floor":18.0},{"not_picked":["Infinite Blades","Sucker Punch"],"picked":"Cloak And Dagger","floor":19.0},{"not_picked":["Bane","Flying Knee"],"picked":"Die Die Die","floor":23.0},{"not_picked":["Catalyst","Skewer"],"picked":"Well Laid Plans","floor":28.0},{"not_picked":["Corpse Explosion","Envenom"],"picked":"A Thousand Cuts","floor":33.0},{"not_picked":["Acrobatics+1"],"picked":"SKIP","floor":35.0},{"not_picked":[],"picked":"Acrobatics+1","floor":35.0},{"not_picked":[],"picked":"Dash","floor":36.0},{"not_picked":["Endless Agony"],"picked":"SKIP","floor":38.0},{"not_picked":["Poisoned Stab"],"picked":"SKIP","floor":39.0},{"not_picked":["Slice+1"],"picked":"SKIP","floor":41.0},{"not_picked":[],"picked":"Noxious Fumes+1","floor":45.0},{"not_picked":[],"picked":"Footwork","floor":46.0},{"not_picked":[],"picked":"Blade Dance","floor":47.0}],"player_experience":391769,"relics_obtained":[{"floor":7.0,"key":"Unceasing Top"},{"floor":9.0,"key":"Nunchaku"},{"floor":13.0,"key":"Matryoshka"},{"floor":23.0,"key":"Bag of Marbles"},{"floor":26.0,"key":"Turnip"},{"floor":26.0,"key":"Potion Belt"},{"floor":29.0,"key":"Bottled Lightning"},{"floor":29.0,"key":"Whetstone"},{"floor":36.0,"key":"Tingsha"},{"floor":41.0,"key":"Bronze Scales"},{"floor":43.0,"key":"Ninja Scroll"}],"event_choices":[{"damage_healed":0.0,"max_hp_gain":5.0,"max_hp_loss":0.0,"gold_gain":0.0,"event_name":"Big Fish","player_choice":"Donut","floor":4.0,"gold_loss":0.0,"damage_taken":0.0},{"damage_healed":0.0,"max_hp_gain":0.0,"max_hp_loss":0.0,"gold_gain":30.0,"event_name":"Dead Adventurer","player_choice":"Searched \u00272\u0027 times","floor":12.0,"gold_loss":0.0,"damage_taken":0.0},{"damage_healed":0.0,"max_hp_gain":0.0,"max_hp_loss":38.0,"gold_gain":0.0,"event_name":"Ghosts","player_choice":"Became a Ghost","floor":20.0,"gold_loss":0.0,"damage_taken":0.0,"cards_obtained":["Ghostly","Ghostly","Ghostly","Ghostly","Ghostly"]},{"damage_healed":0.0,"max_hp_gain":0.0,"max_hp_loss":0.0,"gold_gain":0.0,"event_name":"Vampires","player_choice":"Ignored","floor":22.0,"gold_loss":0.0,"damage_taken":0.0},{"damage_healed":0.0,"max_hp_gain":0.0,"max_hp_loss":0.0,"gold_gain":0.0,"cards_transformed":["Strike_G","Strike_G"],"event_name":"Drug Dealer","player_choice":"Became Test Subject","floor":31.0,"gold_loss":0.0,"damage_taken":0.0,"cards_obtained":["Tools of the Trade","Setup"]},{"damage_healed":0.0,"max_hp_gain":0.0,"max_hp_loss":0.0,"gold_gain":0.0,"event_name":"MindBloom","player_choice":"Fight","floor":36.0,"gold_loss":0.0,"damage_taken":0.0},{"damage_healed":0.0,"max_hp_gain":0.0,"max_hp_loss":0.0,"gold_gain":0.0,"event_name":"Duplicator","player_choice":"Copied","floor":37.0,"gold_loss":0.0,"damage_taken":0.0,"cards_obtained":["Infinite Blades"]},{"damage_healed":0.0,"max_hp_gain":0.0,"max_hp_loss":0.0,"gold_gain":0.0,"event_name":"WeMeetAgain","player_choice":"Gave Potion","floor":42.0,"gold_loss":0.0,"damage_taken":0.0,"relics_obtained":["Shuriken"]},{"damage_healed":0.0,"max_hp_gain":0.0,"max_hp_loss":0.0,"gold_gain":0.0,"event_name":"Mysterious Sphere","player_choice":"Ignored","floor":48.0,"gold_loss":0.0,"damage_taken":0.0}],"is_beta":false,"boss_relics":[{"not_picked":["White Beast Statue","Coffee Dripper"],"picked":"Ectoplasm"},{"not_picked":["Pandora\u0027s Box","Runic Dome"],"picked":"Busted Crown"}],"items_purged_floors":[21,25],"is_endless":false,"potions_floor_spawned":[7,13,14,19,28,36,39,41,46],"ascension_level":12}