{"gold_per_floor":[117,117,87,107,119,119,150,163,163,196,215,231,231,249,249,249],"floor_reached":16,"playtime":978,"items_purged":[],"score":154,"play_id":"1980a79a-436b-4687-a183-e43b03c19305","local_time":"20190331000905","is_ascension_mode":true,"campfire_choices":[{"data":"Shrug It Off","floor":6,"key":"SMITH"},{"floor":15,"key":"REST"}],"neow_cost":"NONE","seed_source_timestamp":133601923880756,"circlet_count":0,"master_deck":["Strike_R","Strike_R","Strike_R","Strike_R","Strike_R","Defend_R+1","Defend_R","Defend_R+1","Defend_R","Bash","Blind","Entrench","Inflame","Shrug It Off+1","Ghostly Armor","Shrug It Off","Cleave+1","Spot Weakness","Body Slam+1"],"relics":["Burning Blood","War Paint","Molten Egg 2","Calipers","Golden Idol"],"potions_floor_usage":[3,10,10,11,16],"damage_taken":[{"damage":7,"enemies":"Small Slimes","floor":1,"turns":4},{"damage":9,"enemies":"Cultist","floor":4,"turns":5},{"damage":5,"enemies":"2 Louse","floor":5,"turns":3},{"damage":35,"enemies":"Lagavulin","floor":7,"turns":7},{"damage":4,"enemies":"Large Slime","floor":8,"turns":9},{"damage":44,"enemies":"Gremlin Nob","floor":10,"turns":6},{"damage":7,"enemies":"Red Slaver","floor":11,"turns":5},{"damage":1,"enemies":"2 Fungi Beasts","floor":12,"turns":4},{"damage":0,"enemies":"Looter","floor":14,"turns":5},{"damage":56,"enemies":"Slime Boss","floor":16,"turns":12}],"seed_played":"-4436395922646828274","potions_obtained":[{"floor":3,"key":"Fruit Juice"},{"floor":3,"key":"BloodPotion"},{"floor":5,"key":"Strength Potion"},{"floor":8,"key":"Dexterity Potion"},{"floor":12,"key":"Poison Potion"}],"is_trial":false,"path_per_floor":["M","$","?","M","M","R","E","M","T","E","M","M","?","M","R","B"],"character_chosen":"IRONCLAD","items_purchased":[],"campfire_rested":1,"item_purchase_floors":[],"current_hp_per_floor":[71,71,76,73,74,74,45,47,47,17,16,21,21,27,50,0],"gold":249,"neow_bonus":"RANDOM_COLORLESS","is_prod":false,"is_daily":false,"chose_seed":false,"campfire_upgraded":1,"win_rate":0,"timestamp":1554008945,"path_taken":["M","$","?","M","?","R","E","M","T","E","M","M","?","M","R","BOSS"],"build_version":"2019-01-23","purchased_purges":0,"victory":false,"max_hp_per_floor":[80,80,85,85,85,85,85,85,85,85,85,85,79,79,79,79],"card_choices":[{"not_picked":["Flex","Combust"],"picked":"Entrench","floor":1},{"not_picked":["Wild Strike","Cleave"],"picked":"Inflame","floor":4},{"not_picked":["Thunderclap","Feel No Pain"],"picked":"Shrug It Off","floor":5},{"not_picked":["Sword Boomerang","Combust"],"picked":"Ghostly Armor","floor":7},{"not_picked":["Thunderclap","Sword Boomerang"],"picked":"Shrug It Off","floor":8},{"not_picked":["Evolve","Clothesline+1"],"picked":"Cleave+1","floor":10},{"not_picked":["Carnage+1","Immolate+1"],"picked":"Spot Weakness","floor":11},{"not_picked":["Wild Strike+1","Armaments","Sentinel"],"picked":"SKIP","floor":12},{"not_picked":["True Grit","Shrug It Off"],"picked":"Body Slam+1","floor":14}],"player_experience":354882,"relics_obtained":[{"floor":7,"key":"War Paint"},{"floor":9,"key":"Molten Egg 2"},{"floor":10,"key":"Calipers"}],"event_choices":[{"damage_healed":0,"gold_gain":0,"player_choice":"Bought 2 Potions","damage_taken":0,"max_hp_gain":0,"max_hp_loss":0,"event_name":"The Woman in Blue","floor":3,"gold_loss":0},{"damage_healed":0,"gold_gain":0,"player_choice":"Lose Max HP","damage_taken":0,"relics_obtained":["Golden Idol"],"max_hp_gain":0,"max_hp_loss":6,"event_name":"Golden Idol","floor":13,"gold_loss":0}],"is_beta":false,"boss_relics":[],"items_purged_floors":[],"is_endless":false,"potions_floor_spawned":[5,8,12],"killed_by":"Slime Boss","ascension_level":7}