{"gold_per_floor":[15,26,126,141,161,194,212,212,262,262,290,310,310,322,322,423,423,434,359,372,287,287,317,317,332,377,396,322,334,334,334,334,433,433,444,444,455,475,140,174,174,139,217,217,234,245,36,66,66,66],"floor_reached":51,"playtime":4014,"items_purged":[],"score":754,"play_id":"8efe17d4-795a-4ee6-96bf-18491513364d","local_time":"20190205231004","is_ascension_mode":false,"campfire_choices":[{"floor":8,"key":"REST"},{"floor":10,"key":"REST"},{"data":"Static Discharge","floor":15,"key":"SMITH"},{"floor":24,"key":"REST"},{"data":"White Noise","floor":30,"key":"SMITH"},{"data":"White Noise","floor":32,"key":"SMITH"},{"data":"Apotheosis","floor":41,"key":"SMITH"},{"data":"Defend_B","floor":49,"key":"PURGE"}],"neow_cost":"NO_GOLD","seed_source_timestamp":172771731366714,"circlet_count":0,"master_deck":["Strike_B","Strike_B","Defend_B","Defend_B","Zap","Dualcast","Force Field+1","Static Discharge+1","Auto Shields+1","Loop","Self Repair","Self Repair","Blind","Reboot","Multi-Cast+1","Auto Shields+1","Reinforced Body+1","White Noise+1","Rip and Tear+1","Reboot","Loop+1","White Noise+1","Storm","Machine Learning","Defragment+1","Undo+1","Coolheaded","Beam Cell+1","Sweeping Beam","White Noise+1","Apotheosis+1","Skim","Storm+1","Thunder Strike","Storm"],"relics":["Cracked Core","Peace Pipe","Mummified Hand","Bronze Scales","Odd Mushroom","Astrolabe","Meat on the Bone","Enchiridion","Regal Pillow","Bag of Marbles","Ginger","Orrery","War Paint","PreservedInsect","Bottled Lightning","Darkstone Periapt"],"potions_floor_usage":[7,7,16,16,20,33,37,38,38,40,40,40,40,50],"damage_taken":[{"damage":1,"enemies":"Cultist","floor":1,"turns":3},{"damage":1,"enemies":"2 Louse","floor":2,"turns":2},{"damage":0,"enemies":"Small Slimes","floor":4,"turns":3},{"damage":9,"enemies":"Blue Slaver","floor":5,"turns":3},{"damage":33,"enemies":"3 Sentries","floor":6,"turns":7},{"damage":5,"enemies":"Exordium Thugs","floor":7,"turns":3},{"damage":23,"enemies":"The Mushroom Lair","floor":11,"turns":3},{"damage":0,"enemies":"Looter","floor":12,"turns":3},{"damage":7,"enemies":"Blue Slaver","floor":14,"turns":3},{"damage":16,"enemies":"Hexaghost","floor":16,"turns":8},{"damage":10,"enemies":"3 Byrds","floor":18,"turns":2},{"damage":17,"enemies":"Chosen","floor":20,"turns":6},{"damage":31,"enemies":"Gremlin Leader","floor":23,"turns":6},{"damage":13,"enemies":"Centurion and Healer","floor":25,"turns":3},{"damage":19,"enemies":"Sentry and Sphere","floor":27,"turns":3},{"damage":0,"enemies":"Cultist and Chosen","floor":29,"turns":3},{"damage":6,"enemies":"Collector","floor":33,"turns":6},{"damage":7,"enemies":"Orb Walker","floor":35,"turns":3},{"damage":0,"enemies":"3 Darklings","floor":37,"turns":2},{"damage":14,"enemies":"4 Shapes","floor":38,"turns":4},{"damage":9,"enemies":"Reptomancer","floor":40,"turns":5},{"damage":21,"enemies":"Jaw Worm Horde","floor":45,"turns":3},{"damage":0,"enemies":"Maw","floor":46,"turns":4},{"damage":0,"enemies":"Giant Head","floor":48,"turns":2},{"damage":33,"enemies":"Donu and Deca","floor":50,"turns":5}],"seed_played":"-5549021622138218138","potions_obtained":[{"floor":1,"key":"Fire Potion"},{"floor":4,"key":"FocusPotion"},{"floor":7,"key":"Weak Potion"},{"floor":11,"key":"SkillPotion"},{"floor":14,"key":"AttackPotion"},{"floor":16,"key":"AttackPotion"},{"floor":20,"key":"Swift Potion"},{"floor":25,"key":"Block Potion"},{"floor":29,"key":"EntropicBrew"},{"floor":33,"key":"Dexterity Potion"},{"floor":37,"key":"Fruit Juice"},{"floor":40,"key":"SpeedPotion"}],"is_trial":false,"path_per_floor":["M","M","?","M","M","E","M","R","T","R","?","M","?","M","R","B",null,"M","?","M","?","?","E","R","M","T","M","$","M","R","T","R","B",null,"M","?","M","M","$","E","R","$","T","?","M","M","$","E","R","B",null],"character_chosen":"DEFECT","items_purchased":["Storm","War Paint","Apotheosis","Skim","Thunder Strike","Storm"],"campfire_rested":3,"item_purchase_floors":[28,39,39,42,47,47],"current_hp_per_floor":[74,73,73,73,64,31,26,48,48,70,47,54,54,61,61,59,75,72,72,69,69,53,48,75,75,75,70,70,75,75,75,75,75,75,75,75,80,73,73,80,80,80,80,76,55,75,75,76,76,53],"gold":66,"neow_bonus":"ONE_RARE_RELIC","is_prod":false,"is_daily":false,"chose_seed":false,"campfire_upgraded":4,"win_rate":0.0,"timestamp":1549429804,"path_taken":["M","?","?","M","?","E","M","R","T","R","?","M","?","?","R","BOSS","M","?","M","?","?","E","R","M","T","M","$","M","R","?","R","BOSS","M","?","?","M","$","E","R","$","T","?","M","M","$","E","R","BOSS"],"build_version":"2019-01-23","purchased_purges":0,"victory":true,"max_hp_per_floor":[75,75,75,75,75,75,75,75,75,75,75,75,75,75,75,75,75,75,75,75,75,75,75,75,75,75,75,75,75,75,75,75,75,75,75,75,80,80,80,80,80,80,80,76,76,76,76,76,76,76],"card_choices":[{"not_picked":["BootSequence","Skim"],"picked":"Force Field","floor":1},{"not_picked":["Compile Driver","Doom and Gloom"],"picked":"Static Discharge","floor":2},{"not_picked":["Compile Driver","Go for the Eyes"],"picked":"Aggregate","floor":4},{"not_picked":["Steam Power","Compile Driver"],"picked":"Auto Shields","floor":5},{"not_picked":["Tempest","Rebound","Auto Shields"],"picked":"SKIP","floor":6},{"not_picked":["Aggregate","Streamline"],"picked":"Loop","floor":7},{"not_picked":["Steam","Static Discharge"],"picked":"Self Repair","floor":11},{"not_picked":["Skim","Thunder Strike"],"picked":"Self Repair","floor":12},{"not_picked":["Leap","Rebound","Undo"],"picked":"SKIP","floor":14},{"not_picked":["Buffer","All For One"],"picked":"Reboot","floor":16},{"not_picked":["Steam Power+1","Compile Driver"],"picked":"White Noise","floor":18},{"not_picked":["Conserve Battery+1","Lockon+1"],"picked":"Rip and Tear+1","floor":20},{"not_picked":["Leap","Coolheaded"],"picked":"Reboot","floor":23},{"not_picked":["Coolheaded+1","Streamline+1"],"picked":"Loop+1","floor":25},{"not_picked":["Ball Lightning+1","Rebound"],"picked":"White Noise","floor":27},{"not_picked":["Hello World+1","Coolheaded+1","Steam"],"picked":"SKIP","floor":29},{"not_picked":["Multi-Cast","Amplify"],"picked":"Machine Learning","floor":33},{"not_picked":["Beam Cell+1","Thunder Strike"],"picked":"Defragment+1","floor":34},{"not_picked":["Beam Cell","Turbo"],"picked":"Undo+1","floor":34},{"not_picked":["Rebound","Compile Driver"],"picked":"Coolheaded","floor":34},{"not_picked":["Barrage","Gash"],"picked":"Beam Cell+1","floor":34},{"not_picked":["Go for the Eyes","Conserve Battery"],"picked":"Sweeping Beam","floor":34},{"not_picked":["All For One","Barrage","Scrape+1"],"picked":"SKIP","floor":35},{"not_picked":["Rip and Tear","Rebound","Melter"],"picked":"SKIP","floor":37},{"not_picked":["Turbo+1","Conserve Battery+1","Fusion+1"],"picked":"SKIP","floor":38},{"not_picked":["Coolheaded","Leap","Fusion+1"],"picked":"SKIP","floor":40},{"not_picked":["Force Field+1","Consume"],"picked":"Storm+1","floor":45},{"not_picked":["Barrage+1","Coolheaded","Skim+1"],"picked":"SKIP","floor":46},{"not_picked":["Rip and Tear","Streamline+1","Reinforced Body+1"],"picked":"SKIP","floor":48}],"player_experience":77095,"relics_obtained":[{"floor":6,"key":"Mummified Hand"},{"floor":9,"key":"Bronze Scales"},{"floor":11,"key":"Odd Mushroom"},{"floor":22,"key":"Enchiridion"},{"floor":23,"key":"Regal Pillow"},{"floor":26,"key":"Bag of Marbles"},{"floor":31,"key":"Ginger"},{"floor":40,"key":"PreservedInsect"},{"floor":43,"key":"Bottled Lightning"},{"floor":48,"key":"Darkstone Periapt"}],"event_choices":[{"damage_healed":0,"gold_gain":100,"player_choice":"Pray","damage_taken":0,"max_hp_gain":0,"max_hp_loss":0,"event_name":"Golden Shrine","floor":3,"gold_loss":0},{"damage_healed":0,"gold_gain":0,"player_choice":"Fought Mushrooms","damage_taken":0,"max_hp_gain":0,"max_hp_loss":0,"event_name":"Mushrooms","floor":11,"gold_loss":0},{"damage_healed":0,"gold_gain":0,"player_choice":"1 cards matched","damage_taken":0,"max_hp_gain":0,"max_hp_loss":0,"event_name":"Match and Keep!","floor":13,"gold_loss":0,"cards_obtained":["Blind"]},{"cards_removed":["Strike_B"],"damage_healed":0,"gold_gain":0,"player_choice":"Gave Gold","damage_taken":0,"max_hp_gain":0,"max_hp_loss":0,"event_name":"Beggar","floor":19,"gold_loss":75},{"damage_healed":0,"gold_gain":0,"player_choice":"Obtained Relic","damage_taken":0,"relics_obtained":["Meat on the Bone"],"max_hp_gain":0,"max_hp_loss":0,"event_name":"Addict","floor":21,"gold_loss":85},{"damage_healed":0,"gold_gain":0,"player_choice":"Obtained Book","damage_taken":16,"max_hp_gain":0,"max_hp_loss":0,"event_name":"Cursed Tome","floor":22,"gold_loss":0},{"damage_healed":0,"gold_gain":0,"player_choice":"Copied","damage_taken":0,"max_hp_gain":0,"max_hp_loss":0,"event_name":"Duplicator","floor":36,"gold_loss":0,"cards_obtained":["White Noise"]},{"damage_healed":0,"gold_gain":0,"player_choice":"Max HP","damage_taken":0,"max_hp_gain":0,"max_hp_loss":4,"event_name":"Winding Halls","floor":44,"gold_loss":0}],"is_beta":false,"boss_relics":[{"not_picked":["Busted Crown","Fusion Hammer"],"picked":"Astrolabe"},{"not_picked":["Snecko Eye","Tiny House"],"picked":"Orrery"}],"items_purged_floors":[],"is_endless":false,"potions_floor_spawned":[1,4,7,11,14,16,20,25,29,33,35,37,40],"ascension_level":0}