{"gold_per_floor":[118,118,118,118,118,118,134,153,153,168,183,196,196,196,196,299,299,318,73,92,92,105,105,117,117,117,117,151,151,151,165,165,264,264,276,288,299,312,80,80,80,80,80,80,80,92,92,108,108,108],"floor_reached":51,"playtime":1060,"items_purged":["Strike_R","Decay"],"score":709,"play_id":"ce56b56a-6347-4751-a0d3-62a179d12115","local_time":"20190420050613","is_ascension_mode":false,"campfire_choices":[{"data":"Sword Boomerang","floor":6.0,"key":"SMITH"},{"data":"Flex","floor":13.0,"key":"SMITH"},{"floor":15.0,"key":"REST"},{"data":"Inflame","floor":23.0,"key":"SMITH"},{"data":"Offering","floor":27.0,"key":"SMITH"},{"floor":29.0,"key":"REST"},{"floor":32.0,"key":"REST"},{"data":"Offering","floor":40.0,"key":"SMITH"},{"data":"Dark Shackles","floor":42.0,"key":"SMITH"},{"floor":44.0,"key":"REST"},{"floor":49,"key":"REST"}],"neow_cost":"CURSE","seed_source_timestamp":12664215699437,"circlet_count":0,"master_deck":["Strike_R+1","Strike_R+1","Strike_R+1","Strike_R+1","Defend_R+1","Defend_R+1","Defend_R+1","Defend_R+1","Bash+1","Sword Boomerang+1","Cleave+1","Flex+1","Iron Wave+1","Rampage+1","Twin Strike+1","Offering+1","Uppercut+1","Inflame+1","Heavy Blade+1","Clash+1","Clash+1","Heavy Blade+1","Offering+1","Heavy Blade+1","Dark Shackles+1"],"special_seed":0,"relics":["Burning Blood","Dead Branch","Molten Egg 2","Matryoshka","Sundial","The Courier","Cursed Key","Juzu Bracelet","Nilry\u0027s Codex","Bronze Scales","Pantograph","Whetstone","Busted Crown","ClockworkSouvenir","Pear"],"potions_floor_usage":[50,50,50],"damage_taken":[{"damage":0.0,"enemies":"2 Louse","floor":1.0,"turns":4.0},{"damage":1.0,"enemies":"Jaw Worm","floor":7.0,"turns":3.0},{"damage":0.0,"enemies":"Small Slimes","floor":8.0,"turns":3.0},{"damage":4.0,"enemies":"Blue Slaver","floor":10.0,"turns":3.0},{"damage":4.0,"enemies":"Large Slime","floor":11.0,"turns":3.0},{"damage":1.0,"enemies":"Red Slaver","floor":12.0,"turns":3.0},{"damage":51.0,"enemies":"The Guardian","floor":16.0,"turns":12.0},{"damage":0.0,"enemies":"Spheric Guardian","floor":18.0,"turns":2.0},{"damage":6.0,"enemies":"Chosen","floor":20.0,"turns":3.0},{"damage":6.0,"enemies":"Centurion and Healer","floor":22.0,"turns":4.0},{"damage":0.0,"enemies":"Snecko","floor":24.0,"turns":2.0},{"damage":27.0,"enemies":"Slavers","floor":28.0,"turns":3.0},{"damage":6.0,"enemies":"3 Cultists","floor":31.0,"turns":3.0},{"damage":63.0,"enemies":"Automaton","floor":33.0,"turns":8.0},{"damage":33.0,"enemies":"3 Darklings","floor":35.0,"turns":3.0},{"damage":6.0,"enemies":"Orb Walker","floor":36.0,"turns":1.0},{"damage":14.0,"enemies":"3 Darklings","floor":37.0,"turns":3.0},{"damage":0.0,"enemies":"Transient","floor":38.0,"turns":5.0},{"damage":12,"enemies":"Writhing Mass","floor":46,"turns":2},{"damage":25,"enemies":"Maw","floor":48,"turns":4},{"damage":35,"enemies":"Awakened One","floor":50,"turns":5}],"seed_played":"-6916559498293972192","potions_obtained":[{"floor":10.0,"key":"Fire Potion"},{"floor":12.0,"key":"Explosive Potion"},{"floor":16.0,"key":"SteroidPotion"},{"floor":24.0,"key":"Energy Potion"},{"floor":33.0,"key":"SpeedPotion"},{"floor":35.0,"key":"FearPotion"},{"floor":37.0,"key":"Dexterity Potion"},{"floor":38.0,"key":"Strength Potion"}],"is_trial":false,"path_per_floor":["M","?","$","?","?","R","M","M","T","M","M","M","R","T","R","B",null,"M","$","M","?","M","R","M","?","T","R","E","R","?","M","R","B",null,"M","M","M","M","$","R","?","R","T","R","$","M","?","M","R","B",null],"character_chosen":"IRONCLAD","items_purchased":["Juzu Bracelet","Uppercut+1","ClockworkSouvenir"],"campfire_rested":5,"item_purchase_floors":[19,19,39],"current_hp_per_floor":[80,73,73,55,55,55,60,66,66,68,70,75,75,75,80,35,80,80,80,80,80,80,80,80,64,64,64,43,67,52,52,77,28,85,58,58,50,56,56,56,56,56,66,94,94,88,88,69,95,66],"gold":108,"neow_bonus":"ONE_RARE_RELIC","is_prod":false,"is_daily":false,"chose_seed":false,"campfire_upgraded":6,"win_rate":0,"timestamp":1555758373,"path_taken":["M","?","$","?","?","R","M","M","T","M","M","?","R","?","R","BOSS","M","$","M","?","M","R","M","?","T","R","E","R","?","M","R","BOSS","M","M","M","M","$","R","?","R","T","R","$","M","?","M","R","BOSS"],"build_version":"2019-01-23","purchased_purges":2,"victory":true,"max_hp_per_floor":[80,80,80,80,80,80,80,80,80,80,80,80,80,80,80,80,80,80,80,80,80,80,80,80,80,80,80,80,80,85,85,85,85,85,85,85,85,85,85,85,85,85,95,95,95,95,95,95,95,95],"card_choices":[{"not_picked":["Perfected Strike","Body Slam"],"picked":"Sword Boomerang","floor":1.0},{"not_picked":["Searing Blow+1","Cleave+1","Perfected Strike+1"],"picked":"SKIP","floor":7.0},{"not_picked":["Searing Blow+1","Perfected Strike+1"],"picked":"Cleave+1","floor":7.0},{"not_picked":["Reckless Charge+1","Sword Boomerang+1"],"picked":"Flex","floor":8.0},{"not_picked":["Sentinel","Intimidate"],"picked":"Iron Wave+1","floor":10.0},{"not_picked":["Seeing Red","Hemokinesis+1"],"picked":"Rampage+1","floor":11.0},{"not_picked":["Clothesline+1","Perfected Strike+1"],"picked":"Twin Strike+1","floor":12.0},{"not_picked":["Bludgeon+1","Double Tap"],"picked":"Offering","floor":16.0},{"not_picked":["True Grit","Wild Strike+1","Combust"],"picked":"SKIP","floor":18.0},{"not_picked":["Rupture","Battle Trance+1"],"picked":"Inflame","floor":20.0},{"not_picked":["Perfected Strike+1","Entrench"],"picked":"Heavy Blade+1","floor":22.0},{"not_picked":["Body Slam+1","Fire Breathing"],"picked":"Clash+1","floor":24.0},{"not_picked":["Body Slam+1","Berserk"],"picked":"Clash+1","floor":28.0},{"not_picked":["True Grit","Entrench","Heavy Blade+1"],"picked":"SKIP","floor":31.0},{"not_picked":["True Grit","Entrench"],"picked":"Heavy Blade+1","floor":31.0},{"not_picked":["Fiend Fire+1","Berserk"],"picked":"Offering","floor":33.0},{"not_picked":["Body Slam+1"],"picked":"SKIP","floor":35.0},{"not_picked":["Evolve+1"],"picked":"SKIP","floor":36.0},{"not_picked":["Havoc+1"],"picked":"SKIP","floor":37.0},{"not_picked":[],"picked":"Heavy Blade+1","floor":38.0},{"not_picked":[],"picked":"Dark Shackles","floor":41.0},{"not_picked":["Burning Pact"],"picked":"SKIP","floor":46},{"not_picked":["Wild Strike+1"],"picked":"SKIP","floor":48}],"player_experience":1267118,"relics_obtained":[{"floor":9.0,"key":"Matryoshka"},{"floor":14.0,"key":"Sundial"},{"floor":14.0,"key":"The Courier"},{"floor":25.0,"key":"Nilry\u0027s Codex"},{"floor":26.0,"key":"Bronze Scales"},{"floor":26.0,"key":"Pantograph"},{"floor":28.0,"key":"Whetstone"},{"floor":43.0,"key":"Pear"}],"event_choices":[{"cards_removed":["Writhe"],"damage_healed":0.0,"max_hp_gain":0.0,"max_hp_loss":0.0,"gold_gain":0.0,"event_name":"Golden Wing","player_choice":"Card Removal","floor":2.0,"gold_loss":0.0,"damage_taken":7.0},{"damage_healed":0.0,"max_hp_gain":0.0,"max_hp_loss":0.0,"gold_gain":0.0,"event_name":"Scrap Ooze","player_choice":"Success","floor":4.0,"gold_loss":0.0,"damage_taken":18.0,"relics_obtained":["Molten Egg 2"]},{"damage_healed":0.0,"max_hp_gain":0.0,"max_hp_loss":0.0,"gold_gain":0.0,"event_name":"Living Wall","player_choice":"Grow","floor":5.0,"gold_loss":0.0,"damage_taken":0.0,"cards_upgraded":["Bash"]},{"damage_healed":0.0,"max_hp_gain":0.0,"max_hp_loss":0.0,"gold_gain":0.0,"event_name":"Back to Basics","player_choice":"Simplicity","floor":21.0,"gold_loss":0.0,"damage_taken":0.0,"cards_upgraded":["Strike_R","Strike_R","Strike_R","Strike_R","Defend_R","Defend_R","Defend_R","Defend_R"]},{"damage_healed":0.0,"max_hp_gain":0.0,"max_hp_loss":0.0,"gold_gain":0.0,"event_name":"Cursed Tome","player_choice":"Obtained Book","floor":25.0,"gold_loss":0.0,"damage_taken":16.0},{"damage_healed":0.0,"max_hp_gain":5.0,"max_hp_loss":0.0,"gold_gain":0.0,"event_name":"Forgotten Altar","player_choice":"Shed Blood","floor":30.0,"gold_loss":0.0,"damage_taken":20.0},{"damage_healed":0.0,"max_hp_gain":0.0,"max_hp_loss":0.0,"gold_gain":0.0,"event_name":"SensoryStone","player_choice":"Memory 1","floor":41.0,"gold_loss":0.0,"damage_taken":0.0},{"cards_removed":["Doubt"],"damage_healed":0,"gold_gain":0,"player_choice":"Purged","damage_taken":0,"max_hp_gain":0,"max_hp_loss":0,"event_name":"Purifier","floor":47,"gold_loss":0}],"is_beta":false,"boss_relics":[{"not_picked":["Eternal Feather","Orrery"],"picked":"Cursed Key"},{"not_picked":["Philosopher\u0027s Stone","Tiny House"],"picked":"Busted Crown"}],"items_purged_floors":[19,39],"is_endless":false,"potions_floor_spawned":[10,12,16,24,33,35,37,38,48],"ascension_level":0}