{"gold_per_floor":[213,230,242,24,24,24,39,39,39,59,76,76,86,115,115,216,216,206,12,27,45,45,78,78,89,113,113,125,144,144,201,201,201],"floor_reached":33,"playtime":2190,"items_purged":["Strike_G"],"score":316,"play_id":"c0f62340-9995-4d6f-b81f-239c71a35b21","local_time":"20190305211855","is_ascension_mode":false,"campfire_choices":[{"data":"Adrenaline","floor":6,"key":"SMITH"},{"data":"Deadly Poison","floor":8,"key":"SMITH"},{"data":"Bane","floor":12,"key":"SMITH"},{"data":"Neutralize","floor":15,"key":"SMITH"},{"floor":24,"key":"REST"},{"floor":27,"key":"REST"},{"floor":32,"key":"REST"}],"neow_cost":"NONE","seed_source_timestamp":886315180233765,"circlet_count":0,"master_deck":["Defend_G","Defend_G","Defend_G","Defend_G+1","Defend_G+1","Strike_G","Strike_G","Strike_G","Strike_G","Survivor","Neutralize+1","Deadly Poison+1","Bane+1","Adrenaline+1","Expertise","Bouncing Flask","Backflip","Poisoned Stab","Deflect","After Image","Poisoned Stab","PiercingWail","Bane","Necronomicurse","Dagger Throw","Dagger Spray+1","Poisoned Stab+1","Outmaneuver+1"],"relics":["Ring of the Snake","War Paint","Art of War","Sundial","Black Star","Membership Card","Necronomicon","Tough Bandages","Pen Nib","Blood Vial","Tiny Chest","Lantern"],"potions_floor_usage":[18,23,23,28,31,33,33],"damage_taken":[{"damage":1,"enemies":"Cultist","floor":1,"turns":4},{"damage":0,"enemies":"2 Louse","floor":2,"turns":2},{"damage":0,"enemies":"Small Slimes","floor":3,"turns":3},{"damage":0,"enemies":"2 Fungi Beasts","floor":7,"turns":3},{"damage":0,"enemies":"Blue Slaver","floor":10,"turns":3},{"damage":1,"enemies":"Exordium Thugs","floor":11,"turns":4},{"damage":0,"enemies":"Lots of Slimes","floor":13,"turns":4},{"damage":8,"enemies":"Gremlin Nob","floor":14,"turns":3},{"damage":7,"enemies":"The Guardian","floor":16,"turns":9},{"damage":1,"enemies":"2 Thieves","floor":18,"turns":4},{"damage":3,"enemies":"Chosen","floor":20,"turns":5},{"damage":12,"enemies":"Centurion and Healer","floor":21,"turns":8},{"damage":17,"enemies":"Gremlin Leader","floor":23,"turns":7},{"damage":19,"enemies":"Sentry and Sphere","floor":25,"turns":6},{"damage":21,"enemies":"Chosen and Byrds","floor":28,"turns":6},{"damage":8,"enemies":"Snake Plant","floor":29,"turns":4},{"damage":0,"enemies":"Book of Stabbing","floor":31,"turns":5},{"damage":37,"enemies":"Champ","floor":33,"turns":7}],"seed_played":"-8522150232531137958","potions_obtained":[{"floor":2,"key":"Energy Potion"},{"floor":3,"key":"Energy Potion"},{"floor":7,"key":"GhostInAJar"},{"floor":20,"key":"SpeedPotion"},{"floor":25,"key":"Strength Potion"},{"floor":28,"key":"Energy Potion"},{"floor":31,"key":"SteroidPotion"}],"is_trial":false,"path_per_floor":["M","M","M","$","?","R","M","R","T","M","M","R","M","E","R","B",null,"M","$","M","M","?","E","R","M","T","R","M","M","?","E","R","B"],"character_chosen":"THE_SILENT","items_purchased":["War Paint","Membership Card"],"campfire_rested":3,"item_purchase_floors":[4,19],"current_hp_per_floor":[69,69,69,69,69,69,69,69,69,69,68,68,68,60,60,53,70,69,69,66,54,38,21,42,23,23,44,25,19,6,8,30,0],"gold":201,"neow_bonus":"HUNDRED_GOLD","is_prod":false,"is_daily":false,"chose_seed":false,"campfire_upgraded":4,"win_rate":0,"timestamp":1551791935,"path_taken":["M","M","?","$","?","R","M","R","T","M","M","R","M","E","R","BOSS","M","$","M","M","?","E","R","M","T","R","M","M","?","E","R","BOSS"],"build_version":"2019-01-23","purchased_purges":1,"victory":false,"max_hp_per_floor":[70,70,70,70,70,70,70,70,70,70,70,70,70,70,70,70,70,70,70,70,70,70,70,70,70,70,70,70,70,75,75,75,75],"card_choices":[{"not_picked":["Poisoned Stab","Setup"],"picked":"Deadly Poison","floor":1},{"not_picked":["Predator","Underhanded Strike"],"picked":"Bane","floor":2},{"not_picked":["Bane","Dagger Spray"],"picked":"Adrenaline","floor":3},{"not_picked":["Dodge and Roll","Heel Hook"],"picked":"Expertise","floor":7},{"not_picked":["Flying Knee","Sucker Punch"],"picked":"Bouncing Flask","floor":10},{"not_picked":["Sucker Punch","Reflex"],"picked":"Backflip","floor":11},{"not_picked":["Concentrate","Cloak And Dagger"],"picked":"Poisoned Stab","floor":13},{"not_picked":["Quick Slash","Endless Agony"],"picked":"Deflect","floor":14},{"not_picked":["Wraith Form v2","Unload"],"picked":"After Image","floor":16},{"not_picked":["Caltrops","Expertise"],"picked":"Poisoned Stab","floor":18},{"not_picked":["Underhanded Strike+1","Poisoned Stab"],"picked":"PiercingWail","floor":20},{"not_picked":["Poisoned Stab","Slice"],"picked":"Bane","floor":21},{"not_picked":["Blade Dance+1","Riddle With Holes"],"picked":"Dagger Throw","floor":23},{"not_picked":["Night Terror","Poisoned Stab+1"],"picked":"Dagger Spray+1","floor":25},{"not_picked":["Underhanded Strike","Endless Agony","Backstab"],"picked":"SKIP","floor":28},{"not_picked":["Infinite Blades","PiercingWail"],"picked":"Poisoned Stab+1","floor":29},{"not_picked":["Riddle With Holes","Quick Slash"],"picked":"Outmaneuver+1","floor":31}],"player_experience":754066,"relics_obtained":[{"floor":9,"key":"Art of War"},{"floor":14,"key":"Sundial"},{"floor":22,"key":"Necronomicon"},{"floor":23,"key":"Tough Bandages"},{"floor":23,"key":"Pen Nib"},{"floor":26,"key":"Blood Vial"},{"floor":31,"key":"Tiny Chest"},{"floor":31,"key":"Lantern"}],"event_choices":[{"damage_healed":0,"gold_gain":0,"player_choice":"Ignored","damage_taken":0,"max_hp_gain":0,"max_hp_loss":0,"event_name":"Liars Game","floor":5,"gold_loss":0},{"damage_healed":0,"gold_gain":0,"player_choice":"Obtained Book","damage_taken":16,"max_hp_gain":0,"max_hp_loss":0,"event_name":"Cursed Tome","floor":22,"gold_loss":0},{"damage_healed":0,"gold_gain":0,"player_choice":"Shed Blood","damage_taken":18,"max_hp_gain":5,"max_hp_loss":0,"event_name":"Forgotten Altar","floor":30,"gold_loss":0}],"is_beta":false,"boss_relics":[{"not_picked":["Coffee Dripper","Tiny House"],"picked":"Black Star"}],"items_purged_floors":[4],"is_endless":false,"potions_floor_spawned":[2,3,7,13,20,25,28,31],"killed_by":"Champ","ascension_level":0}