{"gold_per_floor":[113,38,53,63,13,13,38,38,38,38,38,53,64,84,84,189,189,203,214,224,244,259,259,534,551,576,271,271,291,303,333,333,438,438,448,448,448,463,463,463,488,504,530,530,540,91,91,91,91,91],"floor_reached":51,"playtime":1068,"items_purged":["Strike_R","Regret","Strike_R"],"score":726,"play_id":"0ba6f754-88a7-4b10-92cb-2abba99f13d9","local_time":"20190420040004","is_ascension_mode":false,"campfire_choices":[{"data":"Bash","floor":6.0,"key":"SMITH"},{"data":"Carnage","floor":8.0,"key":"SMITH"},{"data":"Heavy Blade","floor":10.0,"key":"SMITH"},{"data":"Infernal Blade","floor":15.0,"key":"SMITH"},{"data":"Demon Form","floor":23.0,"key":"SMITH"},{"data":"Flex","floor":28,"key":"SMITH"},{"data":"Flex","floor":32,"key":"SMITH"},{"data":"Uppercut","floor":40,"key":"SMITH"},{"data":"Discovery","floor":44,"key":"SMITH"},{"data":"Good Instincts","floor":47,"key":"SMITH"},{"data":"Apotheosis","floor":49,"key":"SMITH"}],"neow_cost":"NONE","seed_source_timestamp":8645797592791,"circlet_count":0,"master_deck":["Strike_R","Strike_R","Defend_R","Defend_R","Defend_R","Bash+1","Carnage+1","Heavy Blade+1","Infernal Blade+1","Thunderclap","Shockwave","Demon Form+1","Flex+1","Metallicize","Whirlwind+1","Uppercut+1","Flex+1","Immolate","Double Tap","Finesse","Apotheosis+1","Discovery+1","Intimidate+1","Good Instincts+1","Metallicize"],"special_seed":0,"relics":["Black Blood","Orichalcum","Mercury Hourglass","Letter Opener","Boot","ClockworkSouvenir","Juzu Bracelet","Runic Dome","Dream Catcher","Pen Nib","Lee\u0027s Waffle"],"potions_floor_usage":[31,38,41,45,50,50],"damage_taken":[{"damage":6.0,"enemies":"Jaw Worm","floor":1.0,"turns":3.0},{"damage":0.0,"enemies":"Small Slimes","floor":3.0,"turns":3.0},{"damage":0.0,"enemies":"Cultist","floor":4.0,"turns":3.0},{"damage":14.0,"enemies":"Lagavulin","floor":7.0,"turns":4.0},{"damage":1.0,"enemies":"2 Fungi Beasts","floor":12.0,"turns":2.0},{"damage":3.0,"enemies":"Gremlin Gang","floor":13.0,"turns":3.0},{"damage":5.0,"enemies":"Blue Slaver","floor":14.0,"turns":3.0},{"damage":50.0,"enemies":"Hexaghost","floor":16.0,"turns":8.0},{"damage":9.0,"enemies":"Chosen","floor":18.0,"turns":4.0},{"damage":4.0,"enemies":"Spheric Guardian","floor":19.0,"turns":3.0},{"damage":16.0,"enemies":"Centurion and Healer","floor":20.0,"turns":5.0},{"damage":3.0,"enemies":"Snecko","floor":21.0,"turns":4.0},{"damage":7.0,"enemies":"3 Cultists","floor":22.0,"turns":4.0},{"damage":25.0,"enemies":"Shelled Parasite and Fungi","floor":25.0,"turns":5.0},{"damage":12,"enemies":"Snake Plant","floor":29,"turns":4},{"damage":0,"enemies":"3 Cultists","floor":30,"turns":3},{"damage":1,"enemies":"Slavers","floor":31,"turns":2},{"damage":22,"enemies":"Collector","floor":33,"turns":5},{"damage":2,"enemies":"Orb Walker","floor":35,"turns":3},{"damage":6,"enemies":"3 Shapes","floor":38,"turns":1},{"damage":45,"enemies":"Nemesis","floor":41,"turns":5},{"damage":0,"enemies":"Transient","floor":42,"turns":5},{"damage":18,"enemies":"Jaw Worm Horde","floor":45,"turns":2},{"damage":62,"enemies":"Donu and Deca","floor":50,"turns":6}],"seed_played":"6935533936791480267","potions_obtained":[{"floor":1.0,"key":"Weak Potion"},{"floor":4.0,"key":"SteroidPotion"},{"floor":7.0,"key":"Fire Potion"},{"floor":14.0,"key":"AttackPotion"},{"floor":19.0,"key":"Swift Potion"},{"floor":20.0,"key":"PowerPotion"},{"floor":21.0,"key":"Energy Potion"},{"floor":29,"key":"Strength Potion"},{"floor":33,"key":"Block Potion"},{"floor":38,"key":"Fire Potion"},{"floor":41,"key":"Regen Potion"},{"floor":42,"key":"SkillPotion"}],"is_trial":false,"path_per_floor":["M","$","M","M","?","R","E","R","T","R","?","M","M","M","R","B",null,"M","M","M","M","M","R","?","M","T","$","R","M","M","E","R","B",null,"M","?","?","M","?","R","E","M","T","R","M","$","R","?","R","B",null],"character_chosen":"IRONCLAD","items_purchased":["ClockworkSouvenir","Lee\u0027s Waffle","Good Instincts","Metallicize"],"campfire_rested":0,"item_purchase_floors":[27,46,46,46],"current_hp_per_floor":[80,80,80,80,80,80,72,72,72,72,72,77,80,80,80,36,80,80,80,74,80,80,80,80,65,65,65,65,63,73,80,80,68,80,80,80,70,74,74,74,39,49,49,49,46,83,83,83,83,31],"gold":91,"neow_bonus":"RANDOM_COMMON_RELIC","is_prod":false,"is_daily":false,"chose_seed":false,"campfire_upgraded":11,"win_rate":0,"timestamp":1555754404,"path_taken":["M","$","M","M","?","R","E","R","T","R","?","?","M","M","R","BOSS","M","M","M","M","M","R","?","M","T","$","R","M","M","E","R","BOSS","M","?","?","M","?","R","E","M","T","R","M","$","R","?","R","BOSS"],"build_version":"2019-01-23","purchased_purges":3,"victory":true,"max_hp_per_floor":[80,80,80,80,80,80,80,80,80,80,80,80,80,80,80,80,80,80,80,80,80,80,80,80,80,80,80,80,80,80,80,80,80,80,80,80,80,80,76,76,76,76,76,76,76,83,83,83,83,83],"card_choices":[{"not_picked":["Perfected Strike","Havoc"],"picked":"Carnage","floor":1.0},{"not_picked":["Body Slam","Twin Strike"],"picked":"Heavy Blade","floor":3.0},{"not_picked":["Iron Wave","Entrench"],"picked":"Infernal Blade","floor":4.0},{"not_picked":["Thunderclap","Combust","Clothesline"],"picked":"SKIP","floor":7.0},{"not_picked":["Clothesline","Thunderclap","Dropkick"],"picked":"SKIP","floor":12.0},{"not_picked":["Juggernaut","Blood for Blood"],"picked":"Shockwave","floor":13.0},{"not_picked":["True Grit","Corruption","Blood for Blood"],"picked":"SKIP","floor":14.0},{"not_picked":["Berserk","Brutality"],"picked":"Demon Form","floor":16.0},{"not_picked":["Shrug It Off","Blood for Blood","Evolve"],"picked":"SKIP","floor":18.0},{"not_picked":["Havoc","Rage"],"picked":"Flex","floor":19.0},{"not_picked":["Shrug It Off","Intimidate","Clash"],"picked":"SKIP","floor":20.0},{"not_picked":["Heavy Blade","Spot Weakness"],"picked":"Metallicize","floor":21.0},{"not_picked":["Armaments","Anger"],"picked":"Whirlwind+1","floor":22.0},{"not_picked":["Clothesline+1","Dual Wield+1"],"picked":"Uppercut","floor":25.0},{"not_picked":["Clash","Pommel Strike"],"picked":"Flex","floor":29},{"not_picked":["Thunderclap+1","Sword Boomerang"],"picked":"Immolate","floor":30},{"not_picked":["Sword Boomerang+1","Bludgeon","True Grit"],"picked":"SKIP","floor":31},{"not_picked":["Exhume","Impervious"],"picked":"Double Tap","floor":33},{"not_picked":["Searing Blow","Shrug It Off","Dropkick"],"picked":"SKIP","floor":35},{"not_picked":["Blind","Enlightenment"],"picked":"Finesse","floor":37},{"not_picked":["The Bomb","Thinking Ahead"],"picked":"Apotheosis","floor":37},{"not_picked":["Panacea","PanicButton"],"picked":"Discovery","floor":37},{"not_picked":["Blood for Blood","Clash+1","True Grit"],"picked":"SKIP","floor":38},{"not_picked":["Berserk","Shrug It Off","Warcry+1"],"picked":"SKIP","floor":41},{"not_picked":["Anger+1","Wild Strike","Heavy Blade"],"picked":"SKIP","floor":42},{"not_picked":["Pummel+1","Flex"],"picked":"Intimidate+1","floor":45}],"player_experience":1264113,"relics_obtained":[{"floor":7.0,"key":"Mercury Hourglass"},{"floor":9.0,"key":"Letter Opener"},{"floor":26.0,"key":"Boot"},{"floor":31,"key":"Juzu Bracelet"},{"floor":41,"key":"Dream Catcher"},{"floor":43,"key":"Pen Nib"}],"event_choices":[{"cards_removed":["Strike_R"],"damage_healed":0.0,"max_hp_gain":0.0,"max_hp_loss":0.0,"gold_gain":0.0,"event_name":"The Cleric","player_choice":"Card Removal","floor":5.0,"gold_loss":50.0,"damage_taken":0.0},{"damage_healed":0.0,"max_hp_gain":0.0,"max_hp_loss":0.0,"gold_gain":0.0,"cards_transformed":["Defend_R"],"event_name":"Transmorgrifier","player_choice":"Transformed","floor":11.0,"gold_loss":0.0,"damage_taken":0.0,"cards_obtained":["Thunderclap"]},{"damage_healed":0.0,"max_hp_gain":0.0,"max_hp_loss":0.0,"gold_gain":275.0,"event_name":"Golden Shrine","player_choice":"Desecrate","floor":24.0,"gold_loss":0.0,"damage_taken":0.0,"cards_obtained":["Regret"]},{"damage_healed":0,"gold_gain":0,"player_choice":"Ignored","damage_taken":0,"max_hp_gain":0,"max_hp_loss":0,"event_name":"Tomb of Lord Red Mask","floor":36,"gold_loss":0},{"damage_healed":0,"gold_gain":0,"player_choice":"Memory 3","damage_taken":10,"max_hp_gain":0,"max_hp_loss":0,"event_name":"SensoryStone","floor":37,"gold_loss":0},{"damage_healed":0,"gold_gain":0,"player_choice":"Max HP","damage_taken":0,"max_hp_gain":0,"max_hp_loss":4,"event_name":"Winding Halls","floor":39,"gold_loss":0},{"damage_healed":0,"gold_gain":0,"player_choice":"Ignored","damage_taken":0,"max_hp_gain":0,"max_hp_loss":0,"event_name":"NoteForYourself","floor":48,"gold_loss":0}],"is_beta":false,"boss_relics":[{"not_picked":["Tiny House","Snecko Eye"],"picked":"Black Blood"},{"not_picked":["Pandora\u0027s Box","Orrery"],"picked":"Runic Dome"}],"items_purged_floors":[2,27,46],"is_endless":false,"potions_floor_spawned":[1,4,7,14,19,20,21,29,33,38,41,42],"ascension_level":0}