{"gold_per_floor":[364,379,379,393,58,58,58,74,74,74,88,115,126,137,137,234,234,247,257,157,177,177,177,177,177,177,177,28,28,48,58,58,163,163,183,133,133,153,165,190,190,190,214,227,44,44,44],"floor_reached":47,"playtime":6410,"items_purged":["Strike_R","Strike_R","Decay"],"score":457,"play_id":"96cbca29-f6e1-426b-9733-708932580d93","local_time":"20190422175827","is_ascension_mode":false,"campfire_choices":[{"data":"Bash","floor":6.0,"key":"SMITH"},{"data":"Sword Boomerang","floor":10.0,"key":"SMITH"},{"data":"Cleave","floor":15.0,"key":"SMITH"},{"data":"Shrug It Off","floor":23.0,"key":"SMITH"},{"data":"Clothesline","floor":25.0,"key":"SMITH"},{"data":"Demon Form","floor":27.0,"key":"SMITH"},{"floor":32.0,"key":"REST"},{"data":"Apotheosis","floor":46,"key":"SMITH"}],"neow_cost":"TEN_PERCENT_HP_LOSS","seed_source_timestamp":0,"circlet_count":0,"master_deck":["Strike_R+1","Strike_R+1","Strike_R+1","Defend_R+1","Defend_R+1","Defend_R+1","Defend_R+1","Bash+1","Sword Boomerang+1","Shockwave","Shrug It Off+1","Spot Weakness","Thunderclap","Cleave+1","Clothesline+1","Demon Form+1","Anger+1","Intimidate","Barricade","Clash+1","Immolate","Double Tap","Doubt","Apotheosis+1"],"special_seed":0,"relics":["Burning Blood","Shuriken","Self Forming Clay","Happy Flower","Omamori","Runic Dome","Pear","Nilry\u0027s Codex","Calling Bell","Smiling Mask","Dodecahedron","Bird Faced Urn","Gremlin Horn","Singing Bowl","Lantern"],"potions_floor_usage":[40,40,40],"damage_taken":[{"damage":0.0,"enemies":"Small Slimes","floor":1.0,"turns":3.0},{"damage":6.0,"enemies":"Cultist","floor":2.0,"turns":3.0},{"damage":8.0,"enemies":"Jaw Worm","floor":4.0,"turns":4.0},{"damage":4.0,"enemies":"Blue Slaver","floor":8.0,"turns":5.0},{"damage":22.0,"enemies":"Gremlin Gang","floor":11.0,"turns":5.0},{"damage":8.0,"enemies":"Lagavulin","floor":12.0,"turns":6.0},{"damage":9.0,"enemies":"3 Louse","floor":13.0,"turns":3.0},{"damage":5.0,"enemies":"Looter","floor":14.0,"turns":3.0},{"damage":8.0,"enemies":"Slime Boss","floor":16.0,"turns":7.0},{"damage":1.0,"enemies":"Chosen","floor":18.0,"turns":3.0},{"damage":9.0,"enemies":"3 Byrds","floor":19.0,"turns":4.0},{"damage":15.0,"enemies":"Sentry and Sphere","floor":21.0,"turns":4.0},{"damage":6.0,"enemies":"Cultist and Chosen","floor":30.0,"turns":6.0},{"damage":12.0,"enemies":"Centurion and Healer","floor":31.0,"turns":4.0},{"damage":71.0,"enemies":"Automaton","floor":33.0,"turns":7.0},{"damage":18.0,"enemies":"Orb Walker","floor":35.0,"turns":4.0},{"damage":0.0,"enemies":"3 Shapes","floor":38.0,"turns":5.0},{"damage":44.0,"enemies":"Maw","floor":39.0,"turns":6.0},{"damage":13,"enemies":"Giant Head","floor":40,"turns":8},{"damage":14,"enemies":"Jaw Worm Horde","floor":44,"turns":3},{"damage":23,"enemies":"Writhing Mass","floor":47,"turns":3}],"seed_played":"2526533576438994550","potions_obtained":[{"floor":1.0,"key":"Dexterity Potion"},{"floor":12.0,"key":"Regen Potion"},{"floor":16.0,"key":"AttackPotion"},{"floor":19.0,"key":"PowerPotion"},{"floor":30.0,"key":"SkillPotion"},{"floor":35.0,"key":"BloodPotion"},{"floor":44,"key":"AttackPotion"}],"is_trial":false,"path_per_floor":["M","M","?","M","$","R","$","M","T","R","M","E","M","M","R","B",null,"M","M","$","M","$","R","?","R","T","R","$","?","M","M","R","B",null,"M","$","?","M","M","E","?","T","T","M","$","R","M"],"character_chosen":"IRONCLAD","items_purchased":["Self Forming Clay","Juggernaut","Apotheosis"],"campfire_rested":1,"item_purchase_floors":[5,28,45],"current_hp_per_floor":[72,72,72,70,70,70,70,72,72,72,56,54,51,52,52,62,72,72,69,69,60,60,60,60,60,70,70,70,54,54,48,72,7,82,70,70,70,78,42,47,82,82,82,76,76,76,55],"gold":44,"neow_bonus":"TWO_FIFTY_GOLD","is_prod":false,"is_daily":false,"chose_seed":false,"campfire_upgraded":7,"win_rate":0,"timestamp":1555948707,"path_taken":["M","M","?","M","$","R","$","M","T","R","?","E","M","M","R","BOSS","M","M","$","M","$","R","?","R","T","R","$","?","M","M","R","BOSS","M","$","?","M","M","E","?","?","T","?","$","R","M"],"build_version":"2019-01-23","purchased_purges":3,"victory":false,"max_hp_per_floor":[72,72,72,72,72,72,72,72,72,72,72,72,72,72,72,72,72,72,72,72,72,72,72,72,72,82,82,82,82,82,82,82,82,82,82,82,82,82,82,82,82,82,82,84,84,84,84],"card_choices":[{"not_picked":["Flame Barrier","Pummel"],"picked":"Sword Boomerang","floor":1.0},{"not_picked":["Armaments","Blood for Blood"],"picked":"Shockwave","floor":2.0},{"not_picked":["Reckless Charge","Headbutt"],"picked":"Shrug It Off","floor":4.0},{"not_picked":["Havoc","Headbutt","Wild Strike"],"picked":"SKIP","floor":8.0},{"not_picked":["Shrug It Off","Metallicize"],"picked":"Spot Weakness","floor":11.0},{"not_picked":["Dark Embrace","Clothesline"],"picked":"Thunderclap","floor":12.0},{"not_picked":["Rupture","Headbutt"],"picked":"Cleave","floor":13.0},{"not_picked":["Rage","Blood for Blood"],"picked":"Clothesline","floor":14.0},{"not_picked":["Double Tap","Impervious"],"picked":"Demon Form","floor":16.0},{"not_picked":["Metallicize","Clothesline+1"],"picked":"Anger+1","floor":18.0},{"not_picked":["True Grit","Dark Embrace","Perfected Strike"],"picked":"SKIP","floor":19.0},{"not_picked":["True Grit","Flame Barrier","Fire Breathing"],"picked":"SKIP","floor":21.0},{"not_picked":["Feel No Pain","Sentinel","Twin Strike"],"picked":"SKIP","floor":30.0},{"not_picked":["Combust+1","Inflame"],"picked":"Intimidate","floor":31.0},{"not_picked":["Brutality","Double Tap"],"picked":"Barricade","floor":33.0},{"not_picked":["Iron Wave+1","Wild Strike+1"],"picked":"Clash+1","floor":35.0},{"not_picked":["Pommel Strike","Headbutt"],"picked":"Immolate","floor":38.0},{"not_picked":["Twin Strike+1","Headbutt","Wild Strike+1"],"picked":"SKIP","floor":39.0},{"not_picked":["Clothesline+1","True Grit"],"picked":"Double Tap","floor":40},{"not_picked":["Armaments+1","Wild Strike+1","Cleave+1"],"picked":"Singing Bowl","floor":44}],"player_experience":688188,"relics_obtained":[{"floor":9.0,"key":"Happy Flower"},{"floor":12.0,"key":"Omamori"},{"floor":26.0,"key":"Pear"},{"floor":29.0,"key":"Nilry\u0027s Codex"},{"floor":34.0,"key":"Smiling Mask"},{"floor":34.0,"key":"Dodecahedron"},{"floor":34.0,"key":"Bird Faced Urn"},{"floor":40,"key":"Gremlin Horn"},{"floor":42,"key":"Singing Bowl"},{"floor":43,"key":"Lantern"}],"event_choices":[{"damage_healed":0.0,"max_hp_gain":0.0,"max_hp_loss":0.0,"gold_gain":0.0,"event_name":"WeMeetAgain","player_choice":"Gave Potion","floor":3.0,"gold_loss":0.0,"damage_taken":0.0,"relics_obtained":["Shuriken"]},{"damage_healed":0.0,"max_hp_gain":0.0,"max_hp_loss":0.0,"gold_gain":0.0,"event_name":"Back to Basics","player_choice":"Simplicity","floor":24.0,"gold_loss":0.0,"damage_taken":0.0,"cards_upgraded":["Strike_R","Strike_R","Strike_R","Defend_R","Defend_R","Defend_R","Defend_R"]},{"damage_healed":0.0,"max_hp_gain":0.0,"max_hp_loss":0.0,"gold_gain":0.0,"event_name":"Cursed Tome","player_choice":"Obtained Book","floor":29.0,"gold_loss":0.0,"damage_taken":16.0},{"cards_removed":["Juggernaut"],"damage_healed":0.0,"max_hp_gain":0.0,"max_hp_loss":0.0,"gold_gain":0.0,"event_name":"Falling","player_choice":"Removed Power","floor":37.0,"gold_loss":0.0,"damage_taken":0.0},{"damage_healed":35,"gold_gain":0,"player_choice":"Heal","damage_taken":0,"max_hp_gain":0,"max_hp_loss":0,"event_name":"MindBloom","floor":41,"gold_loss":0,"cards_obtained":["Doubt"]}],"is_beta":false,"boss_relics":[{"not_picked":["Philosopher\u0027s Stone","Ectoplasm"],"picked":"Runic Dome"},{"not_picked":["Fusion Hammer","Black Blood"],"picked":"Calling Bell"}],"items_purged_floors":[5,20,36],"is_endless":false,"potions_floor_spawned":[1,12,16,19,30,31,35,39,44],"killed_by":"Writhing Mass","ascension_level":0}