{"gold_per_floor":[118,118,137,70,90,125,125,139,139,139,164,178,253,269,269,370,370,380,21,21,21,31,66,66,85,131,131,131,143,92,112,112,215,215,235,235,29,0,0,0],"floor_reached":40,"playtime":5087,"items_purged":["Strike_G","Strike_G"],"score":527,"play_id":"fe802fa4-9cdb-4f84-91f0-0ac5d12ff76c","local_time":"20190330143048","is_ascension_mode":true,"campfire_choices":[{"data":"Night Terror","floor":7,"key":"SMITH"},{"floor":10,"key":"REST"},{"floor":15,"key":"REST"},{"floor":24,"key":"DIG"},{"floor":27,"key":"REST"},{"floor":29,"key":"DIG"},{"floor":32,"key":"REST"}],"neow_cost":"NONE","seed_source_timestamp":75537699071900,"circlet_count":0,"master_deck":["Defend_G","Defend_G","Defend_G","Defend_G","Strike_G+1","Strike_G+1","Survivor","Neutralize","Finesse","Sucker Punch+1","Crippling Poison","Night Terror+1","Noxious Fumes+1","Dodge and Roll","Catalyst","Bullet Time","All Out Attack+1","Escape Plan","A Thousand Cuts","Well Laid Plans+1","Footwork","Prepared+1","Outmaneuver+1","A Thousand Cuts","Backstab","Envenom"],"relics":["Ring of the Snake","Omamori","Gremlin Horn","Shovel","Snecko Eye","Membership Card","Meat on the Bone","Art of War","Dodecahedron","Lantern","MawBank","Bronze Scales","Empty Cage","Whetstone","Red Mask"],"potions_floor_usage":[12,16,22,25,25,31,39,40],"damage_taken":[{"damage":2,"enemies":"Small Slimes","floor":1,"turns":3},{"damage":0,"enemies":"2 Louse","floor":3,"turns":2},{"damage":2,"enemies":"Cultist","floor":5,"turns":4},{"damage":19,"enemies":"3 Sentries","floor":6,"turns":9},{"damage":7,"enemies":"Exordium Wildlife","floor":8,"turns":4},{"damage":8,"enemies":"Lagavulin","floor":11,"turns":6},{"damage":2,"enemies":"Exordium Thugs","floor":12,"turns":4},{"damage":2,"enemies":"Looter","floor":14,"turns":4},{"damage":41,"enemies":"The Guardian","floor":16,"turns":12},{"damage":12,"enemies":"3 Byrds","floor":18,"turns":4},{"damage":0,"enemies":"2 Thieves","floor":22,"turns":4},{"damage":2,"enemies":"Gremlin Leader","floor":23,"turns":4},{"damage":31,"enemies":"Cultist and Chosen","floor":25,"turns":7},{"damage":21,"enemies":"3 Cultists","floor":31,"turns":5},{"damage":34,"enemies":"Champ","floor":33,"turns":8},{"damage":9,"enemies":"Orb Walker","floor":35,"turns":4},{"damage":10,"enemies":"3 Darklings","floor":39,"turns":2},{"damage":86,"enemies":"Giant Head","floor":40,"turns":8}],"seed_played":"-3428126339201251110","potions_obtained":[{"floor":5,"key":"GamblersBrew"},{"floor":11,"key":"Regen Potion"},{"floor":12,"key":"Energy Potion"},{"floor":14,"key":"Strength Potion"},{"floor":22,"key":"SmokeBomb"},{"floor":23,"key":"Swift Potion"},{"floor":35,"key":"PowerPotion"}],"is_trial":false,"path_per_floor":["M","?","M","$","M","E","R","M","T","R","E","M","?","M","R","B",null,"M","$","?","$","M","E","R","M","T","R","?","R","$","M","R","B",null,"M","?","$","?","M","E"],"character_chosen":"THE_SILENT","items_purchased":["Night Terror","Membership Card","Meat on the Bone","Footwork","PowerPotion","Whetstone","Envenom"],"campfire_rested":4,"item_purchase_floors":[4,19,19,19,30,37,37],"current_hp_per_floor":[68,54,54,54,52,33,33,26,26,47,39,49,38,36,57,16,70,58,58,58,58,58,56,56,37,37,58,58,58,58,37,58,36,70,61,61,61,61,51,0],"gold":0,"neow_bonus":"RANDOM_COLORLESS","is_prod":false,"is_daily":false,"chose_seed":false,"campfire_upgraded":1,"win_rate":0,"timestamp":1553952648,"path_taken":["M","?","M","$","M","E","R","M","T","R","E","M","?","M","R","BOSS","M","$","?","$","?","E","R","M","T","R","?","R","?","M","R","BOSS","M","?","$","?","M","E"],"build_version":"2019-01-23","purchased_purges":2,"victory":false,"max_hp_per_floor":[70,70,70,70,70,70,70,70,70,70,70,70,70,70,70,70,70,70,70,70,70,70,70,70,70,70,70,70,70,70,70,70,70,70,70,66,66,66,66,66],"card_choices":[{"not_picked":["Bane","Concentrate"],"picked":"Sucker Punch","floor":1},{"not_picked":["Deflect","Underhanded Strike"],"picked":"Crippling Poison","floor":3},{"not_picked":["Dodge and Roll","Cloak And Dagger"],"picked":"Noxious Fumes","floor":5},{"not_picked":["Cloak And Dagger","Choke"],"picked":"Dodge and Roll","floor":6},{"not_picked":["Sucker Punch","Blade Dance"],"picked":"Catalyst","floor":8},{"not_picked":["Deflect","Slice"],"picked":"Bullet Time","floor":11},{"not_picked":["Slice","Poisoned Stab"],"picked":"All Out Attack","floor":12},{"not_picked":["Crippling Poison","Underhanded Strike"],"picked":"Escape Plan","floor":14},{"not_picked":["Night Terror","Malaise"],"picked":"A Thousand Cuts","floor":16},{"not_picked":["Underhanded Strike","Noxious Fumes+1"],"picked":"Well Laid Plans+1","floor":18},{"not_picked":["Flying Knee","Tactician+1","Heel Hook"],"picked":"SKIP","floor":22},{"not_picked":["Slice","Flying Knee"],"picked":"Prepared+1","floor":23},{"not_picked":["Heel Hook+1","Bane"],"picked":"Outmaneuver+1","floor":25},{"not_picked":["Backflip","Sucker Punch","Predator+1"],"picked":"SKIP","floor":31},{"not_picked":["Phantasmal Killer","Tools of the Trade"],"picked":"A Thousand Cuts","floor":33},{"not_picked":["Flying Knee","Acrobatics"],"picked":"Backstab","floor":35}],"player_experience":464011,"relics_obtained":[{"floor":6,"key":"Omamori"},{"floor":9,"key":"Gremlin Horn"},{"floor":11,"key":"Shovel"},{"floor":23,"key":"Art of War"},{"floor":24,"key":"Dodecahedron"},{"floor":26,"key":"Lantern"},{"floor":29,"key":"Bronze Scales"}],"event_choices":[{"damage_healed":0,"gold_gain":0,"player_choice":"Entered Light","damage_taken":14,"max_hp_gain":0,"max_hp_loss":0,"event_name":"Shining Light","floor":2,"gold_loss":0,"cards_upgraded":["Strike_G","Strike_G"]},{"damage_healed":0,"gold_gain":75,"player_choice":"Gather Gold","damage_taken":11,"max_hp_gain":0,"max_hp_loss":0,"event_name":"World of Goop","floor":13,"gold_loss":0},{"damage_healed":0,"gold_gain":0,"player_choice":"Upgraded","damage_taken":0,"max_hp_gain":0,"max_hp_loss":0,"event_name":"Upgrade Shrine","floor":20,"gold_loss":0,"cards_upgraded":["Noxious Fumes"]},{"damage_healed":0,"gold_gain":0,"player_choice":"Stole Relic","damage_taken":0,"relics_obtained":["MawBank"],"max_hp_gain":0,"max_hp_loss":0,"event_name":"Addict","floor":28,"gold_loss":0,"cards_obtained":["Shame"]},{"damage_healed":0,"gold_gain":0,"player_choice":"Max HP","damage_taken":0,"max_hp_gain":0,"max_hp_loss":4,"event_name":"Winding Halls","floor":36,"gold_loss":0},{"damage_healed":0,"gold_gain":0,"player_choice":"Paid","damage_taken":0,"relics_obtained":["Red Mask"],"max_hp_gain":0,"max_hp_loss":0,"event_name":"Tomb of Lord Red Mask","floor":38,"gold_loss":29}],"is_beta":false,"boss_relics":[{"not_picked":["Coffee Dripper","Calling Bell"],"picked":"Snecko Eye"},{"not_picked":["Black Star","Velvet Choker"],"picked":"Empty Cage"}],"items_purged_floors":[30,37],"is_endless":false,"potions_floor_spawned":[5,11,12,14,22,23,35,39],"killed_by":"Giant Head","ascension_level":4}