{"gold_per_floor":[99,99,99,99,99,99,4,4,4,4,4,4,4,4,4,4],"floor_reached":16,"playtime":730,"items_purged":[],"score":112,"play_id":"fee6ab4b-2dbe-4e8c-8423-11b31a61a093","local_time":"20190226162643","is_ascension_mode":true,"campfire_choices":[{"floor":11,"key":"REST"},{"data":"Corruption","floor":13,"key":"SMITH"},{"data":"Sentinel","floor":15,"key":"SMITH"}],"neow_cost":"NONE","seed_source_timestamp":916584313181368,"circlet_count":0,"master_deck":["Strike_R","Strike_R","Strike_R","Strike_R","Strike_R","Defend_R","Defend_R","Defend_R","Defend_R","Bash","Sentinel+1","Clash","Corruption+1","Carnage","Entrench","Cleave","Fire Breathing","Thunderclap","Limit Break"],"relics":["Ectoplasm","Du-Vu Doll","Vajra","GremlinMask"],"potions_floor_usage":[6,16],"damage_taken":[{"damage":0,"enemies":"Cultist","floor":1,"turns":3},{"damage":8,"enemies":"2 Louse","floor":2,"turns":3},{"damage":2,"enemies":"Jaw Worm","floor":3,"turns":2},{"damage":3,"enemies":"Blue Slaver","floor":4,"turns":3},{"damage":23,"enemies":"Large Slime","floor":5,"turns":5},{"damage":26,"enemies":"3 Sentries","floor":6,"turns":8},{"damage":6,"enemies":"3 Louse","floor":12,"turns":3},{"damage":39,"enemies":"The Guardian","floor":16,"turns":5}],"seed_played":"-4944598124220154442","potions_obtained":[{"floor":1,"key":"PowerPotion"},{"floor":3,"key":"Ancient Potion"},{"floor":5,"key":"Fire Potion"}],"is_trial":false,"path_per_floor":["M","M","M","M","M","E","$","?","T","?","R","M","R","?","R","B"],"character_chosen":"IRONCLAD","items_purchased":["Fire Breathing","Thunderclap"],"campfire_rested":1,"item_purchase_floors":[7,7],"current_hp_per_floor":[80,72,70,67,44,18,18,18,18,18,42,36,36,36,36,0],"gold":4,"neow_bonus":"BOSS_RELIC","is_prod":false,"is_daily":false,"chose_seed":false,"campfire_upgraded":2,"win_rate":0,"timestamp":1551220003,"path_taken":["M","M","M","M","M","E","$","?","T","?","R","?","R","?","R","BOSS"],"build_version":"2019-01-23","purchased_purges":0,"victory":false,"max_hp_per_floor":[80,80,80,80,80,80,80,80,80,80,80,80,80,80,80,80],"card_choices":[{"not_picked":["Power Through","Intimidate"],"picked":"Sentinel","floor":1},{"not_picked":["Fire Breathing","Armaments"],"picked":"Clash","floor":2},{"not_picked":["Headbutt","Perfected Strike"],"picked":"Corruption","floor":3},{"not_picked":["Warcry","Seeing Red"],"picked":"Carnage","floor":4},{"not_picked":["Thunderclap","Flex"],"picked":"Entrench","floor":5},{"not_picked":["Warcry","Clash"],"picked":"Cleave","floor":6},{"not_picked":["Whirlwind","Sword Boomerang"],"picked":"Limit Break","floor":12}],"player_experience":214349,"relics_obtained":[{"floor":6,"key":"Du-Vu Doll"},{"floor":9,"key":"Vajra"}],"event_choices":[{"damage_healed":0,"gold_gain":0,"player_choice":"Leave","damage_taken":0,"max_hp_gain":0,"max_hp_loss":0,"event_name":"The Cleric","floor":8,"gold_loss":0},{"damage_healed":0,"gold_gain":0,"player_choice":"Ignored","damage_taken":0,"max_hp_gain":0,"max_hp_loss":0,"event_name":"Golden Shrine","floor":10,"gold_loss":0},{"damage_healed":0,"gold_gain":0,"player_choice":"Trade","damage_taken":0,"relics_obtained":["GremlinMask"],"max_hp_gain":0,"max_hp_loss":0,"event_name":"FaceTrader","floor":14,"gold_loss":0}],"is_beta":false,"boss_relics":[],"items_purged_floors":[],"is_endless":false,"potions_floor_spawned":[1,3,5],"killed_by":"The Guardian","ascension_level":2}