{"gold_per_floor":[112,131,56,68,85,120,142,154,166,178,224,250,272,300,312,421,433,458,489,134,134,146,146,146],"floor_reached":24,"playtime":1337,"items_purged":["Shame","Strike_B"],"score":232,"play_id":"938296f3-cbe6-4f84-a95a-e4c86516e1f6","local_time":"20181019180800","is_ascension_mode":true,"campfire_choices":[{"floor":8,"key":"REST"},{"data":"Zap","floor":10,"key":"SMITH"},{"floor":15,"key":"REST"},{"floor":23,"key":"REST"}],"neow_cost":"CURSE","seed_source_timestamp":725932795925100,"circlet_count":0,"master_deck":["Strike_B+1","Strike_B+1","Strike_B+1","Defend_B+1","Defend_B+1","Defend_B+1","Defend_B+1","Zap+1","Dualcast","Biased Cognition","Reinforced Body","Conserve Battery","Capacitor","Redo","Chill","Conserve Battery","Auto Shields","Rebound","Streamline","Cold Snap","Machine Learning","Barrage","White Noise+1","Static Discharge","Rip and Tear"],"relics":["Cracked Core","MawBank","WingedGreaves","Ginger","Philosopher\u0027s Stone","Membership Card","Bag of Preparation"],"potions_floor_usage":[6,11,16,24],"damage_taken":[{"damage":5,"enemies":"2 Louse","floor":1,"turns":3},{"damage":0,"enemies":"Cultist","floor":2,"turns":3},{"damage":0,"enemies":"Jaw Worm","floor":4,"turns":2},{"damage":9,"enemies":"Red Slaver","floor":5,"turns":2},{"damage":18,"enemies":"Lagavulin","floor":6,"turns":6},{"damage":10,"enemies":"Exordium Wildlife","floor":7,"turns":4},{"damage":16,"enemies":"Gremlin Nob","floor":11,"turns":4},{"damage":7,"enemies":"Gremlin Gang","floor":12,"turns":9},{"damage":0,"enemies":"Looter","floor":13,"turns":3},{"damage":0,"enemies":"Blue Slaver","floor":14,"turns":3},{"damage":36,"enemies":"Slime Boss","floor":16,"turns":12},{"damage":18,"enemies":"Spheric Guardian","floor":18,"turns":5},{"damage":33,"enemies":"Shell Parasite","floor":19,"turns":6},{"damage":8,"enemies":"Centurion and Healer","floor":22,"turns":11},{"damage":45,"enemies":"Gremlin Leader","floor":24,"turns":5}],"seed_played":"-4823163288137259032","potions_obtained":[{"floor":1,"key":"Weak Potion"},{"floor":4,"key":"Weak Potion"},{"floor":6,"key":"SteroidPotion"},{"floor":11,"key":"Swift Potion"},{"floor":14,"key":"Fire Potion"},{"floor":19,"key":"Block Potion"}],"is_trial":false,"path_per_floor":["M","M","$","M","M","E","M","R","T","R","?","M","M","M","R","B",null,"M","M","$","?","M","R"],"character_chosen":"DEFECT","items_purchased":["Membership Card","Static Discharge","Bag of Preparation"],"campfire_rested":3,"item_purchase_floors":[20,20,20],"current_hp_per_floor":[70,70,70,70,61,43,33,55,55,55,39,32,32,32,54,18,75,57,24,24,24,16,38,0],"gold":146,"neow_bonus":"THREE_RARE_CARDS","is_prod":false,"is_daily":false,"chose_seed":false,"campfire_upgraded":1,"win_rate":0,"timestamp":1539965280,"path_taken":["M","M","$","M","M","E","M","R","T","R","?","M","?","M","R","BOSS","M","M","$","?","M","R","E"],"build_version":"2018-10-18","purchased_purges":2,"victory":false,"max_hp_per_floor":[75,75,75,75,75,75,75,75,75,75,75,75,75,75,75,75,75,75,75,75,75,75,75,75],"card_choices":[{"not_picked":["Fission","Amplify"],"picked":"Biased Cognition","floor":0},{"not_picked":["Go for the Eyes","Compile Driver"],"picked":"Reinforced Body","floor":1},{"not_picked":["Genetic Algorithm","Reinforced Body"],"picked":"Conserve Battery","floor":2},{"not_picked":["Auto Shields","Gash"],"picked":"Capacitor","floor":4},{"not_picked":["Lockon","Streamline"],"picked":"Redo","floor":5},{"not_picked":["Coolheaded","Cold Snap"],"picked":"Chill","floor":6},{"not_picked":["Undo","Barrage"],"picked":"Conserve Battery","floor":7},{"not_picked":["BootSequence","Steam"],"picked":"Auto Shields","floor":11},{"not_picked":["Stack","Recycle"],"picked":"Rebound","floor":12},{"not_picked":["Stack","Storm"],"picked":"Streamline","floor":13},{"not_picked":["Rebound","Fusion"],"picked":"Cold Snap","floor":14},{"not_picked":["Biased Cognition","Meteor Strike"],"picked":"Machine Learning","floor":16},{"not_picked":["Static Discharge","Coolheaded"],"picked":"Barrage","floor":18},{"not_picked":["Static Discharge+1","Hologram+1"],"picked":"White Noise+1","floor":19},{"not_picked":["Reprogram","Melter+1"],"picked":"Rip and Tear","floor":22}],"player_experience":169366,"relics_obtained":[{"floor":6,"key":"MawBank"},{"floor":9,"key":"WingedGreaves"},{"floor":11,"key":"Ginger"}],"event_choices":[{"damage_healed":0,"gold_gain":30,"player_choice":"Searched \u00272\u0027 times","damage_taken":0,"max_hp_gain":0,"max_hp_loss":0,"event_name":"Dead Adventurer","floor":11,"gold_loss":0},{"damage_healed":0,"gold_gain":0,"player_choice":"Simplicity","damage_taken":0,"max_hp_gain":0,"max_hp_loss":0,"event_name":"Back to Basics","floor":21,"gold_loss":0,"cards_upgraded":["Strike_B","Strike_B","Strike_B","Defend_B","Defend_B","Defend_B","Defend_B"]}],"is_beta":false,"boss_relics":[{"not_picked":["Eternal Feather","Fusion Hammer"],"picked":"Philosopher\u0027s Stone"}],"items_purged_floors":[3,20],"is_endless":false,"potions_floor_spawned":[1,4,6,11,14,19,22],"killed_by":"Gremlin Leader","ascension_level":3}