{"gold_per_floor":[112,112,37,57,57,89,101,101,101,113,113,131,151,151,151,247,247,260,260,260,271,289,289,318,318,344,344,344,9,24,57,57,159,159,173,395,414,414,425,425,137,153,153,153,153,153,153,187,187,187],"floor_reached":50,"playtime":2727,"items_purged":["Strike_B","Strike_B","Strike_B"],"score":513,"play_id":"51b0c293-de38-41f4-82bb-c465deb078c9","local_time":"20190407020240","is_ascension_mode":false,"campfire_choices":[{"data":"Zap","floor":8,"key":"SMITH"},{"data":"Recycle","floor":11,"key":"SMITH"},{"data":"Hologram","floor":15,"key":"SMITH"},{"data":"Defragment","floor":23,"key":"SMITH"},{"data":"Amplify","floor":25,"key":"SMITH"},{"data":"Defragment","floor":27,"key":"SMITH"},{"data":"Capacitor","floor":28,"key":"SMITH"},{"data":"Panacea","floor":32,"key":"SMITH"},{"data":"Echo Form","floor":40,"key":"SMITH"},{"floor":44,"key":"RECALL"},{"data":"Go for the Eyes","floor":46,"key":"SMITH"},{"data":"Chaos","floor":47,"key":"SMITH"},{"data":"Dualcast","floor":49,"key":"SMITH"}],"neow_cost":"NONE","seed_source_timestamp":34885564299472,"circlet_count":0,"master_deck":["Defend_B","Defend_B","Defend_B","Defend_B","Zap+1","Dualcast+1","Hologram+1","FTL","Go for the Eyes+1","Recycle+1","Defragment+1","Amplify+1","Biased Cognition","Conserve Battery","Chill","Capacitor+1","Defragment+1","Defragment+1","Chaos+1","Panacea+1","Melter","Darkness","Go for the Eyes+1","Echo Form+1","Turbo","Writhe","Conserve Battery+1","Self Repair","Thunder Strike","Redo","Hologram+1"],"relics":["Cracked Core","NeowsBlessing","Thread and Needle","WingedGreaves","Blue Candle","Darkstone Periapt","Orrery","Oddly Smooth Stone","Ancient Tea Set","Membership Card","Red Mask","Sozu","Runic Capacitor","Torii"],"potions_floor_usage":[13,16,30,31,48],"damage_taken":[{"damage":0,"enemies":"Small Slimes","floor":1,"turns":1},{"damage":0,"enemies":"2 Louse","floor":4,"turns":1},{"damage":0,"enemies":"Gremlin Nob","floor":6,"turns":1},{"damage":2,"enemies":"Jaw Worm","floor":7,"turns":4},{"damage":5,"enemies":"Exordium Thugs","floor":10,"turns":5},{"damage":0,"enemies":"Blue Slaver","floor":12,"turns":4},{"damage":5,"enemies":"Gremlin Gang","floor":13,"turns":3},{"damage":44,"enemies":"The Guardian","floor":16,"turns":13},{"damage":0,"enemies":"Shell Parasite","floor":18,"turns":13},{"damage":3,"enemies":"Spheric Guardian","floor":21,"turns":4},{"damage":1,"enemies":"Snecko","floor":22,"turns":7},{"damage":14,"enemies":"Book of Stabbing","floor":24,"turns":7},{"damage":0,"enemies":"Cultist and Chosen","floor":30,"turns":4},{"damage":12,"enemies":"Masked Bandits","floor":31,"turns":5},{"damage":10,"enemies":"Automaton","floor":33,"turns":10},{"damage":0,"enemies":"3 Shapes","floor":35,"turns":6},{"damage":9,"enemies":"Orb Walker","floor":37,"turns":4},{"damage":1,"enemies":"4 Shapes","floor":39,"turns":12},{"damage":16,"enemies":"Writhing Mass","floor":42,"turns":10},{"damage":30,"enemies":"Reptomancer","floor":48,"turns":6},{"damage":68,"enemies":"Time Eater","floor":50,"turns":7}],"seed_played":"5199423379111969248","potions_obtained":[{"floor":6,"key":"SpeedPotion"},{"floor":7,"key":"Poison Potion"},{"floor":13,"key":"AttackPotion"},{"floor":18,"key":"Explosive Potion"},{"floor":22,"key":"PowerPotion"},{"floor":31,"key":"Explosive Potion"}],"is_trial":false,"path_per_floor":["M","?","$","M","?","E","M","R","T","M","R","M","M","T","R","B",null,"M","?","?","M","M","R","E","R","T","R","R","$","M","?","R","B",null,"M","?","M","?","M","R","$","M","T","R","?","R","R","E","R","B"],"character_chosen":"DEFECT","items_purchased":["Membership Card","Panacea","Melter","Self Repair","Runic Capacitor","Thunder Strike","Redo"],"campfire_rested":0,"item_purchase_floors":[29,29,29,41,41,41,41],"current_hp_per_floor":[75,68,68,68,65,65,63,63,63,58,58,58,53,53,53,9,75,75,75,75,72,71,71,57,57,57,57,57,57,57,45,45,35,75,75,75,66,81,80,80,80,78,78,78,78,78,78,62,62,0],"gold":187,"neow_bonus":"THREE_ENEMY_KILL","is_prod":false,"is_daily":false,"chose_seed":false,"campfire_upgraded":12,"win_rate":0,"timestamp":1554573760,"path_taken":["M","?","$","M","?","E","M","R","T","M","R","M","M","?","R","BOSS","M","?","?","M","?","R","E","R","T","R","R","$","M","?","R","BOSS","M","?","M","?","?","R","$","M","T","R","?","R","R","E","R","BOSS"],"build_version":"2019-01-23","purchased_purges":3,"victory":false,"max_hp_per_floor":[75,75,75,75,75,75,75,75,75,75,75,75,75,75,75,75,75,75,75,75,75,75,75,75,75,75,75,75,75,75,75,75,75,75,75,75,75,81,81,81,81,81,81,81,81,81,81,81,81,81],"card_choices":[{"not_picked":["Gash","Streamline","Lockon"],"picked":"SKIP","floor":1},{"not_picked":["Fusion","Turbo"],"picked":"Hologram","floor":4},{"not_picked":["Streamline","Blizzard"],"picked":"FTL","floor":6},{"not_picked":["Aggregate","Cold Snap"],"picked":"Go for the Eyes","floor":7},{"not_picked":["Undo","Turbo"],"picked":"Recycle","floor":10},{"not_picked":["White Noise","Steam"],"picked":"Defragment","floor":12},{"not_picked":["Rebound","Streamline"],"picked":"Amplify","floor":13},{"not_picked":["Meteor Strike","Seek"],"picked":"Biased Cognition","floor":16},{"not_picked":["Redo","Doom and Gloom"],"picked":"Conserve Battery","floor":17},{"not_picked":["Sweeping Beam","Lockon"],"picked":"Chill","floor":17},{"not_picked":["Force Field","Streamline"],"picked":"Capacitor","floor":18},{"not_picked":["Reinforced Body","Compile Driver"],"picked":"Defragment","floor":21},{"not_picked":["Hyperbeam","Stack"],"picked":"Defragment","floor":22},{"not_picked":["Streamline","Sweeping Beam"],"picked":"Chaos","floor":24},{"not_picked":["Rebound","Steam"],"picked":"Darkness","floor":30},{"not_picked":["Beam Cell+1","Chill"],"picked":"Go for the Eyes","floor":31},{"not_picked":["All For One","Rainbow"],"picked":"Echo Form","floor":33},{"not_picked":["Defragment+1","Barrage"],"picked":"Turbo","floor":35},{"not_picked":["Ball Lightning","Streamline","Tempest"],"picked":"SKIP","floor":37},{"not_picked":["Hello World","Coolheaded"],"picked":"Conserve Battery+1","floor":39},{"not_picked":["BootSequence+1","Gash"],"picked":"Hologram+1","floor":42},{"not_picked":["Beam Cell+1","Sweeping Beam","Fission"],"picked":"SKIP","floor":48}],"player_experience":930738,"relics_obtained":[{"floor":6,"key":"WingedGreaves"},{"floor":9,"key":"Blue Candle"},{"floor":14,"key":"Darkstone Periapt"},{"floor":24,"key":"Oddly Smooth Stone"},{"floor":26,"key":"Ancient Tea Set"},{"floor":31,"key":"Red Mask"},{"floor":48,"key":"Torii"}],"event_choices":[{"cards_removed":["Strike_B"],"damage_healed":0,"gold_gain":0,"player_choice":"Card Removal","damage_taken":7,"max_hp_gain":0,"max_hp_loss":0,"event_name":"Golden Wing","floor":2,"gold_loss":0},{"damage_healed":0,"gold_gain":0,"player_choice":"Success","damage_taken":3,"relics_obtained":["Thread and Needle"],"max_hp_gain":0,"max_hp_loss":0,"event_name":"Scrap Ooze","floor":5,"gold_loss":0},{"damage_healed":0,"gold_gain":0,"player_choice":"Ignored","damage_taken":0,"max_hp_gain":0,"max_hp_loss":0,"event_name":"Ghosts","floor":19,"gold_loss":0},{"damage_healed":0,"gold_gain":0,"player_choice":"Forge","damage_taken":0,"max_hp_gain":0,"max_hp_loss":0,"event_name":"Accursed Blacksmith","floor":20,"gold_loss":0,"cards_upgraded":["Defragment"]},{"damage_healed":0,"gold_gain":0,"player_choice":"Fought Bandits","damage_taken":0,"max_hp_gain":0,"max_hp_loss":0,"event_name":"Masked Bandits","floor":31,"gold_loss":0},{"damage_healed":0,"gold_gain":222,"player_choice":"Wore Mask","damage_taken":0,"max_hp_gain":0,"max_hp_loss":0,"event_name":"Tomb of Lord Red Mask","floor":36,"gold_loss":0},{"damage_healed":19,"gold_gain":0,"player_choice":"Writhe","damage_taken":0,"max_hp_gain":0,"max_hp_loss":0,"event_name":"Winding Halls","floor":38,"gold_loss":0,"cards_obtained":["Writhe"]},{"damage_healed":0,"gold_gain":0,"player_choice":"Upgraded","damage_taken":0,"max_hp_gain":0,"max_hp_loss":0,"event_name":"Upgrade Shrine","floor":45,"gold_loss":0,"cards_upgraded":["Go for the Eyes"]}],"is_beta":false,"boss_relics":[{"not_picked":["Fusion Hammer","Runic Pyramid"],"picked":"Orrery"},{"not_picked":["FrozenCore","Nuclear Battery"],"picked":"Sozu"}],"items_purged_floors":[3,29,41],"is_endless":false,"potions_floor_spawned":[6,7,13,18,22,31,42],"killed_by":"Time Eater","ascension_level":0}