{"gold_per_floor":[117,40,50,66,76,76,91,91,91,91,91,121,138,12,12,113,113,133,133,133,151,38,38,52,52,52,52,52,52,68,86,86,187,187,204,204,222,54,70,70,89,19,19,34,34,47,47,47],"floor_reached":48,"playtime":2023,"items_purged":["Strike_G","Strike_G"],"score":530,"play_id":"48f9db4d-2724-4281-8b47-ee78df67f689","local_time":"20190407182548","is_ascension_mode":true,"campfire_choices":[{"data":"Neutralize","floor":6,"key":"SMITH"},{"data":"Glass Knife","floor":8,"key":"SMITH"},{"data":"Malaise","floor":15,"key":"SMITH"},{"data":"Burst","floor":23,"key":"SMITH"},{"data":"Well Laid Plans","floor":25,"key":"SMITH"},{"data":"Catalyst","floor":27,"key":"SMITH"},{"data":"Dash","floor":29,"key":"SMITH"},{"data":"Blur","floor":32,"key":"SMITH"},{"data":"Footwork","floor":40,"key":"SMITH"},{"data":"Venomology","floor":47,"key":"SMITH"}],"neow_cost":"NONE","seed_source_timestamp":94573271475970,"circlet_count":0,"master_deck":["Defend_G","Defend_G","Defend_G","Defend_G","Defend_G","Strike_G","Strike_G","Strike_G","Survivor","Neutralize+1","Dash+1","Glass Knife+1","Backstab","Poisoned Stab","Bane","Deadly Poison","Unload","Neutralize","Blur+1","Malaise+1","Backflip","Burst+1","Deflect+1","Noxious Fumes","Flying Knee","Catalyst+1","Well Laid Plans+1","Escape Plan+1","Necronomicurse","PiercingWail","Acrobatics","Corpse Explosion","Calculated Gamble+1","PiercingWail","Deadly Poison+1","Catalyst+1","Poisoned Stab+1","Footwork+1","Tactician+1","Caltrops+1","Catalyst+1","Venomology+1"],"relics":["Ring of the Snake","Bronze Scales","Paper Crane","Mercury Hourglass","Coffee Dripper","Necronomicon","Orrery","Blue Candle"],"potions_floor_usage":[30,33,33,39,48,48],"damage_taken":[{"damage":1,"enemies":"Cultist","floor":1,"turns":3},{"damage":0,"enemies":"2 Louse","floor":3,"turns":2},{"damage":2,"enemies":"Small Slimes","floor":4,"turns":2},{"damage":0,"enemies":"Exordium Thugs","floor":5,"turns":3},{"damage":0,"enemies":"Lots of Slimes","floor":7,"turns":2},{"damage":10,"enemies":"Lagavulin","floor":12,"turns":4},{"damage":0,"enemies":"3 Louse","floor":13,"turns":1},{"damage":9,"enemies":"The Guardian","floor":16,"turns":8},{"damage":1,"enemies":"Spheric Guardian","floor":18,"turns":3},{"damage":1,"enemies":"2 Thieves","floor":21,"turns":4},{"damage":25,"enemies":"Shelled Parasite and Fungi","floor":24,"turns":5},{"damage":0,"enemies":"Snake Plant","floor":30,"turns":3},{"damage":3,"enemies":"Snecko","floor":31,"turns":4},{"damage":13,"enemies":"Automaton","floor":33,"turns":7},{"damage":5,"enemies":"Orb Walker","floor":35,"turns":4},{"damage":9,"enemies":"3 Darklings","floor":37,"turns":2},{"damage":9,"enemies":"Jaw Worm Horde","floor":39,"turns":4},{"damage":0,"enemies":"Maw","floor":41,"turns":6},{"damage":0,"enemies":"Sphere and 2 Shapes","floor":44,"turns":5},{"damage":14,"enemies":"3 Darklings","floor":46,"turns":5},{"damage":61,"enemies":"Transient","floor":48,"turns":5}],"seed_played":"-1665353643949415285","potions_obtained":[{"floor":1,"key":"GhostInAJar"},{"floor":12,"key":"SteroidPotion"},{"floor":13,"key":"Strength Potion"},{"floor":16,"key":"Poison Potion"},{"floor":33,"key":"Energy Potion"},{"floor":37,"key":"Swift Potion"},{"floor":41,"key":"AttackPotion"},{"floor":44,"key":"SpeedPotion"}],"is_trial":false,"path_per_floor":["M","$","M","M","M","R","M","R","T","?","?","E","M","$","R","B",null,"M","?","?","M","$","R","M","R","T","R","?","R","M","M","R","B",null,"M","?","M","$","M","R","M","$","T","M","?","M","R","M"],"character_chosen":"THE_SILENT","items_purchased":["Glass Knife","Backflip","Catalyst","Well Laid Plans","Footwork","Catalyst"],"campfire_rested":0,"item_purchase_floors":[2,14,22,22,38,42],"current_hp_per_floor":[69,69,69,67,67,67,67,67,67,72,72,62,62,62,62,53,75,74,74,60,59,59,59,34,34,34,34,18,18,18,15,15,2,80,75,75,66,66,57,57,57,57,57,57,57,43,43,0],"gold":47,"neow_bonus":"RANDOM_COMMON_RELIC","is_prod":false,"is_daily":false,"chose_seed":false,"campfire_upgraded":10,"win_rate":0,"timestamp":1554632748,"path_taken":["M","$","M","?","M","R","M","R","T","?","?","E","?","?","R","BOSS","M","?","?","?","?","R","M","R","T","R","?","R","M","M","R","BOSS","M","?","M","?","?","R","M","$","T","M","?","M","R","M"],"build_version":"2019-01-23","purchased_purges":2,"victory":false,"max_hp_per_floor":[70,70,70,70,70,70,70,70,70,75,75,75,75,75,75,75,75,75,75,80,80,80,80,80,80,80,80,80,80,80,80,80,80,80,80,80,80,80,80,80,80,80,80,80,80,80,80,80],"card_choices":[{"not_picked":["Prepared","Sucker Punch"],"picked":"Dash","floor":1},{"not_picked":["Outmaneuver","Flying Knee"],"picked":"Backstab","floor":3},{"not_picked":["Deflect","Infinite Blades"],"picked":"Poisoned Stab","floor":4},{"not_picked":["Doppelganger","Setup"],"picked":"Bane","floor":5},{"not_picked":["Blade Dance","Bane"],"picked":"Deadly Poison","floor":7},{"not_picked":["Quick Slash","Dash"],"picked":"Blur","floor":12},{"not_picked":["Quick Slash","Bane"],"picked":"Malaise","floor":13},{"not_picked":["Tools of the Trade","Envenom"],"picked":"Burst","floor":16},{"not_picked":["Quick Slash","Endless Agony"],"picked":"Deflect+1","floor":18},{"not_picked":["Infinite Blades+1","Deflect"],"picked":"Flying Knee","floor":21},{"not_picked":["Dagger Throw+1","Sucker Punch"],"picked":"Escape Plan+1","floor":24},{"not_picked":["Dash","Sucker Punch+1"],"picked":"PiercingWail","floor":30},{"not_picked":["Bane","Deflect"],"picked":"Acrobatics","floor":31},{"not_picked":["Wraith Form v2","Tools of the Trade"],"picked":"Corpse Explosion","floor":33},{"not_picked":["Finisher","Acrobatics"],"picked":"Calculated Gamble+1","floor":34},{"not_picked":["Dodge and Roll","Quick Slash+1"],"picked":"PiercingWail","floor":34},{"not_picked":["Infinite Blades","Quick Slash"],"picked":"Deadly Poison+1","floor":35},{"not_picked":["Well Laid Plans+1","Flying Knee"],"picked":"Poisoned Stab+1","floor":37},{"not_picked":["Crippling Poison","Finisher+1"],"picked":"Tactician+1","floor":39},{"not_picked":["Poisoned Stab","PiercingWail"],"picked":"Caltrops+1","floor":41},{"not_picked":["Blade Dance+1","Tactician","PiercingWail"],"picked":"SKIP","floor":44},{"not_picked":["Poisoned Stab+1","Dagger Spray"],"picked":"Venomology","floor":46}],"player_experience":939983,"relics_obtained":[{"floor":9,"key":"Paper Crane"},{"floor":12,"key":"Mercury Hourglass"},{"floor":28,"key":"Necronomicon"},{"floor":43,"key":"Blue Candle"}],"event_choices":[{"damage_healed":0,"gold_gain":0,"player_choice":"Donut","damage_taken":0,"max_hp_gain":5,"max_hp_loss":0,"event_name":"Big Fish","floor":10,"gold_loss":0},{"damage_healed":0,"gold_gain":0,"player_choice":"2 cards matched","damage_taken":0,"max_hp_gain":0,"max_hp_loss":0,"event_name":"Match and Keep!","floor":11,"gold_loss":0,"cards_obtained":["Unload","Neutralize"]},{"damage_healed":0,"gold_gain":0,"player_choice":"Read","damage_taken":0,"max_hp_gain":0,"max_hp_loss":0,"event_name":"The Library","floor":19,"gold_loss":0,"cards_obtained":["Noxious Fumes"]},{"damage_healed":0,"gold_gain":0,"player_choice":"Shed Blood","damage_taken":19,"max_hp_gain":5,"max_hp_loss":0,"event_name":"Forgotten Altar","floor":20,"gold_loss":0},{"damage_healed":0,"gold_gain":0,"player_choice":"Obtained Book","damage_taken":16,"max_hp_gain":0,"max_hp_loss":0,"event_name":"Cursed Tome","floor":28,"gold_loss":0},{"damage_healed":0,"gold_gain":0,"player_choice":"Copied","damage_taken":0,"max_hp_gain":0,"max_hp_loss":0,"event_name":"Duplicator","floor":36,"gold_loss":0,"cards_obtained":["Catalyst"]},{"damage_healed":0,"gold_gain":0,"player_choice":"Forge","damage_taken":0,"max_hp_gain":0,"max_hp_loss":0,"event_name":"Accursed Blacksmith","floor":45,"gold_loss":0,"cards_upgraded":["Catalyst"]}],"is_beta":false,"boss_relics":[{"not_picked":["Calling Bell","Ectoplasm"],"picked":"Coffee Dripper"},{"not_picked":["Snecko Eye","Lizard Tail"],"picked":"Orrery"}],"items_purged_floors":[14,38],"is_endless":false,"potions_floor_spawned":[1,12,13,16,18,21,33,37,41,44,46],"killed_by":"Transient","ascension_level":2}