{"gold_per_floor":[115,127,141,141,141,141,141,141,192,192,210,242,317,327,327,327],"floor_reached":16,"playtime":659,"items_purged":[],"score":100,"play_id":"3cbe136b-b17f-40ec-b4ee-8332636d5722","local_time":"20190312233009","is_ascension_mode":false,"campfire_choices":[{"data":"Crippling Poison","floor":6,"key":"SMITH"},{"data":"Backflip","floor":8,"key":"SMITH"},{"data":"Crippling Poison","floor":15,"key":"SMITH"}],"neow_cost":"NONE","seed_source_timestamp":1500479274913863,"circlet_count":0,"master_deck":["Defend_G","Defend_G","Defend_G","Defend_G","Defend_G","Strike_G","Strike_G","Strike_G","Strike_G","Survivor","Neutralize+1","Backflip+1","Crippling Poison+1","Backflip","Adrenaline","Crippling Poison+1","PiercingWail"],"relics":["Velvet Choker","Lantern","Meat on the Bone"],"potions_floor_usage":[12,16],"damage_taken":[{"damage":0,"enemies":"Small Slimes","floor":1,"turns":4},{"damage":0,"enemies":"Jaw Worm","floor":2,"turns":3},{"damage":0,"enemies":"2 Louse","floor":3,"turns":3},{"damage":0,"enemies":"2 Fungi Beasts","floor":11,"turns":3},{"damage":11,"enemies":"Gremlin Nob","floor":12,"turns":5},{"damage":0,"enemies":"Large Slime","floor":14,"turns":6},{"damage":44,"enemies":"Hexaghost","floor":16,"turns":16}],"seed_played":"-5410756301675414381","potions_obtained":[{"floor":2,"key":"PowerPotion"},{"floor":3,"key":"PowerPotion"},{"floor":11,"key":"Ancient Potion"}],"is_trial":false,"path_per_floor":["M","M","M","?","?","R","T","R","T","?","M","E","?","M","R","B"],"character_chosen":"THE_SILENT","items_purchased":[],"campfire_rested":0,"item_purchase_floors":[],"current_hp_per_floor":[70,70,70,70,63,63,63,63,63,63,63,52,41,41,41,0],"gold":327,"neow_bonus":"BOSS_RELIC","is_prod":false,"is_daily":false,"chose_seed":false,"campfire_upgraded":3,"win_rate":0,"timestamp":1552404609,"path_taken":["M","M","M","?","?","R","?","R","T","?","M","E","?","M","R","BOSS"],"build_version":"2019-01-23","purchased_purges":0,"victory":false,"max_hp_per_floor":[70,70,70,70,70,70,70,70,70,70,70,70,70,70,70,70],"card_choices":[{"not_picked":["Deflect","Setup"],"picked":"Backflip","floor":1},{"not_picked":["Deflect","Quick Slash"],"picked":"Crippling Poison","floor":2},{"not_picked":["Dodge and Roll","Outmaneuver"],"picked":"Backflip","floor":3},{"not_picked":["Deflect","Caltrops"],"picked":"Adrenaline","floor":11},{"not_picked":["Cloak And Dagger","Sucker Punch"],"picked":"Crippling Poison","floor":12},{"not_picked":["Backflip","Dodge and Roll"],"picked":"PiercingWail","floor":14}],"player_experience":822090,"relics_obtained":[{"floor":9,"key":"Lantern"},{"floor":12,"key":"Meat on the Bone"}],"event_choices":[{"damage_healed":0,"gold_gain":0,"player_choice":"Grow","damage_taken":0,"max_hp_gain":0,"max_hp_loss":0,"event_name":"Living Wall","floor":4,"gold_loss":0,"cards_upgraded":["Neutralize"]},{"cards_removed":["Strike_G"],"damage_healed":0,"gold_gain":0,"player_choice":"Card Removal","damage_taken":7,"max_hp_gain":0,"max_hp_loss":0,"event_name":"Golden Wing","floor":5,"gold_loss":0},{"damage_healed":0,"gold_gain":0,"player_choice":"Ignored","damage_taken":0,"max_hp_gain":0,"max_hp_loss":0,"event_name":"Golden Idol","floor":10,"gold_loss":0},{"damage_healed":0,"gold_gain":75,"player_choice":"Gather Gold","damage_taken":11,"max_hp_gain":0,"max_hp_loss":0,"event_name":"World of Goop","floor":13,"gold_loss":0}],"is_beta":false,"boss_relics":[],"items_purged_floors":[],"is_endless":false,"potions_floor_spawned":[2,3,11],"killed_by":"Hexaghost","ascension_level":0}