{"gold_per_floor":[211,59,9,19,38,68,68,68,144,144,144,6,19,36,36,36],"floor_reached":16,"playtime":353,"items_purged":["Strike_B","Defend_B"],"score":155,"play_id":"a298da29-9f96-439b-b492-058db215b920","local_time":"20181221173127","is_ascension_mode":true,"campfire_choices":[{"data":"Genetic Algorithm","floor":7,"key":"SMITH"},{"data":"Zap","floor":10,"key":"SMITH"},{"floor":15,"key":"REST"}],"neow_cost":"NONE","seed_source_timestamp":32478631857900,"circlet_count":0,"master_deck":["AscendersBane","Strike_B","Strike_B","Defend_B","Defend_B","Zap+1","Dualcast","Barrage","Conserve Battery","Sweeping Beam","Genetic Algorithm+1","Blizzard","Self Repair"],"relics":["Cracked Core","Lantern","Singing Bowl"],"potions_floor_usage":[6,6,16,16],"damage_taken":[{"damage":0,"enemies":"Small Slimes","floor":1,"turns":3},{"damage":0,"enemies":"2 Louse","floor":4,"turns":1},{"damage":6,"enemies":"Jaw Worm","floor":5,"turns":3},{"damage":19,"enemies":"Gremlin Nob","floor":6,"turns":3},{"damage":10,"enemies":"Looter","floor":13,"turns":3},{"damage":9,"enemies":"Blue Slaver","floor":14,"turns":3},{"damage":75,"enemies":"Slime Boss","floor":16,"turns":8}],"seed_played":"-5121768375186632123","potions_obtained":[{"floor":4,"key":"Fire Potion"},{"floor":5,"key":"Poison Potion"},{"floor":6,"key":"Poison Potion"},{"floor":14,"key":"Regen Potion"}],"is_trial":false,"path_per_floor":["M","$","?","M","M","E","R","?","T","R","?","$","M","M","R","B"],"character_chosen":"DEFECT","items_purchased":["Conserve Battery","Sweeping Beam","Self Repair"],"campfire_rested":1,"item_purchase_floors":[2,2,12],"current_hp_per_floor":[68,68,68,68,62,43,43,43,43,43,36,36,35,28,51,0],"gold":36,"neow_bonus":"HUNDRED_GOLD","is_prod":false,"is_daily":false,"chose_seed":false,"campfire_upgraded":2,"win_rate":0,"timestamp":1545409887,"path_taken":["M","$","?","M","M","E","R","?","T","R","?","?","M","M","R","BOSS"],"build_version":"2018-12-20","purchased_purges":2,"victory":false,"max_hp_per_floor":[75,75,75,75,75,75,75,75,75,75,75,75,77,79,79,79],"card_choices":[{"not_picked":["Beam Cell","Hologram"],"picked":"Barrage","floor":1},{"not_picked":["Streamline","Hologram"],"picked":"Genetic Algorithm","floor":4},{"not_picked":["Sunder","Compile Driver"],"picked":"Blizzard","floor":5},{"not_picked":["Melter","Chaos","Reinforced Body"],"picked":"SKIP","floor":6},{"not_picked":["Genetic Algorithm","Rebound","Hello World"],"picked":"Singing Bowl","floor":13},{"not_picked":["Heatsinks","Hello World","Auto Shields"],"picked":"Singing Bowl","floor":14}],"player_experience":301846,"relics_obtained":[{"floor":6,"key":"Lantern"},{"floor":9,"key":"Singing Bowl"}],"event_choices":[{"cards_removed":["Strike_B"],"damage_healed":0,"gold_gain":0,"player_choice":"Card Removal","damage_taken":0,"max_hp_gain":0,"max_hp_loss":0,"event_name":"The Cleric","floor":3,"gold_loss":50},{"damage_healed":0,"gold_gain":0,"player_choice":"Ignored","damage_taken":0,"max_hp_gain":0,"max_hp_loss":0,"event_name":"Liars Game","floor":8,"gold_loss":0},{"cards_removed":["Defend_B"],"damage_healed":0,"gold_gain":0,"player_choice":"Card Removal","damage_taken":7,"max_hp_gain":0,"max_hp_loss":0,"event_name":"Golden Wing","floor":11,"gold_loss":0}],"is_beta":false,"boss_relics":[],"items_purged_floors":[2,12],"is_endless":false,"potions_floor_spawned":[4,5,6,14],"killed_by":"Slime Boss","ascension_level":11}