{"gold_per_floor":[218,233,408,10,10,10,29,61,137,62,62,92,107,125,125,125],"floor_reached":16,"playtime":686,"items_purged":["Doubt"],"score":135,"play_id":"6ec5fce8-9052-4d2a-b945-9b6b8855bb78","local_time":"20190409192927","is_ascension_mode":true,"campfire_choices":[{"data":"Shockwave","floor":6,"key":"SMITH"},{"data":"Whirlwind","floor":11,"key":"SMITH"},{"floor":15,"key":"REST"}],"neow_cost":"NONE","seed_source_timestamp":325153039779200,"circlet_count":0,"master_deck":["Strike_R+1","Strike_R","Strike_R+1","Strike_R","Strike_R","Defend_R","Defend_R+1","Defend_R","Defend_R+1","Bash","Thunderclap","Shockwave+1","Whirlwind+1","Dual Wield"],"relics":["Burning Blood","Blood Vial","Frozen Egg 2","Happy Flower","Tiny Chest","War Paint"],"potions_floor_usage":[8,16],"damage_taken":[{"damage":5,"enemies":"2 Louse","floor":1,"turns":4},{"damage":4,"enemies":"Small Slimes","floor":2,"turns":3},{"damage":4,"enemies":"Jaw Worm","floor":7,"turns":3},{"damage":28,"enemies":"Lagavulin","floor":8,"turns":7},{"damage":0,"enemies":"2 Fungi Beasts","floor":13,"turns":2},{"damage":0,"enemies":"Exordium Wildlife","floor":14,"turns":2},{"damage":81,"enemies":"Hexaghost","floor":16,"turns":12}],"seed_played":"-5049308803302497858","potions_obtained":[{"floor":2,"key":"Block Potion"},{"floor":8,"key":"Block Potion"},{"floor":13,"key":"Energy Potion"}],"is_trial":false,"path_per_floor":["M","M","?","$","?","R","M","E","T","$","R","?","M","M","R","B"],"character_chosen":"IRONCLAD","items_purchased":["Blood Vial","Frozen Egg 2"],"campfire_rested":1,"item_purchase_floors":[4,4],"current_hp_per_floor":[73,75,75,75,59,59,63,43,43,43,43,43,51,59,80,0],"gold":125,"neow_bonus":"HUNDRED_GOLD","is_prod":false,"is_daily":false,"chose_seed":false,"campfire_upgraded":2,"win_rate":0,"timestamp":1554830967,"path_taken":["M","M","?","$","?","R","M","E","T","?","R","?","M","M","R","BOSS"],"build_version":"2019-01-23","purchased_purges":1,"victory":false,"max_hp_per_floor":[80,80,80,80,80,80,80,80,80,80,80,80,80,80,80,80],"card_choices":[{"not_picked":["Sever Soul","Headbutt"],"picked":"Thunderclap","floor":1},{"not_picked":["Iron Wave","Sword Boomerang"],"picked":"Shockwave","floor":2},{"not_picked":["Anger","Battle Trance"],"picked":"Whirlwind","floor":7},{"not_picked":["Wild Strike","Pommel Strike","Reckless Charge"],"picked":"SKIP","floor":8},{"not_picked":["Twin Strike","Clash"],"picked":"Dual Wield","floor":13},{"not_picked":["Perfected Strike","Sword Boomerang","Pommel Strike"],"picked":"SKIP","floor":14}],"player_experience":582146,"relics_obtained":[{"floor":8,"key":"Happy Flower"},{"floor":9,"key":"Tiny Chest"}],"event_choices":[{"damage_healed":0,"gold_gain":175,"player_choice":"AGREE","damage_taken":0,"max_hp_gain":0,"max_hp_loss":0,"event_name":"Liars Game","floor":3,"gold_loss":0,"cards_obtained":["Doubt"]},{"damage_healed":0,"gold_gain":0,"player_choice":"Entered Light","damage_taken":16,"max_hp_gain":0,"max_hp_loss":0,"event_name":"Shining Light","floor":5,"gold_loss":0,"cards_upgraded":["Strike_R","Strike_R"]},{"damage_healed":0,"gold_gain":30,"player_choice":"Searched \u00272\u0027 times","damage_taken":0,"relics_obtained":["War Paint"],"max_hp_gain":0,"max_hp_loss":0,"event_name":"Dead Adventurer","floor":12,"gold_loss":0}],"is_beta":false,"boss_relics":[],"items_purged_floors":[10],"is_endless":false,"potions_floor_spawned":[2,8,13],"killed_by":"Hexaghost","ascension_level":7}