{"path_per_floor":["M","M","$","M","$","R","M","M","T","R","$","R","E","M","R","B",null,"M","?","?","M","$","R","?","M","T","M","$"],"character_chosen":"IRONCLAD","items_purchased":["Bandage Up","Clothesline","Headbutt"],"gold_per_floor":[109,128,25,44,44,44,59,73,124,124,22,22,54,67,67,168,198,164,164,64,84,84,84,84,101,147,167,44],"floor_reached":29,"campfire_rested":1,"playtime":2473,"current_hp_per_floor":[80,76,76,77,77,77,80,86,86,86,86,86,59,71,71,52,103,97,97,97,58,58,88,72,37,37,21,21],"items_purged":["Strike_R","Defend_R"],"gold":44,"score":251,"play_id":"20eb0986-22b6-4fb2-a10c-519132f0c23a","is_prod":false,"is_daily":false,"is_ascension_mode":false,"campfire_upgraded":4,"path_taken":["M","M","$","M","$","R","M","M","T","R","$","R","E","M","R","BOSS","M","?","?","?","$","R","?","M","T","?","?","E"],"build_version":"2018-02-22-PROD2","purchased_purges":3,"victory":false,"master_deck":["Defend_R","Defend_R","Defend_R","Bash+1","Dark Embrace+1","Flex","Feed","Bandage Up","Pommel Strike+1","Warcry","Shrug It Off","Clothesline","Exhume","Armaments+1","Limit Break","Heavy Blade","Reckless Charge","J.A.X.","Shrug It Off+1","Bite","Bite","Bite","Bite","Bite","Pummel","Pummel","Headbutt"],"max_hp_per_floor":[80,80,80,83,83,83,86,89,89,89,89,89,92,98,98,98,103,103,103,103,103,103,103,72,72,72,72,72],"relics":["Burning Blood","Singing Bowl","Lantern","Tiny House","Pen Nib"],"card_choices":[{"not_picked":["Anger","Perfected Strike"],"picked":"Flex"},{"not_picked":["Body Slam","Dropkick"],"picked":"Feed"},{"not_picked":["Burning Pact","Spot Weakness"],"picked":"Pommel Strike"},{"not_picked":["Armaments","Perfected Strike"],"picked":"Warcry"},{"not_picked":["Anger","Iron Wave"],"picked":"Shrug It Off"},{"not_picked":["Flex","Metallicize"],"picked":"Exhume"},{"not_picked":["Flex","Wild Strike"],"picked":"Armaments"},{"not_picked":["Reaper","Brutality"],"picked":"Limit Break"},{"not_picked":["Flex","Sentinel"],"picked":"Heavy Blade"},{"not_picked":["Shockwave","Clash"],"picked":"Reckless Charge"},{"not_picked":["Inflame","Cleave"],"picked":"Shrug It Off"},{"not_picked":["Body Slam","Pommel Strike"],"picked":"Pummel"},{"not_picked":["Evolve","Shrug It Off"],"picked":"Pummel"}],"player_experience":80957,"potions_floor_usage":[16,18,18,21,27,29],"damage_taken":[{"damage":6,"enemies":"Jaw Worm","floor":1,"turns":3},{"damage":10,"enemies":"Cultist","floor":2,"turns":4},{"damage":12,"enemies":"Small Slimes","floor":4,"turns":7},{"damage":10,"enemies":"2 Fungi Beasts","floor":7,"turns":4},{"damage":7,"enemies":"Large Slime","floor":8,"turns":6},{"damage":40,"enemies":"Lagavulin","floor":13,"turns":6},{"damage":4,"enemies":"3 Louse","floor":14,"turns":4},{"damage":37,"enemies":"The Guardian","floor":16,"turns":14},{"damage":20,"enemies":"2 Thieves","floor":18,"turns":5},{"damage":58,"enemies":"3 Byrds","floor":21,"turns":9},{"damage":63,"enemies":"Centurion and Healer","floor":25,"turns":10},{"damage":41,"enemies":"Slaver and Parasite","floor":27,"turns":8},{"damage":21,"enemies":"Book of Stabbing","floor":29,"turns":2}],"event_choices":[{"event_name":"The Lab","player_choice":"Got Potions","floor":19,"damage_taken":0},{"event_name":"Drug Dealer","player_choice":"Got JAXXED","floor":20,"damage_taken":0},{"event_name":"Vampires","player_choice":"Became a vampire","floor":24,"damage_taken":0}],"boss_relics":[{"not_picked":["Velvet Choker","Calling Bell"],"picked":"Tiny House"}],"potions_floor_spawned":[2,7,14,16,18,25],"seed_played":"4199314711844412471","killed_by":"Book of Stabbing","ascension_level":0,"is_trial":false}