{"path_per_floor":["M","?","?","M","M","E","R","M","T","R","?","R","?","M","R","B",null,"M","?","$","M","$","R","T","M","T","M","T","R","M","M","R","B",null,"M","?","?","M","M","R","M","M","T","M","R","$","E","M","R","B"],"character_chosen":"IRONCLAD","items_purchased":["Inflame","Seeing Red","Feed","Shrug It Off","Pear"],"gold_per_floor":[148,148,248,264,282,314,314,332,356,356,431,431,431,446,446,546,546,562,562,205,218,70,70,70,84,108,128,128,128,141,155,155,252,252,272,272,272,284,294,294,313,333,359,371,371,4,34,52,52,52],"floor_reached":51,"campfire_rested":2,"playtime":2491,"current_hp_per_floor":[80,80,80,80,76,52,52,52,52,52,41,41,34,26,50,35,80,80,64,64,55,55,55,55,55,55,51,51,51,55,62,62,9,90,92,92,92,89,93,93,71,60,60,61,90,100,89,89,89,44],"items_purged":["Strike_R","Strike_R","Defend_R"],"gold":52,"score":857,"play_id":"7221e6da-9c52-43be-9a49-cbd46975ccdf","local_time":"20180524223033","is_prod":false,"is_daily":false,"chose_seed":false,"is_ascension_mode":true,"campfire_upgraded":8,"timestamp":1527172233,"campfire_choices":[{"data":"Bash","floor":7,"key":"SMITH"},{"data":"Armaments","floor":10,"key":"SMITH"},{"data":"Shrug It Off","floor":12,"key":"SMITH"},{"floor":15,"key":"REST"},{"data":"Offering","floor":23,"key":"SMITH"},{"data":"Seeing Red","floor":29,"key":"SMITH"},{"data":"Inflame","floor":32,"key":"SMITH"},{"data":"Pommel Strike","floor":40,"key":"SMITH"},{"floor":45,"key":"REST"},{"data":"Limit Break","floor":49,"key":"SMITH"}],"path_taken":["M","?","?","M","M","E","R","M","T","R","?","R","?","M","R","BOSS","M","?","?","M","$","R","?","?","T","M","?","R","M","M","R","BOSS","M","?","?","M","M","R","M","?","T","?","R","$","E","M","R","BOSS"],"build_version":"2018-05-17","seed_source_timestamp":2904351714374,"purchased_purges":4,"victory":true,"master_deck":["Defend_R","Defend_R","Bash+1","Uppercut+1","Rage","Shrug It Off+1","Twin Strike","Armaments+1","Offering+1","Fiend Fire+1","Limit Break+1","Corruption+1","Thunderclap","Inflame+1","Seeing Red+1","Feed","Warcry+1","Shrug It Off","Sword Boomerang","Intimidate+1","Cleave+1","Limit Break+1","Pummel","Offering+1","Whirlwind+1","Pommel Strike+1","Heavy Blade+1","Inflame","Flex+1"],"max_hp_per_floor":[80,80,80,80,80,80,80,80,80,80,80,80,80,80,80,80,80,80,80,80,83,83,83,83,83,83,83,83,83,87,90,90,90,90,93,93,93,93,93,93,93,96,96,99,99,109,116,116,116,116],"relics":["Burning Blood","Tiny Chest","Happy Flower","Orichalcum","Astrolabe","Enchiridion","Omamori","Blood Vial","Bottled Flame","Cursed Key","Ancient Tea Set","Pear","Strawberry"],"card_choices":[{"not_picked":["Thunderclap","True Grit"],"picked":"Uppercut","floor":1},{"not_picked":["Havoc","Dual Wield"],"picked":"Rage","floor":4},{"not_picked":["Cleave","Thunderclap"],"picked":"Shrug It Off","floor":5},{"not_picked":["Rage","Second Wind"],"picked":"Twin Strike","floor":6},{"not_picked":["Flex","Wild Strike"],"picked":"Armaments","floor":8},{"not_picked":["Searing Blow","Heavy Blade","Burning Pact"],"picked":"SKIP","floor":14},{"not_picked":["Exhume","Double Tap"],"picked":"Offering","floor":16},{"not_picked":["Clash","Heavy Blade"],"picked":"Thunderclap","floor":18},{"not_picked":["Feel No Pain+1","Perfected Strike"],"picked":"Warcry+1","floor":21},{"not_picked":["Flame Barrier","Fire Breathing","Warcry"],"picked":"SKIP","floor":25},{"not_picked":["Perfected Strike","Armaments+1"],"picked":"Sword Boomerang","floor":27},{"not_picked":["Anger+1","Evolve"],"picked":"Intimidate+1","floor":30},{"not_picked":["Flex","Flame Barrier+1"],"picked":"Cleave+1","floor":31},{"not_picked":["Berserk","Impervious"],"picked":"Limit Break","floor":33},{"not_picked":["Flame Barrier","Evolve+1"],"picked":"Pummel","floor":35},{"not_picked":["Intimidate+1","Fire Breathing+1"],"picked":"Whirlwind+1","floor":38},{"not_picked":["Power Through","Havoc+1"],"picked":"Pommel Strike","floor":39},{"not_picked":["Clothesline+1","Burning Pact"],"picked":"Heavy Blade+1","floor":41},{"not_picked":["Flex+1","Iron Wave+1"],"picked":"Inflame","floor":42},{"not_picked":["Spot Weakness","Flame Barrier+1","Infernal Blade"],"picked":"SKIP","floor":44},{"not_picked":["Power Through","Evolve+1","Sever Soul"],"picked":"SKIP","floor":47},{"not_picked":["Wild Strike+1","Pommel Strike"],"picked":"Flex+1","floor":48}],"player_experience":656434,"potions_floor_usage":[6,16,30,33,33,33,44,50,50,50],"damage_taken":[{"damage":2,"enemies":"Jaw Worm","floor":1,"turns":3},{"damage":1,"enemies":"Cultist","floor":4,"turns":3},{"damage":10,"enemies":"2 Louse","floor":5,"turns":3},{"damage":30,"enemies":"3 Sentries","floor":6,"turns":9},{"damage":6,"enemies":"Blue Slaver","floor":8,"turns":3},{"damage":14,"enemies":"Lots of Slimes","floor":14,"turns":5},{"damage":21,"enemies":"Hexaghost","floor":16,"turns":9},{"damage":4,"enemies":"Chosen","floor":18,"turns":5},{"damage":18,"enemies":"3 Byrds","floor":21,"turns":5},{"damage":6,"enemies":"Cultist and Chosen","floor":25,"turns":4},{"damage":12,"enemies":"Snake Plant","floor":27,"turns":3},{"damage":8,"enemies":"Centurion and Healer","floor":30,"turns":5},{"damage":4,"enemies":"Sentry and Sphere","floor":31,"turns":4},{"damage":61,"enemies":"Automaton","floor":33,"turns":10},{"damage":7,"enemies":"Orb Walker","floor":35,"turns":4},{"damage":10,"enemies":"3 Darklings","floor":38,"turns":3},{"damage":4,"enemies":"Maw","floor":39,"turns":3},{"damage":28,"enemies":"4 Shapes","floor":41,"turns":1},{"damage":22,"enemies":"Sphere and 2 Shapes","floor":42,"turns":4},{"damage":10,"enemies":"3 Darklings","floor":44,"turns":3},{"damage":26,"enemies":"2 Orb Walkers","floor":47,"turns":3},{"damage":8,"enemies":"Maw","floor":48,"turns":3},{"damage":53,"enemies":"Time Eater","floor":50,"turns":6}],"relics_obtained":[{"floor":6,"key":"Happy Flower"},{"floor":9,"key":"Orichalcum"},{"floor":19,"key":"Enchiridion"},{"floor":24,"key":"Omamori"},{"floor":26,"key":"Blood Vial"},{"floor":28,"key":"Bottled Flame"},{"floor":43,"key":"Ancient Tea Set"},{"floor":47,"key":"Strawberry"}],"event_choices":[{"event_name":"Upgrade Shrine","player_choice":"Upgraded","floor":2,"damage_taken":0},{"event_name":"Golden Shrine","player_choice":"Pray","floor":3,"damage_taken":0},{"event_name":"World of Goop","player_choice":"Gather Gold","floor":11,"damage_taken":0},{"event_name":"Golden Wing","player_choice":"Card Removal","floor":13,"damage_taken":0},{"event_name":"Cursed Tome","player_choice":"Obtained Book","floor":19,"damage_taken":0},{"event_name":"Tomb of Lord Red Mask","player_choice":"Ignored","floor":36,"damage_taken":0},{"event_name":"Duplicator","player_choice":"One dupe","floor":37,"damage_taken":0}],"boss_relics":[{"not_picked":["Runic Cube","Lizard Tail"],"picked":"Astrolabe"},{"not_picked":["Calling Bell","Black Blood"],"picked":"Cursed Key"}],"potions_floor_spawned":[1,6,8,18,27,30,31,39,41,42,44],"seed_played":"4931134389883515052","ascension_level":4,"potions_obtained":[{"floor":1,"key":"Explosive Potion"},{"floor":6,"key":"SpeedPotion"},{"floor":8,"key":"SteroidPotion"},{"floor":18,"key":"FearPotion"},{"floor":27,"key":"AttackPotion"},{"floor":30,"key":"GamblersBrew"},{"floor":31,"key":"Swift Potion"},{"floor":39,"key":"GamblersBrew"},{"floor":41,"key":"Dexterity Potion"},{"floor":42,"key":"PowerPotion"},{"floor":44,"key":"SteroidPotion"}],"is_trial":false}