{"gold_per_floor":[114,114,114,189,208,246,265,303,303,303,303,303,322,22,22,147,147,166,166,185,204,204,242,242,261,261,261,280,299,318,318,318,443,443,462,462,481,500,500,519,557,576,626,646,665,51,70,89,89,89],"floor_reached":51,"playtime":6394,"items_purged":["Normality"],"score":913,"play_id":"2152a3f5-08ee-4ce6-ae90-9f99a89bedb6","local_time":"20190222012613","daily_mods":["Cursed Run","Diverse","Terminal"],"is_ascension_mode":false,"campfire_choices":[{"data":"Pommel Strike","floor":10.0,"key":"SMITH"},{"data":"Zap","floor":12.0,"key":"SMITH"},{"data":"Headbutt","floor":15.0,"key":"SMITH"},{"floor":27,"key":"REST"},{"floor":32,"key":"REST"},{"data":"Hologram","floor":49,"key":"SMITH"}],"neow_cost":"","seed_source_timestamp":0,"circlet_count":0,"master_deck":["Strike_B","Strike_B","Strike_B+1","Strike_B","Defend_B","Defend_B","Defend_B","Defend_B","Zap+1","Dualcast+1","Injury","Pommel Strike+1","Headbutt+1","Capacitor","Clumsy","Parasite","Dagger Throw","Burst+1","Backflip+1","Decay","White Noise+1","Ghostly","Ghostly","Ghostly","Ghostly","Ghostly","Ball Lightning+1","Coolheaded","Writhe","Expertise+1","Redo","Armaments+1","Doubt","Immolate","Beam Cell+1","A Thousand Cuts","Panacea","Hologram+1","Acrobatics+1","Regret","White Noise+1","Riddle With Holes","Blade Dance","Defragment","Master of Strategy","Defragment+1","Regret"],"special_seed":17949,"relics":["Cursed Key","Darkstone Periapt","Du-Vu Doll","Golden Idol","Blue Candle","Bottled Flame","Pen Nib","Lantern","Nuclear Battery","Matryoshka","Anchor","Nloth\u0027s Gift","Centennial Puzzle","War Paint","DataDisk","Black Star","Oddly Smooth Stone","Dream Catcher","Strawberry","Whetstone","Bird Faced Urn","Bronze Scales"],"potions_floor_usage":[33,33,50],"damage_taken":[{"damage":0.0,"enemies":"Small Slimes","floor":1.0,"turns":4.0},{"damage":0.0,"enemies":"Jaw Worm","floor":5.0,"turns":3.0},{"damage":12.0,"enemies":"Lagavulin","floor":6.0,"turns":5.0},{"damage":0.0,"enemies":"2 Louse","floor":7.0,"turns":2.0},{"damage":11.0,"enemies":"Gremlin Nob","floor":8.0,"turns":4.0},{"damage":0.0,"enemies":"Looter","floor":13.0,"turns":2.0},{"damage":20.0,"enemies":"Slime Boss","floor":16.0,"turns":8.0},{"damage":13.0,"enemies":"3 Byrds","floor":18.0,"turns":4.0},{"damage":6.0,"enemies":"Spheric Guardian","floor":20.0,"turns":3.0},{"damage":16.0,"enemies":"Snecko","floor":21.0,"turns":5.0},{"damage":48.0,"enemies":"Gremlin Leader","floor":23.0,"turns":7.0},{"damage":0,"enemies":"Snake Plant","floor":25,"turns":4},{"damage":0,"enemies":"Cultist and Chosen","floor":28,"turns":8},{"damage":0,"enemies":"3 Cultists","floor":29,"turns":4},{"damage":0,"enemies":"Chosen and Byrds","floor":30,"turns":6},{"damage":22,"enemies":"Collector","floor":33,"turns":7},{"damage":0,"enemies":"Orb Walker","floor":35,"turns":2},{"damage":0,"enemies":"3 Shapes","floor":37,"turns":4},{"damage":2,"enemies":"Writhing Mass","floor":38,"turns":5},{"damage":0,"enemies":"4 Shapes","floor":40,"turns":5},{"damage":1,"enemies":"Giant Head","floor":41,"turns":7},{"damage":4,"enemies":"Transient","floor":42,"turns":5},{"damage":6,"enemies":"2 Orb Walkers","floor":44,"turns":6},{"damage":1,"enemies":"Maw","floor":45,"turns":6},{"damage":0,"enemies":"3 Darklings","floor":47,"turns":3},{"damage":1,"enemies":"4 Shapes","floor":48,"turns":3},{"damage":4,"enemies":"Donu and Deca","floor":50,"turns":6}],"seed_played":"3109262383248247929","potions_obtained":[{"floor":1.0,"key":"PowerPotion"},{"floor":6.0,"key":"Energy Potion"},{"floor":7.0,"key":"FocusPotion"},{"floor":8.0,"key":"GamblersBrew"},{"floor":20.0,"key":"FairyPotion"},{"floor":25,"key":"GamblersBrew"},{"floor":28,"key":"PowerPotion"},{"floor":37,"key":"Block Potion"},{"floor":38,"key":"Fire Potion"},{"floor":41,"key":"FearPotion"}],"is_trial":false,"path_per_floor":["M","?","?","?","M","E","M","E","T","R","?","R","M","$","R","B",null,"M","T","M","M","?","E","?","M","T","R","M","M","M","?","R","B",null,"M","?","M","M","?","M","E","M","T","?","M","$","M","M","R","B",null],"character_chosen":"DEFECT","items_purchased":["Lantern","Happy Flower","Bronze Scales","Riddle With Holes","Blade Dance","Defragment","Master of Strategy","Energy Potion"],"campfire_rested":2,"item_purchase_floors":[14,14,46,46,46,46,46,46],"current_hp_per_floor":[73,72,77,66,66,54,54,43,49,49,74,74,74,74,74,60,81,68,74,68,52,40,4,4,4,10,22,22,22,22,22,33,17,40,39,48,47,45,45,44,43,39,52,46,51,51,50,49,48,53],"gold":89,"neow_bonus":"","is_prod":false,"is_daily":true,"chose_seed":false,"campfire_upgraded":4,"win_rate":0,"timestamp":1550820373,"path_taken":["M","?","?","?","M","E","M","E","T","R","?","R","M","?","R","BOSS","M","?","M","M","?","E","?","M","T","R","?","M","M","?","R","BOSS","M","?","?","M","?","M","E","M","T","?","?","$","M","M","R","BOSS"],"build_version":"2019-01-23","purchased_purges":1,"victory":true,"max_hp_per_floor":[73,72,77,76,75,74,73,72,77,76,81,80,79,78,77,82,81,80,85,84,83,40,39,38,37,42,41,40,39,38,37,36,41,40,39,48,47,46,45,44,43,42,54,53,52,51,50,49,48,53],"card_choices":[{"not_picked":["Carnage","Perfected Strike","Gash"],"picked":"SKIP","floor":1.0},{"not_picked":["Disarm","Dodge and Roll"],"picked":"Pommel Strike","floor":5.0},{"not_picked":["Buffer","Rebound"],"picked":"Headbutt","floor":6.0},{"not_picked":["Concentrate","Rupture"],"picked":"Capacitor","floor":7.0},{"not_picked":["Dark Embrace","Anger","Slice"],"picked":"SKIP","floor":8.0},{"not_picked":["PiercingWail","Slice"],"picked":"Dagger Throw","floor":13.0},{"not_picked":["Biased Cognition","Night Terror"],"picked":"Burst","floor":16.0},{"not_picked":["Ball Lightning","Gash+1"],"picked":"Backflip","floor":18.0},{"not_picked":["All Out Attack+1","Turbo"],"picked":"White Noise+1","floor":20.0},{"not_picked":["Go for the Eyes+1","Gash"],"picked":"Thunder Strike","floor":21.0},{"not_picked":["Turbo","Heavy Blade+1"],"picked":"Ball Lightning","floor":23.0},{"not_picked":["Impervious","Capacitor+1"],"picked":"Coolheaded","floor":25},{"not_picked":["Infinite Blades","Body Slam"],"picked":"Expertise+1","floor":28},{"not_picked":["Quick Slash","Iron Wave"],"picked":"Redo","floor":29},{"not_picked":["Clash","Double Energy"],"picked":"Armaments+1","floor":30},{"not_picked":["Grand Finale","Glass Knife"],"picked":"Immolate","floor":33},{"not_picked":["Dagger Spray","Slice"],"picked":"Beam Cell+1","floor":35},{"not_picked":["Searing Blow","Flex","Dodge and Roll"],"picked":"SKIP","floor":37},{"not_picked":["Accuracy+1","Bloodletting"],"picked":"A Thousand Cuts","floor":38},{"not_picked":["Dark Shackles","Good Instincts"],"picked":"Panacea","floor":39},{"not_picked":["Seeing Red","Cloak And Dagger+1"],"picked":"Hologram","floor":40},{"not_picked":["Compile Driver","Poisoned Stab","Double Energy"],"picked":"SKIP","floor":41},{"not_picked":["Anger","Venomology"],"picked":"Acrobatics+1","floor":42},{"not_picked":["Poisoned Stab+1","Barrage"],"picked":"White Noise+1","floor":45},{"not_picked":["Pommel Strike","Leap+1","FTL+1"],"picked":"SKIP","floor":47},{"not_picked":["Pommel Strike","Leap+1","FTL+1"],"picked":"SKIP","floor":47},{"not_picked":["Bane","Ball Lightning+1"],"picked":"Defragment+1","floor":48}],"player_experience":165568,"relics_obtained":[{"floor":6.0,"key":"Blue Candle"},{"floor":8.0,"key":"Bottled Flame"},{"floor":9.0,"key":"Pen Nib"},{"floor":19.0,"key":"Matryoshka"},{"floor":23.0,"key":"Anchor"},{"floor":26,"key":"Centennial Puzzle"},{"floor":26,"key":"War Paint"},{"floor":41,"key":"Oddly Smooth Stone"},{"floor":41,"key":"Dream Catcher"},{"floor":43,"key":"Strawberry"},{"floor":43,"key":"Whetstone"},{"floor":44,"key":"Bird Faced Urn"}],"event_choices":[{"damage_healed":0.0,"max_hp_gain":0.0,"max_hp_loss":0.0,"gold_gain":0.0,"event_name":"Living Wall","player_choice":"Grow","floor":2.0,"gold_loss":0.0,"damage_taken":0.0,"cards_upgraded":["Dualcast"]},{"damage_healed":0.0,"max_hp_gain":0.0,"max_hp_loss":0.0,"gold_gain":0.0,"event_name":"Golden Idol","player_choice":"Take Wound","floor":3.0,"gold_loss":0.0,"damage_taken":0.0,"relics_obtained":["Golden Idol"],"cards_obtained":["Injury"]},{"damage_healed":0.0,"max_hp_gain":0.0,"max_hp_loss":0.0,"gold_gain":75.0,"event_name":"World of Goop","player_choice":"Gather Gold","floor":4.0,"gold_loss":0.0,"damage_taken":11.0},{"damage_healed":19.0,"max_hp_gain":0.0,"max_hp_loss":0.0,"gold_gain":0.0,"event_name":"Mushrooms","player_choice":"Healed and dodged fight","floor":11.0,"gold_loss":0.0,"damage_taken":0.0,"cards_obtained":["Parasite"]},{"damage_healed":0.0,"max_hp_gain":0.0,"max_hp_loss":42.0,"gold_gain":0.0,"event_name":"Ghosts","player_choice":"Became a Ghost","floor":22.0,"gold_loss":0.0,"damage_taken":0.0,"cards_obtained":["Ghostly","Ghostly","Ghostly","Ghostly","Ghostly"]},{"damage_healed":0.0,"max_hp_gain":0.0,"max_hp_loss":0.0,"gold_gain":0.0,"event_name":"N\u0027loth","player_choice":"Traded Relic","floor":24.0,"relics_lost":["Happy Flower"],"gold_loss":0.0,"damage_taken":0.0,"relics_obtained":["Nloth\u0027s Gift"]},{"damage_healed":0,"gold_gain":0,"player_choice":"Opened","damage_taken":0,"relics_obtained":["DataDisk"],"max_hp_gain":0,"max_hp_loss":0,"event_name":"The Mausoleum","floor":31,"gold_loss":0},{"cards_removed":["Thunder Strike"],"damage_healed":0,"gold_gain":0,"player_choice":"Offered Rare","damage_taken":0,"max_hp_gain":10,"max_hp_loss":0,"event_name":"Bonfire Elementals","floor":36,"gold_loss":0},{"damage_healed":0,"gold_gain":0,"player_choice":"Memory 1","damage_taken":0,"max_hp_gain":0,"max_hp_loss":0,"event_name":"SensoryStone","floor":39,"gold_loss":0},{"damage_healed":0,"gold_gain":0,"player_choice":"Fight","damage_taken":0,"max_hp_gain":0,"max_hp_loss":0,"event_name":"Mysterious Sphere","floor":44,"gold_loss":0}],"is_beta":false,"boss_relics":[{"not_picked":["Busted Crown","Empty Cage"],"picked":"Nuclear Battery"},{"not_picked":["Velvet Choker","Coffee Dripper"],"picked":"Black Star"}],"items_purged_floors":[46],"is_endless":false,"potions_floor_spawned":[1,6,7,8,20,25,28,37,38,41,47,48],"ascension_level":0}