{"gold_per_floor":[118,134,35,35,35,35,66,66,66,80,80,115,135,35,35,132,132,149,149,168,168,194,194,226,226,226,241,241,276,276,53,53,158,158,174,19,19,19,19,19,47,47,47,47,64,64,64,164,164,164],"floor_reached":51,"playtime":2878,"items_purged":["Strike_G","Strike_G"],"score":1204,"play_id":"8a4e702b-db10-4984-8eb2-5ed39ca5ec9b","local_time":"20190422231631","is_ascension_mode":true,"campfire_choices":[{"data":"Acrobatics","floor":6.0,"key":"SMITH"},{"data":"Deadly Poison","floor":8.0,"key":"SMITH"},{"data":"Neutralize","floor":11.0,"key":"SMITH"},{"data":"Concentrate","floor":15.0,"key":"SMITH"},{"floor":23.0,"key":"REST"},{"floor":25.0,"key":"REST"},{"data":"Noxious Fumes","floor":30.0,"key":"SMITH"},{"data":"Footwork","floor":32.0,"key":"SMITH"},{"data":"Tactician","floor":40.0,"key":"SMITH"},{"data":"Burst","floor":44,"key":"SMITH"},{"data":"Well Laid Plans","floor":47,"key":"SMITH"},{"data":"Malaise","floor":49,"key":"SMITH"}],"neow_cost":"NONE","seed_source_timestamp":956716824924504,"circlet_count":0,"master_deck":["Defend_G","Defend_G","Defend_G","Defend_G","Defend_G","Strike_G","Strike_G","Survivor","Neutralize+1","Dagger Spray","Prepared","Acrobatics+1","Finisher","Deadly Poison+1","Tactician+1","Concentrate+1","Malaise+1","Footwork+1","Noxious Fumes+1","Backflip","Infinite Blades","Infinite Blades","After Image","Well Laid Plans+1","Burst+1","Noxious Fumes+1","Adrenaline+1","Adrenaline+1","Reflex+1"],"special_seed":0,"relics":["Ring of the Snake","NeowsBlessing","Mummified Hand","Bag of Preparation","Juzu Bracelet","Cursed Key","Paper Crane","Red Mask","Bottled Lightning","Mercury Hourglass","Oddly Smooth Stone","Calling Bell","Potion Belt","Kunai","Tough Bandages"],"potions_floor_usage":[50,50],"damage_taken":[{"damage":0.0,"enemies":"Jaw Worm","floor":1.0,"turns":1.0},{"damage":0.0,"enemies":"Small Slimes","floor":2.0,"turns":1.0},{"damage":0.0,"enemies":"Lagavulin","floor":7.0,"turns":1.0},{"damage":0.0,"enemies":"Cultist","floor":10.0,"turns":3.0},{"damage":21.0,"enemies":"3 Sentries","floor":12.0,"turns":9.0},{"damage":8.0,"enemies":"3 Louse","floor":13.0,"turns":3.0},{"damage":47.0,"enemies":"Hexaghost","floor":16.0,"turns":13.0},{"damage":17.0,"enemies":"Spheric Guardian","floor":18.0,"turns":6.0},{"damage":3.0,"enemies":"3 Byrds","floor":20.0,"turns":6.0},{"damage":17.0,"enemies":"Masked Bandits","floor":22.0,"turns":5.0},{"damage":6.0,"enemies":"Gremlin Leader","floor":24.0,"turns":7.0},{"damage":7.0,"enemies":"Snecko","floor":27.0,"turns":6.0},{"damage":2.0,"enemies":"Book of Stabbing","floor":29.0,"turns":8.0},{"damage":0.0,"enemies":"Automaton","floor":33.0,"turns":11.0},{"damage":0.0,"enemies":"3 Shapes","floor":35.0,"turns":4.0},{"damage":0.0,"enemies":"Nemesis","floor":41.0,"turns":9.0},{"damage":1,"enemies":"Orb Walker","floor":45,"turns":4},{"damage":0,"enemies":"Time Eater","floor":50,"turns":11}],"seed_played":"2477949574680181498","potions_obtained":[{"floor":2.0,"key":"FairyPotion"},{"floor":7.0,"key":"Swift Potion"},{"floor":12.0,"key":"Weak Potion"},{"floor":13.0,"key":"Fruit Juice"},{"floor":16.0,"key":"Ancient Potion"},{"floor":20.0,"key":"SpeedPotion"},{"floor":22.0,"key":"FearPotion"},{"floor":27.0,"key":"Block Potion"},{"floor":41.0,"key":"FearPotion"},{"floor":45,"key":"Poison Potion"}],"is_trial":false,"path_per_floor":["M","M","$","?","?","R","E","R","T","M","R","E","M","$","R","B",null,"M","?","M","?","?","R","E","R","T","M","?","E","R","$","R","B",null,"M","$","?","$","?","R","E","?","T","R","M","$","R","?","R","B",null],"character_chosen":"THE_SILENT","items_purchased":["Acrobatics","Oddly Smooth Stone","Well Laid Plans","Adrenaline"],"campfire_rested":2,"item_purchase_floors":[3,31,31,36],"current_hp_per_floor":[63,63,63,63,63,63,63,63,63,63,63,42,39,39,39,4,57,40,40,37,37,20,42,36,58,58,51,51,49,49,49,49,49,69,69,69,69,69,69,69,69,69,69,69,68,68,68,68,68,68],"gold":164,"neow_bonus":"THREE_ENEMY_KILL","is_prod":false,"is_daily":false,"chose_seed":false,"campfire_upgraded":10,"win_rate":0,"timestamp":1555942591,"path_taken":["M","M","$","?","?","R","E","R","T","M","R","E","M","$","R","BOSS","M","?","M","?","?","R","E","R","T","M","?","E","R","$","R","BOSS","M","$","?","$","?","R","E","?","T","R","M","$","R","?","R","BOSS"],"build_version":"2019-01-23","purchased_purges":2,"victory":true,"max_hp_per_floor":[70,70,70,70,70,70,70,70,70,70,70,70,75,75,75,75,75,75,75,75,75,75,75,75,75,75,75,75,75,75,75,75,75,75,75,75,75,75,71,71,71,71,71,71,71,71,71,71,71,71],"card_choices":[{"not_picked":["Underhanded Strike","Dagger Throw"],"picked":"Dagger Spray","floor":1.0},{"not_picked":["Deflect","Bane"],"picked":"Prepared","floor":2.0},{"not_picked":["Underhanded Strike","Wraith Form v2"],"picked":"Deadly Poison","floor":7.0},{"not_picked":["Outmaneuver","Underhanded Strike","Prepared"],"picked":"SKIP","floor":10.0},{"not_picked":["A Thousand Cuts","PiercingWail"],"picked":"Tactician","floor":12.0},{"not_picked":["Flying Knee","Deadly Poison"],"picked":"Concentrate","floor":13.0},{"not_picked":["Storm of Steel","A Thousand Cuts"],"picked":"Malaise","floor":16.0},{"not_picked":["Outmaneuver","Flying Knee+1"],"picked":"Footwork","floor":18.0},{"not_picked":["Outmaneuver","Prepared+1"],"picked":"Backflip","floor":20.0},{"not_picked":["Sucker Punch","Heel Hook"],"picked":"Infinite Blades","floor":24.0},{"not_picked":["Bane","Concentrate"],"picked":"Infinite Blades","floor":27.0},{"not_picked":["Blade Dance","Acrobatics"],"picked":"After Image","floor":29.0},{"not_picked":["Venomology","Envenom"],"picked":"Burst","floor":33.0},{"not_picked":["All Out Attack","Flying Knee+1"],"picked":"Noxious Fumes+1","floor":35.0},{"not_picked":["Prepared","Dodge and Roll+1","Concentrate+1"],"picked":"SKIP","floor":41.0},{"not_picked":["Deflect","Caltrops"],"picked":"Reflex+1","floor":45}],"player_experience":671655,"relics_obtained":[{"floor":7.0,"key":"Mummified Hand"},{"floor":9.0,"key":"Bag of Preparation"},{"floor":12.0,"key":"Juzu Bracelet"},{"floor":22.0,"key":"Red Mask"},{"floor":24.0,"key":"Bottled Lightning"},{"floor":29.0,"key":"Mercury Hourglass"},{"floor":34.0,"key":"Potion Belt"},{"floor":34.0,"key":"Kunai"},{"floor":34.0,"key":"Tough Bandages"}],"event_choices":[{"damage_healed":0.0,"max_hp_gain":0.0,"max_hp_loss":0.0,"gold_gain":0.0,"cards_transformed":["Strike_G"],"event_name":"Living Wall","player_choice":"Change","floor":4.0,"gold_loss":0.0,"damage_taken":0.0,"cards_obtained":["Finisher"]},{"damage_healed":0.0,"max_hp_gain":0.0,"max_hp_loss":0.0,"gold_gain":0.0,"event_name":"The Cleric","player_choice":"Leave","floor":5.0,"gold_loss":0.0,"damage_taken":0.0},{"damage_healed":0.0,"max_hp_gain":0.0,"max_hp_loss":0.0,"gold_gain":0.0,"event_name":"The Library","player_choice":"Read","floor":19.0,"gold_loss":0.0,"damage_taken":0.0,"cards_obtained":["Noxious Fumes"]},{"damage_healed":0.0,"max_hp_gain":0.0,"max_hp_loss":0.0,"gold_gain":0.0,"event_name":"WeMeetAgain","player_choice":"Gave Potion","floor":21.0,"gold_loss":0.0,"damage_taken":0.0,"relics_obtained":["Paper Crane"]},{"damage_healed":0.0,"max_hp_gain":0.0,"max_hp_loss":0.0,"gold_gain":0.0,"event_name":"Masked Bandits","player_choice":"Fought Bandits","floor":22.0,"gold_loss":0.0,"damage_taken":0.0},{"damage_healed":0.0,"max_hp_gain":0.0,"max_hp_loss":0.0,"gold_gain":0.0,"event_name":"Vampires","player_choice":"Ignored","floor":28.0,"gold_loss":0.0,"damage_taken":0.0},{"damage_healed":0.0,"max_hp_gain":0.0,"max_hp_loss":0.0,"gold_gain":0.0,"event_name":"Upgrade Shrine","player_choice":"Upgraded","floor":37.0,"gold_loss":0.0,"damage_taken":0.0,"cards_upgraded":["Adrenaline"]},{"damage_healed":0.0,"max_hp_gain":0.0,"max_hp_loss":4.0,"gold_gain":0.0,"event_name":"Winding Halls","player_choice":"Max HP","floor":39.0,"gold_loss":0.0,"damage_taken":0.0},{"damage_healed":0.0,"max_hp_gain":0.0,"max_hp_loss":0.0,"gold_gain":0.0,"event_name":"Duplicator","player_choice":"Copied","floor":42.0,"gold_loss":0.0,"damage_taken":0.0,"cards_obtained":["Adrenaline"]},{"damage_healed":0,"gold_gain":100,"player_choice":"Pray","damage_taken":0,"max_hp_gain":0,"max_hp_loss":0,"event_name":"Golden Shrine","floor":48,"gold_loss":0}],"is_beta":false,"boss_relics":[{"not_picked":["Tiny House","Runic Dome"],"picked":"Cursed Key"},{"not_picked":["Lizard Tail","Pandora\u0027s Box"],"picked":"Calling Bell"}],"items_purged_floors":[3,14],"is_endless":false,"potions_floor_spawned":[2,7,12,13,16,20,22,27,29,41,45],"ascension_level":9}