{"gold_per_floor":[109,128,128,128,143,158,168,188,212,212,36,52,70,89,89,192,242,254,266,266,280,280,295,295,305,305,8,8,21,50,62,62,166,166,183,198,214,214],"floor_reached":38,"playtime":5996,"items_purged":["Defend_G"],"score":448,"play_id":"124f20dd-99a9-4e48-a224-9618117bf359","local_time":"20180922212738","is_ascension_mode":false,"campfire_choices":[{"floor":10,"key":"REST"},{"data":"Noxious Fumes","floor":15,"key":"SMITH"},{"floor":24,"key":"REST"},{"floor":28,"key":"REST"},{"floor":32,"key":"REST"}],"neow_cost":"NONE","seed_source_timestamp":46116315986294,"circlet_count":0,"master_deck":["Defend_G","Defend_G","Defend_G","Strike_G","Strike_G","Strike_G","Strike_G","Strike_G","Survivor","Neutralize","Outmaneuver","PiercingWail","Dodge and Roll","Acrobatics","PiercingWail","Backflip+1","Prepared","Noxious Fumes+1","Outmaneuver","Caltrops","Dagger Spray","Backflip","A Thousand Cuts","Footwork","Deflect","Caltrops","Footwork+1","Dodge and Roll+1","Well Laid Plans","Backflip","PiercingWail","Poisoned Stab+1","Quick Slash+1","Noxious Fumes+1","Adrenaline","Blade Dance+1","Blade Dance+1","Backflip"],"relics":["Ring of the Snake","Potion Belt","Boot","Tiny House","Snake Skull","Enchiridion","Blood Vial","Regal Pillow","Bag of Marbles","White Beast Statue"],"potions_floor_usage":[16,21,21,23,23,31,37,37],"damage_taken":[{"damage":0,"enemies":"Small Slimes","floor":1,"turns":5},{"damage":0,"enemies":"2 Louse","floor":2,"turns":3},{"damage":3,"enemies":"Jaw Worm","floor":5,"turns":10},{"damage":0,"enemies":"Exordium Wildlife","floor":6,"turns":7},{"damage":12,"enemies":"Large Slime","floor":7,"turns":12},{"damage":0,"enemies":"3 Louse","floor":8,"turns":5},{"damage":2,"enemies":"Blue Slaver","floor":12,"turns":6},{"damage":0,"enemies":"Gremlin Gang","floor":13,"turns":6},{"damage":8,"enemies":"3 Louse","floor":14,"turns":3},{"damage":25,"enemies":"The Guardian","floor":16,"turns":13},{"damage":9,"enemies":"3 Byrds","floor":18,"turns":5},{"damage":21,"enemies":"Chosen","floor":19,"turns":6},{"damage":7,"enemies":"3 Cultists","floor":21,"turns":6},{"damage":13,"enemies":"Snecko","floor":23,"turns":8},{"damage":17,"enemies":"Sentry and Sphere","floor":25,"turns":10},{"damage":8,"enemies":"Centurion and Healer","floor":29,"turns":8},{"damage":16,"enemies":"Slavers","floor":30,"turns":7},{"damage":26,"enemies":"Snecko","floor":31,"turns":8},{"damage":13,"enemies":"Champ","floor":33,"turns":15},{"damage":29,"enemies":"3 Shapes","floor":35,"turns":6},{"damage":0,"enemies":"3 Darklings","floor":36,"turns":5},{"damage":35,"enemies":"Sphere and 2 Shapes","floor":37,"turns":5},{"damage":72,"enemies":"Transient","floor":38,"turns":4}],"seed_played":"-4520436283209740716","potions_obtained":[{"floor":5,"key":"FairyPotion"},{"floor":6,"key":"SkillPotion"},{"floor":12,"key":"GamblersBrew"},{"floor":13,"key":"GhostInAJar"},{"floor":14,"key":"EssenceOfSteel"},{"floor":17,"key":"Swift Potion"},{"floor":19,"key":"EssenceOfSteel"},{"floor":23,"key":"GamblersBrew"},{"floor":30,"key":"SkillPotion"},{"floor":33,"key":"Ancient Potion"},{"floor":35,"key":"Regen Potion"},{"floor":36,"key":"Regen Potion"},{"floor":37,"key":"FearPotion"}],"is_trial":false,"path_per_floor":["M","M","?","?","M","M","M","M","T","R","$","M","M","M","R","B",null,"M","M","?","M","?","M","R","M","T","$","R","M","E","M","R","B",null,"M","M","M"],"character_chosen":"THE_SILENT","items_purchased":["Noxious Fumes","Outmaneuver","Well Laid Plans","Backflip","PiercingWail","Regal Pillow"],"campfire_rested":4,"item_purchase_floors":[11,11,27,27,27,27],"current_hp_per_floor":[70,70,52,45,42,42,30,30,30,51,51,49,49,41,41,16,75,66,45,45,38,22,9,31,14,14,14,51,45,31,7,44,33,75,46,48,37,0],"gold":214,"neow_bonus":"THREE_CARDS","is_prod":false,"is_daily":false,"chose_seed":false,"campfire_upgraded":1,"win_rate":0.0,"timestamp":1537644458,"path_taken":["M","M","?","?","M","M","M","M","T","R","?","M","M","M","R","BOSS","M","M","?","M","?","?","R","M","T","$","R","M","E","M","R","BOSS","M","M","M","M"],"build_version":"2018-09-20","purchased_purges":1,"victory":false,"max_hp_per_floor":[70,70,70,70,70,70,70,70,70,70,70,70,70,70,70,70,75,75,75,75,75,75,75,75,75,75,75,75,75,75,75,75,75,75,75,75,75,75],"card_choices":[{"not_picked":["Blade Dance","Poisoned Stab"],"picked":"Outmaneuver","floor":0},{"not_picked":["Predator","Bane"],"picked":"PiercingWail","floor":1},{"not_picked":["Finisher","Underhanded Strike"],"picked":"Dodge and Roll","floor":2},{"not_picked":["Quick Slash","PiercingWail"],"picked":"Acrobatics","floor":5},{"not_picked":["Distraction","Terror"],"picked":"PiercingWail","floor":6},{"not_picked":["Prepared","Bane"],"picked":"Backflip","floor":7},{"not_picked":["Underhanded Strike","Reflex"],"picked":"Prepared","floor":8},{"not_picked":["Flying Knee","Reflex"],"picked":"Caltrops","floor":12},{"not_picked":["Phantasmal Killer","Bane"],"picked":"Dagger Spray","floor":13},{"not_picked":["Sucker Punch","Quick Slash"],"picked":"Backflip","floor":14},{"not_picked":["Night Terror","Corpse Explosion"],"picked":"A Thousand Cuts","floor":16},{"not_picked":["Flechettes","Riddle With Holes"],"picked":"Footwork","floor":17},{"not_picked":["Dagger Throw","Prepared+1"],"picked":"Deflect","floor":18},{"not_picked":["Leg Sweep","Endless Agony"],"picked":"Caltrops","floor":19},{"not_picked":["Masterful Stab","Slice+1"],"picked":"Footwork+1","floor":21},{"not_picked":["Dagger Throw+1","Eviscerate"],"picked":"Dodge and Roll+1","floor":23},{"not_picked":["Sucker Punch","Quick Slash+1","Dagger Throw"],"picked":"SKIP","floor":25},{"not_picked":["Flying Knee+1","Masterful Stab+1"],"picked":"Poisoned Stab+1","floor":29},{"not_picked":["Sucker Punch","Terror"],"picked":"Quick Slash+1","floor":30},{"not_picked":["Crippling Poison","Flying Knee+1"],"picked":"Noxious Fumes+1","floor":31},{"not_picked":["Unload","Phantasmal Killer"],"picked":"Adrenaline","floor":33},{"not_picked":["Finisher","Underhanded Strike+1"],"picked":"Blade Dance+1","floor":35},{"not_picked":["Dagger Throw","Flying Knee"],"picked":"Blade Dance+1","floor":36},{"not_picked":["Underhanded Strike+1","Endless Agony"],"picked":"Backflip","floor":37}],"player_experience":30116,"relics_obtained":[{"floor":9,"key":"Boot"},{"floor":22,"key":"Enchiridion"},{"floor":26,"key":"Blood Vial"},{"floor":30,"key":"Bag of Marbles"}],"event_choices":[{"event_name":"Scrap Ooze","player_choice":"success","floor":3,"damage_taken":18},{"event_name":"Golden Wing","player_choice":"Card Removal","floor":4,"damage_taken":0},{"event_name":"The Mausoleum","player_choice":"Yes","floor":20,"damage_taken":0},{"event_name":"Cursed Tome","player_choice":"Obtained Book","floor":22,"damage_taken":0}],"is_beta":false,"boss_relics":[{"not_picked":["Lizard Tail","Runic Dome"],"picked":"Tiny House"},{"not_picked":["Calling Bell","Philosopher\u0027s Stone"],"picked":"White Beast Statue"}],"items_purged_floors":[11],"is_endless":false,"potions_floor_spawned":[5,6,12,13,14,19,23,30,33,35,36,37],"killed_by":"Transient","ascension_level":0}