{"gold_per_floor":[109,121,135,146,159,159,111,130,130,130,159,171,13,31,31,135,135,154,154,180,197,208,208,224,243,243,243,277,297,309,309,309,406,406,422,471,482,502,548,548,548,560,633,647,747,766,766,779,779,779],"floor_reached":51,"playtime":2986,"items_purged":["Strike_R"],"score":704,"play_id":"16d14293-9c4e-443c-aebf-7b8a9094014c","local_time":"20190322022711","is_ascension_mode":false,"campfire_choices":[{"data":"Bash","floor":6,"key":"SMITH"},{"data":"Inflame","floor":10,"key":"SMITH"},{"data":"Flex","floor":15,"key":"SMITH"},{"data":"Limit Break","floor":23,"key":"SMITH"},{"data":"Body Slam","floor":27,"key":"SMITH"},{"data":"Shrug It Off","floor":32,"key":"SMITH"},{"data":"Sword Boomerang","floor":40,"key":"SMITH"},{"data":"Panacea","floor":49,"key":"SMITH"}],"neow_cost":"PERCENT_DAMAGE","seed_source_timestamp":94863555567446,"circlet_count":0,"master_deck":["Strike_R","Strike_R","Defend_R","Defend_R","Defend_R","Defend_R","Bash+1","Flex+1","Flex","Clash","Inflame+1","Headbutt","Shrug It Off+1","Rampage","Intimidate","Flash of Steel","Sword Boomerang+1","Limit Break+1","Body Slam+1","Shrug It Off+1","Disarm+1","True Grit+1","Pummel+1","Second Wind+1","Twin Strike","Brutality","Iron Wave+1","Dual Wield+1","Burning Pact","True Grit+1","Panache","Panacea+1"],"relics":["Burning Blood","Bird Faced Urn","Bottled Flame","Magic Flower","Sozu","Self Forming Clay","Bottled Tornado","Busted Crown","Oddly Smooth Stone","Dead Branch","Dodecahedron","Charon\u0027s Ashes"],"potions_floor_usage":[16,16,33,50],"damage_taken":[{"damage":6,"enemies":"Jaw Worm","floor":1,"turns":3},{"damage":2,"enemies":"Small Slimes","floor":2,"turns":4},{"damage":1,"enemies":"Cultist","floor":3,"turns":4},{"damage":43,"enemies":"Gremlin Gang","floor":4,"turns":7},{"damage":1,"enemies":"2 Fungi Beasts","floor":5,"turns":3},{"damage":2,"enemies":"Blue Slaver","floor":8,"turns":2},{"damage":18,"enemies":"Lagavulin","floor":11,"turns":5},{"damage":12,"enemies":"Gremlin Gang","floor":12,"turns":4},{"damage":5,"enemies":"Looter","floor":14,"turns":3},{"damage":0,"enemies":"Slime Boss","floor":16,"turns":6},{"damage":0,"enemies":"3 Byrds","floor":18,"turns":6},{"damage":15,"enemies":"Shell Parasite","floor":21,"turns":3},{"damage":28,"enemies":"Shelled Parasite and Fungi","floor":22,"turns":5},{"damage":5,"enemies":"Chosen and Byrds","floor":24,"turns":5},{"damage":21,"enemies":"Snake Plant","floor":25,"turns":2},{"damage":4,"enemies":"Gremlin Leader","floor":28,"turns":6},{"damage":0,"enemies":"Centurion and Healer","floor":29,"turns":5},{"damage":5,"enemies":"Chosen and Byrds","floor":30,"turns":3},{"damage":69,"enemies":"Champ","floor":33,"turns":9},{"damage":17,"enemies":"3 Darklings","floor":35,"turns":8},{"damage":7,"enemies":"3 Shapes","floor":37,"turns":5},{"damage":11,"enemies":"Maw","floor":38,"turns":7},{"damage":26,"enemies":"2 Orb Walkers","floor":39,"turns":4},{"damage":3,"enemies":"Transient","floor":42,"turns":5},{"damage":17,"enemies":"Writhing Mass","floor":44,"turns":5},{"damage":3,"enemies":"Mind Bloom Boss Battle","floor":45,"turns":6},{"damage":8,"enemies":"3 Darklings","floor":46,"turns":3},{"damage":22,"enemies":"4 Shapes","floor":48,"turns":4},{"damage":43,"enemies":"Awakened One","floor":50,"turns":8}],"seed_played":"-1566922080065397003","potions_obtained":[{"floor":8,"key":"BloodPotion"},{"floor":12,"key":"FearPotion"},{"floor":14,"key":"Block Potion"},{"floor":16,"key":"Strength Potion"}],"is_trial":false,"path_per_floor":["M","M","M","M","M","R","$","M","T","R","E","M","$","M","R","B",null,"M","?","T","M","M","R","M","M","T","R","E","M","M","?","R","B",null,"M","T","M","M","?","R","?","M","T","M","?","M","?","M","R","B",null],"character_chosen":"IRONCLAD","items_purchased":["Headbutt","Flash of Steel"],"campfire_rested":0,"item_purchase_floors":[7,13],"current_hp_per_floor":[56,60,65,28,33,33,33,37,37,37,27,27,27,34,34,58,80,80,80,80,77,61,61,68,59,59,59,67,79,80,80,80,20,80,75,75,80,80,63,63,63,80,80,78,80,80,75,70,70,42],"gold":779,"neow_bonus":"ONE_RARE_RELIC","is_prod":false,"is_daily":false,"chose_seed":false,"campfire_upgraded":8,"win_rate":0,"timestamp":1553192831,"path_taken":["M","M","M","M","M","R","$","M","T","R","E","M","$","M","R","BOSS","M","?","?","M","M","R","M","M","T","R","E","M","M","?","R","BOSS","M","?","?","M","?","R","?","M","T","?","?","M","?","M","R","BOSS"],"build_version":"2019-01-23","purchased_purges":1,"victory":true,"max_hp_per_floor":[80,80,80,80,80,80,80,80,80,80,80,80,80,80,80,80,80,80,80,80,80,80,80,80,80,80,80,80,80,80,80,80,80,80,80,80,80,80,80,80,80,80,80,80,80,80,80,80,80,80],"card_choices":[{"not_picked":["Headbutt","Body Slam"],"picked":"Flex","floor":1},{"not_picked":["Cleave","Power Through","Clothesline"],"picked":"SKIP","floor":2},{"not_picked":["Pummel","Wild Strike"],"picked":"Flex","floor":3},{"not_picked":["Feel No Pain","Shockwave"],"picked":"Clash","floor":4},{"not_picked":["True Grit","Shockwave"],"picked":"Inflame","floor":5},{"not_picked":["Sword Boomerang","Entrench"],"picked":"Shrug It Off","floor":8},{"not_picked":["Impervious","Sword Boomerang"],"picked":"Rampage","floor":11},{"not_picked":["Pommel Strike","Power Through"],"picked":"Intimidate","floor":12},{"not_picked":["Rampage","Clash"],"picked":"Sword Boomerang","floor":14},{"not_picked":["Juggernaut","Reaper"],"picked":"Limit Break","floor":16},{"not_picked":["Pommel Strike","Bloodletting"],"picked":"Body Slam","floor":18},{"not_picked":["Headbutt","Havoc"],"picked":"Shrug It Off","floor":21},{"not_picked":["Sentinel+1","Cleave","Thunderclap"],"picked":"SKIP","floor":22},{"not_picked":["Feel No Pain","Havoc+1"],"picked":"Disarm+1","floor":24},{"not_picked":["Pommel Strike","Body Slam"],"picked":"True Grit+1","floor":25},{"not_picked":["True Grit","Feel No Pain"],"picked":"Pummel+1","floor":28},{"not_picked":["Rupture","Dropkick"],"picked":"Second Wind+1","floor":29},{"not_picked":["Fire Breathing","Immolate"],"picked":"Twin Strike","floor":30},{"not_picked":["Bludgeon","Barricade"],"picked":"Brutality","floor":33},{"not_picked":[],"picked":"Iron Wave+1","floor":35},{"not_picked":["Shrug It Off"],"picked":"SKIP","floor":37},{"not_picked":[],"picked":"Dual Wield+1","floor":38},{"not_picked":[],"picked":"True Grit+1","floor":42},{"not_picked":["Thunderclap"],"picked":"SKIP","floor":44},{"not_picked":["Clothesline+1"],"picked":"SKIP","floor":46},{"not_picked":[],"picked":"Panache","floor":47},{"not_picked":[],"picked":"Panacea","floor":47},{"not_picked":["Clothesline+1"],"picked":"SKIP","floor":48}],"player_experience":890389,"relics_obtained":[{"floor":9,"key":"Bottled Flame"},{"floor":11,"key":"Magic Flower"},{"floor":26,"key":"Self Forming Clay"},{"floor":28,"key":"Bottled Tornado"},{"floor":36,"key":"Oddly Smooth Stone"},{"floor":39,"key":"Dead Branch"},{"floor":43,"key":"Dodecahedron"},{"floor":45,"key":"Charon\u0027s Ashes"}],"event_choices":[{"cards_removed":["Strike_R"],"damage_healed":0,"gold_gain":0,"player_choice":"Elegance","damage_taken":0,"max_hp_gain":0,"max_hp_loss":0,"event_name":"Back to Basics","floor":19,"gold_loss":0},{"damage_healed":0,"gold_gain":0,"player_choice":"Forge","damage_taken":0,"max_hp_gain":0,"max_hp_loss":0,"event_name":"Accursed Blacksmith","floor":31,"gold_loss":0,"cards_upgraded":["Shrug It Off"]},{"damage_healed":0,"gold_gain":0,"player_choice":"Fight","damage_taken":0,"max_hp_gain":0,"max_hp_loss":0,"event_name":"Mysterious Sphere","floor":39,"gold_loss":0},{"damage_healed":0,"gold_gain":0,"cards_transformed":["Strike_R"],"player_choice":"Transformed","damage_taken":0,"max_hp_gain":0,"max_hp_loss":0,"event_name":"Transmorgrifier","floor":41,"gold_loss":0,"cards_obtained":["Burning Pact"]},{"damage_healed":0,"gold_gain":0,"player_choice":"Fight","damage_taken":0,"max_hp_gain":0,"max_hp_loss":0,"event_name":"MindBloom","floor":45,"gold_loss":0},{"damage_healed":0,"gold_gain":0,"player_choice":"Memory 2","damage_taken":5,"max_hp_gain":0,"max_hp_loss":0,"event_name":"SensoryStone","floor":47,"gold_loss":0}],"is_beta":false,"boss_relics":[{"not_picked":["Velvet Choker","Mark of Pain"],"picked":"Sozu"},{"not_picked":["Runic Pyramid","Lizard Tail"],"picked":"Busted Crown"}],"items_purged_floors":[13],"is_endless":false,"potions_floor_spawned":[8,12,14,16,21,24,29,30,33,37,38,44,45,48],"ascension_level":0}