{"gold_per_floor":[110,125,139,155,174,174,174,174,174,174,187,203,230,247,247,343,343,353,353,366,237,237,237,255,255,285,38,138,138,148,167,167,269,269,289,164,183,198,198,215,232,232,232,232,266,266,279,279,279,279],"floor_reached":50,"playtime":3727,"items_purged":["Strike_G","Doubt","Writhe"],"score":553,"play_id":"9290ccea-ae85-49df-b500-c17bdf95e539","local_time":"20190227012952","is_ascension_mode":false,"campfire_choices":[{"data":"Storm of Steel","floor":6,"key":"SMITH"},{"data":"Well Laid Plans","floor":8,"key":"SMITH"},{"data":"Neutralize","floor":10,"key":"SMITH"},{"data":"Catalyst","floor":15,"key":"SMITH"},{"data":"Envenom","floor":23,"key":"SMITH"},{"data":"Bane","floor":25,"key":"SMITH"},{"data":"Burst","floor":29,"key":"SMITH"},{"data":"Backflip","floor":32,"key":"SMITH"},{"floor":42,"key":"REST"},{"floor":44,"key":"REST"},{"floor":46,"key":"REST"},{"floor":49,"key":"DIG"}],"neow_cost":"NONE","seed_source_timestamp":295067637456100,"circlet_count":0,"master_deck":["Defend_G","Defend_G","Defend_G","Defend_G","Defend_G","Survivor","Neutralize+1","Storm of Steel+1","Flying Knee","Crippling Poison","Dagger Throw","Well Laid Plans+1","Prepared","Backflip+1","Footwork","Noxious Fumes","Catalyst+1","Envenom+1","Quick Slash","Deadly Poison","Bane+1","Bite","Bite","Bite","Bite","Noxious Fumes","Burst+1","PiercingWail+1","Deadly Poison+1","Tools of the Trade","Underhanded Strike+1","Escape Plan","Whirlwind+1","Footwork+1","Doppelganger","Bane+1"],"relics":["Ring of the Snake","Paper Crane","Shovel","Cursed Key","Mercury Hourglass","Tiny Chest","Fusion Hammer","Bag of Marbles","Tingsha","Pear"],"potions_floor_usage":[16,18,33,40,45,50,50,50],"damage_taken":[{"damage":0,"enemies":"Small Slimes","floor":1,"turns":3},{"damage":0,"enemies":"Cultist","floor":2,"turns":3},{"damage":0,"enemies":"2 Louse","floor":3,"turns":3},{"damage":12,"enemies":"Lots of Slimes","floor":4,"turns":4},{"damage":4,"enemies":"Gremlin Gang","floor":5,"turns":4},{"damage":3,"enemies":"3 Louse","floor":11,"turns":4},{"damage":0,"enemies":"Red Slaver","floor":12,"turns":4},{"damage":3,"enemies":"Gremlin Nob","floor":13,"turns":4},{"damage":1,"enemies":"Gremlin Gang","floor":14,"turns":5},{"damage":1,"enemies":"The Guardian","floor":16,"turns":10},{"damage":3,"enemies":"2 Thieves","floor":18,"turns":4},{"damage":2,"enemies":"3 Byrds","floor":20,"turns":4},{"damage":16,"enemies":"Snake Plant","floor":24,"turns":4},{"damage":2,"enemies":"Snecko","floor":30,"turns":3},{"damage":5,"enemies":"Centurion and Healer","floor":31,"turns":6},{"damage":8,"enemies":"Automaton","floor":33,"turns":5},{"damage":3,"enemies":"Orb Walker","floor":35,"turns":3},{"damage":0,"enemies":"3 Shapes","floor":37,"turns":4},{"damage":21,"enemies":"Writhing Mass","floor":38,"turns":6},{"damage":14,"enemies":"Sphere and 2 Shapes","floor":40,"turns":6},{"damage":22,"enemies":"Spire Growth","floor":41,"turns":5},{"damage":9,"enemies":"Reptomancer","floor":45,"turns":3},{"damage":3,"enemies":"Maw","floor":47,"turns":5},{"damage":79,"enemies":"Awakened One","floor":50,"turns":9}],"seed_played":"-5704267042315134869","potions_obtained":[{"floor":1,"key":"Ancient Potion"},{"floor":12,"key":"SpeedPotion"},{"floor":13,"key":"SteroidPotion"},{"floor":24,"key":"Fire Potion"},{"floor":31,"key":"Block Potion"},{"floor":33,"key":"SkillPotion"},{"floor":35,"key":"Ancient Potion"},{"floor":41,"key":"Swift Potion"},{"floor":45,"key":"PowerPotion"}],"is_trial":false,"path_per_floor":["M","M","M","M","M","R","?","R","T","R","M","M","E","M","R","B",null,"M","?","M","$","?","R","M","R","T","$","?","R","M","M","R","B",null,"M","$","M","M","?","M","M","R","T","R","E","R","M","?","R","B"],"character_chosen":"THE_SILENT","items_purchased":["Bane","Burst"],"campfire_rested":3,"item_purchase_floors":[21,27],"current_hp_per_floor":[70,70,70,58,54,54,47,47,47,47,44,44,41,40,40,39,70,67,67,65,65,49,49,33,33,33,33,33,33,31,36,36,36,49,48,48,49,36,36,28,10,24,24,38,29,43,46,46,56,0],"gold":279,"neow_bonus":"TRANSFORM_CARD","is_prod":false,"is_daily":false,"chose_seed":false,"campfire_upgraded":8,"win_rate":0,"timestamp":1551202192,"path_taken":["M","M","M","M","M","R","?","R","T","R","M","M","E","M","R","BOSS","M","?","M","$","?","R","M","R","T","$","?","R","M","M","R","BOSS","M","$","?","M","?","?","M","R","T","R","E","R","?","?","R","BOSS"],"build_version":"2019-01-23","purchased_purges":3,"victory":false,"max_hp_per_floor":[70,70,70,70,70,70,70,70,70,70,70,70,70,70,70,70,70,70,70,70,70,49,49,49,49,49,49,49,49,49,49,49,49,49,49,49,49,49,49,49,49,49,49,49,49,49,49,49,59,59],"card_choices":[{"not_picked":["Masterful Stab","Poisoned Stab"],"picked":"Flying Knee","floor":1},{"not_picked":["Setup","Choke"],"picked":"Crippling Poison","floor":2},{"not_picked":["Flying Knee","Blur"],"picked":"Dagger Throw","floor":3},{"not_picked":["PiercingWail","Flying Knee"],"picked":"Well Laid Plans","floor":4},{"not_picked":["Predator","Finisher"],"picked":"Prepared","floor":5},{"not_picked":["Slice","A Thousand Cuts"],"picked":"Backflip","floor":11},{"not_picked":["Sucker Punch","Dagger Throw"],"picked":"Footwork","floor":12},{"not_picked":["Finisher","Crippling Poison"],"picked":"Noxious Fumes","floor":13},{"not_picked":["Deadly Poison","Sucker Punch"],"picked":"Catalyst","floor":14},{"not_picked":["Venomology","Storm of Steel"],"picked":"Envenom","floor":16},{"not_picked":["Flechettes","Sucker Punch"],"picked":"Quick Slash","floor":18},{"not_picked":["Slice","Poisoned Stab"],"picked":"Deadly Poison","floor":20},{"not_picked":["Crippling Poison","Underhanded Strike"],"picked":"Noxious Fumes","floor":24},{"not_picked":["Escape Plan","Well Laid Plans"],"picked":"PiercingWail+1","floor":30},{"not_picked":["Dagger Spray","Deflect"],"picked":"Deadly Poison+1","floor":31},{"not_picked":["Wraith Form v2","Malaise"],"picked":"Tools of the Trade","floor":33},{"not_picked":["Dagger Spray","Outmaneuver+1"],"picked":"Underhanded Strike+1","floor":35},{"not_picked":["Skewer+1","Deadly Poison+1"],"picked":"Escape Plan","floor":37},{"not_picked":["Caltrops+1","Choke","Terror"],"picked":"SKIP","floor":38},{"not_picked":["Tactician","Blade Dance"],"picked":"Footwork+1","floor":40},{"not_picked":["Quick Slash","Predator","Prepared+1"],"picked":"SKIP","floor":41},{"not_picked":["Acrobatics","Dagger Throw+1"],"picked":"Doppelganger","floor":45},{"not_picked":["Cloak And Dagger+1","Concentrate+1"],"picked":"Bane+1","floor":47}],"player_experience":697653,"relics_obtained":[{"floor":9,"key":"Paper Crane"},{"floor":13,"key":"Shovel"},{"floor":26,"key":"Tiny Chest"},{"floor":43,"key":"Bag of Marbles"},{"floor":45,"key":"Tingsha"},{"floor":49,"key":"Pear"}],"event_choices":[{"cards_removed":["Strike_G"],"damage_healed":0,"gold_gain":0,"player_choice":"Card Removal","damage_taken":7,"max_hp_gain":0,"max_hp_loss":0,"event_name":"Golden Wing","floor":7,"gold_loss":0},{"damage_healed":0,"gold_gain":0,"player_choice":"Opened","damage_taken":0,"relics_obtained":["Mercury Hourglass"],"max_hp_gain":0,"max_hp_loss":0,"event_name":"The Mausoleum","floor":19,"gold_loss":0,"cards_obtained":["Writhe"]},{"damage_healed":0,"gold_gain":0,"player_choice":"Became a vampire","damage_taken":0,"max_hp_gain":0,"max_hp_loss":21,"event_name":"Vampires","floor":22,"gold_loss":0,"cards_obtained":["Bite","Bite","Bite","Bite","Bite"]},{"damage_healed":0,"gold_gain":100,"player_choice":"Pray","damage_taken":0,"max_hp_gain":0,"max_hp_loss":0,"event_name":"Golden Shrine","floor":28,"gold_loss":0},{"cards_removed":["Bite"],"damage_healed":0,"gold_gain":0,"player_choice":"Took Card","damage_taken":0,"max_hp_gain":0,"max_hp_loss":0,"event_name":"NoteForYourself","floor":39,"gold_loss":0,"cards_obtained":["Whirlwind"]},{"cards_removed":["Injury"],"damage_healed":0,"gold_gain":0,"player_choice":"Removed Curses","damage_taken":0,"max_hp_gain":0,"max_hp_loss":0,"event_name":"Fountain of Cleansing","floor":48,"gold_loss":0}],"is_beta":false,"boss_relics":[{"not_picked":["WristBlade","Black Star"],"picked":"Cursed Key"},{"not_picked":["Lizard Tail","Coffee Dripper"],"picked":"Fusion Hammer"}],"items_purged_floors":[21,27,36],"is_endless":false,"potions_floor_spawned":[1,12,13,24,31,33,35,38,41,45],"killed_by":"Awakened One","ascension_level":0}