{"gold_per_floor":[213,190,140,65,78,78,108,124,124,124,154,174,185,214,214,214],"floor_reached":16,"playtime":4724,"items_purged":["Strike_R"],"score":140,"play_id":"c3924a5f-485f-40ed-bf4a-610548e1036c","local_time":"20190413231313","is_ascension_mode":true,"campfire_choices":[{"data":"Sword Boomerang","floor":6,"key":"SMITH"},{"data":"Thunderclap","floor":10,"key":"SMITH"},{"data":"Intimidate","floor":15,"key":"SMITH"}],"neow_cost":"NONE","seed_source_timestamp":271204524855100,"circlet_count":0,"master_deck":["Strike_R","Strike_R","Strike_R","Defend_R","Defend_R","Defend_R","Defend_R","Bash","Thunderclap+1","Sword Boomerang+1","Iron Wave","Clothesline","Intimidate+1","Infernal Blade","Headbutt"],"relics":["Burning Blood","Magic Flower","Bottled Flame","Happy Flower","Odd Mushroom"],"potions_floor_usage":[12],"damage_taken":[{"damage":14,"enemies":"Jaw Worm","floor":1,"turns":5},{"damage":1,"enemies":"2 Louse","floor":5,"turns":3},{"damage":40,"enemies":"3 Sentries","floor":7,"turns":10},{"damage":0,"enemies":"Small Slimes","floor":8,"turns":2},{"damage":0,"enemies":"2 Fungi Beasts","floor":12,"turns":2},{"damage":0,"enemies":"Blue Slaver","floor":13,"turns":3},{"damage":1,"enemies":"The Mushroom Lair","floor":14,"turns":3},{"damage":71,"enemies":"Slime Boss","floor":16,"turns":10}],"seed_played":"-8570841086618191387","potions_obtained":[{"floor":7,"key":"Fire Potion"},{"floor":8,"key":"SpeedPotion"},{"floor":12,"key":"SpeedPotion"}],"is_trial":false,"path_per_floor":["M","$","?","$","M","R","E","M","T","R","?","M","M","?","R","B"],"character_chosen":"IRONCLAD","items_purchased":["Sword Boomerang"],"campfire_rested":0,"item_purchase_floors":[2],"current_hp_per_floor":[64,64,64,64,69,69,35,44,44,44,44,53,62,70,70,0],"gold":214,"neow_bonus":"HUNDRED_GOLD","is_prod":false,"is_daily":false,"chose_seed":false,"campfire_upgraded":3,"win_rate":0,"timestamp":1555189993,"path_taken":["M","$","?","$","M","R","E","M","T","R","?","M","M","?","R","BOSS"],"build_version":"2019-01-23","purchased_purges":1,"victory":false,"max_hp_per_floor":[80,80,80,80,80,80,80,80,80,80,80,80,80,80,80,80],"card_choices":[{"not_picked":["Twin Strike","Combust"],"picked":"Thunderclap","floor":1},{"not_picked":["Corruption","True Grit"],"picked":"Iron Wave","floor":5},{"not_picked":["Thunderclap","Feel No Pain"],"picked":"Clothesline","floor":7},{"not_picked":["Sentinel","Feel No Pain"],"picked":"Intimidate","floor":8},{"not_picked":["Perfected Strike","Clash"],"picked":"Infernal Blade","floor":12},{"not_picked":["Offering","Clash"],"picked":"Headbutt","floor":13}],"player_experience":609916,"relics_obtained":[{"floor":7,"key":"Magic Flower"},{"floor":9,"key":"Bottled Flame"},{"floor":14,"key":"Odd Mushroom"}],"event_choices":[{"cards_removed":["Strike_R"],"damage_healed":0,"gold_gain":0,"player_choice":"Card Removal","damage_taken":0,"max_hp_gain":0,"max_hp_loss":0,"event_name":"The Cleric","floor":3,"gold_loss":50},{"damage_healed":0,"gold_gain":30,"player_choice":"Searched \u00272\u0027 times","damage_taken":0,"relics_obtained":["Happy Flower"],"max_hp_gain":0,"max_hp_loss":0,"event_name":"Dead Adventurer","floor":11,"gold_loss":0},{"damage_healed":0,"gold_gain":0,"player_choice":"Fought Mushrooms","damage_taken":0,"max_hp_gain":0,"max_hp_loss":0,"event_name":"Mushrooms","floor":14,"gold_loss":0}],"is_beta":false,"boss_relics":[],"items_purged_floors":[4],"is_endless":false,"potions_floor_spawned":[7,8,12],"killed_by":"Slime Boss","ascension_level":8}