{"gold_per_floor":[119,136,156,20,20,20,38,69,93,93,120,120,131,131],"floor_reached":14,"playtime":339,"items_purged":[],"score":190,"play_id":"a998fe53-b404-46fc-8421-c4037f27fd7c","local_time":"20190401192340","is_ascension_mode":true,"campfire_choices":[{"data":"Defragment","floor":6,"key":"SMITH"},{"floor":10,"key":"REST"}],"neow_cost":"NONE","seed_source_timestamp":1592408405694100,"circlet_count":0,"master_deck":["AscendersBane","Strike_B","Strike_B","Strike_B","Strike_B","Defend_B","Defend_B","Defend_B","Defend_B","Zap","Dualcast","Beam Cell+1","BootSequence","Darkness","Defragment+1","Coolheaded+1","Blizzard","Leap","Biased Cognition","Cold Snap","Go for the Eyes"],"relics":["Cracked Core","NeowsBlessing","CultistMask","Art of War","Dream Catcher","Anchor"],"potions_floor_usage":[8],"damage_taken":[{"damage":0,"enemies":"Cultist","floor":1,"turns":1},{"damage":0,"enemies":"2 Louse","floor":2,"turns":1},{"damage":0,"enemies":"Jaw Worm","floor":3,"turns":1},{"damage":0,"enemies":"Looter","floor":7,"turns":3},{"damage":47,"enemies":"Gremlin Nob","floor":8,"turns":5},{"damage":2,"enemies":"Lagavulin","floor":11,"turns":5},{"damage":15,"enemies":"Exordium Wildlife","floor":13,"turns":4},{"damage":4,"enemies":"Exordium Thugs","floor":14,"turns":2}],"seed_played":"1719142244103247195","potions_obtained":[{"floor":2,"key":"Strength Potion"},{"floor":3,"key":"SteroidPotion"},{"floor":8,"key":"Fruit Juice"},{"floor":13,"key":"Energy Potion"}],"is_trial":false,"path_per_floor":["M","M","M","$","?","R","M","E","T","R","E","?","M","M"],"character_chosen":"DEFECT","items_purchased":["Defragment","Coolheaded"],"campfire_rested":1,"item_purchase_floors":[4,4],"current_hp_per_floor":[64,64,64,64,64,64,64,22,22,44,42,19,4,0],"gold":131,"neow_bonus":"THREE_ENEMY_KILL","is_prod":false,"is_daily":false,"chose_seed":false,"campfire_upgraded":1,"win_rate":0,"timestamp":1554139420,"path_taken":["M","?","M","$","?","R","?","E","T","R","E","?","M","M"],"build_version":"2019-01-23","purchased_purges":0,"victory":false,"max_hp_per_floor":[71,71,71,71,71,71,71,76,76,76,76,76,76,76],"card_choices":[{"not_picked":["Tempest","Aggregate"],"picked":"Beam Cell","floor":1},{"not_picked":["Beam Cell","Chaos"],"picked":"BootSequence","floor":2},{"not_picked":["Barrage","Hologram"],"picked":"Darkness","floor":3},{"not_picked":["Stack","Ball Lightning"],"picked":"Blizzard","floor":7},{"not_picked":["Sweeping Beam","Fusion"],"picked":"Leap","floor":8},{"not_picked":["Beam Cell","Tempest"],"picked":"Biased Cognition","floor":10},{"not_picked":["Heatsinks","Streamline"],"picked":"Cold Snap","floor":11},{"not_picked":["Recycle","Steam Power"],"picked":"Go for the Eyes","floor":13}],"player_experience":571599,"relics_obtained":[{"floor":8,"key":"Art of War"},{"floor":9,"key":"Dream Catcher"},{"floor":11,"key":"Anchor"}],"event_choices":[{"damage_healed":0,"gold_gain":0,"player_choice":"Trade","damage_taken":0,"relics_obtained":["CultistMask"],"max_hp_gain":0,"max_hp_loss":0,"event_name":"FaceTrader","floor":5,"gold_loss":0},{"damage_healed":0,"gold_gain":0,"player_choice":"Entered Light","damage_taken":23,"max_hp_gain":0,"max_hp_loss":0,"event_name":"Shining Light","floor":12,"gold_loss":0,"cards_upgraded":["Beam Cell","Coolheaded"]}],"is_beta":false,"boss_relics":[],"items_purged_floors":[],"is_endless":false,"potions_floor_spawned":[2,3,8,13],"killed_by":"Exordium Thugs","ascension_level":18}