{"gold_per_floor":[112,112,13,32,50,50,15,43,81,93,124,136,161,183,195,310,322,347,284,296,64,83,110,110,110,134,166,180,207,222,222,222,222],"floor_reached":33,"playtime":2480,"items_purged":["Strike_G","Defend_G"],"score":336,"play_id":"9e627980-946b-4cea-94e0-a39cc8164520","local_time":"20190301215614","is_ascension_mode":true,"campfire_choices":[{"data":"Dagger Spray","floor":6,"key":"SMITH"},{"data":"Adrenaline","floor":10,"key":"SMITH"},{"data":"Riddle With Holes","floor":12,"key":"SMITH"},{"data":"Deadly Poison","floor":15,"key":"SMITH"},{"data":"Accuracy","floor":25,"key":"SMITH"},{"floor":32,"key":"REST"}],"neow_cost":"NONE","seed_source_timestamp":63813563692300,"circlet_count":0,"master_deck":["Defend_G","Defend_G","Defend_G","Defend_G","Strike_G","Strike_G","Survivor","Neutralize+1","Backflip","Dagger Spray+1","Deadly Poison+1","Riddle With Holes+1","Infinite Blades","Adrenaline+1","Acrobatics","Heel Hook","PiercingWail","Adrenaline","J.A.X.","Cloak And Dagger","Accuracy+1","Blade Dance","Sucker Punch+1","Backstab+1","Prepared+1","Footwork+1","Crippling Poison"],"relics":["Ring of the Snake","MawBank","Blood Vial","Black Star","Lantern","Vajra","Bag of Marbles","Nunchaku","Frozen Egg 2","Strawberry","Calipers","Singing Bowl"],"potions_floor_usage":[16,16,18,23,28,33],"damage_taken":[{"damage":2,"enemies":"2 Louse","floor":1,"turns":4},{"damage":0,"enemies":"Jaw Worm","floor":4,"turns":5},{"damage":0,"enemies":"Small Slimes","floor":5,"turns":3},{"damage":19,"enemies":"Gremlin Nob","floor":8,"turns":4},{"damage":1,"enemies":"3 Louse","floor":11,"turns":2},{"damage":0,"enemies":"Lots of Slimes","floor":13,"turns":1},{"damage":0,"enemies":"Looter","floor":14,"turns":2},{"damage":21,"enemies":"Slime Boss","floor":16,"turns":7},{"damage":18,"enemies":"Shell Parasite","floor":18,"turns":6},{"damage":15,"enemies":"2 Thieves","floor":22,"turns":4},{"damage":15,"enemies":"Book of Stabbing","floor":23,"turns":4},{"damage":21,"enemies":"Slavers","floor":27,"turns":5},{"damage":12,"enemies":"Snake Plant","floor":28,"turns":3},{"damage":30,"enemies":"Gremlin Leader","floor":29,"turns":5},{"damage":9,"enemies":"Sentry and Sphere","floor":30,"turns":6},{"damage":50,"enemies":"Collector","floor":33,"turns":7}],"seed_played":"-239433073534557534","potions_obtained":[{"floor":4,"key":"EssenceOfSteel"},{"floor":5,"key":"Energy Potion"},{"floor":8,"key":"SkillPotion"},{"floor":13,"key":"EssenceOfSteel"},{"floor":18,"key":"GamblersBrew"},{"floor":27,"key":"Weak Potion"},{"floor":29,"key":"Block Potion"}],"is_trial":false,"path_per_floor":["M","?","$","M","M","R","$","E","T","R","M","R","M","M","R","B",null,"M","?","?","$","M","E","?","R","T","E","M","E","M","?","R","B"],"character_chosen":"THE_SILENT","items_purchased":["Dagger Spray","Infinite Blades","Cloak And Dagger","Accuracy","Blade Dance"],"campfire_rested":1,"item_purchase_floors":[3,7,21,21,21],"current_hp_per_floor":[68,61,61,61,61,61,61,42,42,42,43,43,45,47,47,28,70,52,52,52,52,39,26,70,70,70,49,39,18,11,11,34,0],"gold":222,"neow_bonus":"UPGRADE_CARD","is_prod":false,"is_daily":false,"chose_seed":false,"campfire_upgraded":5,"win_rate":0,"timestamp":1551473774,"path_taken":["M","?","$","M","M","R","$","E","T","R","M","R","M","M","R","BOSS","M","?","?","$","M","E","?","R","T","E","?","E","M","?","R","BOSS"],"build_version":"2019-01-23","purchased_purges":2,"victory":false,"max_hp_per_floor":[70,70,70,70,70,70,70,70,70,70,70,70,70,70,70,70,70,70,70,70,70,70,70,70,70,70,70,70,77,77,77,77,77],"card_choices":[{"not_picked":["Flying Knee","Setup"],"picked":"Backflip","floor":1},{"not_picked":["Bane","Quick Slash"],"picked":"Deadly Poison","floor":4},{"not_picked":["Eviscerate","Dagger Spray"],"picked":"Riddle With Holes","floor":5},{"not_picked":["Catalyst","Dagger Spray"],"picked":"Adrenaline","floor":8},{"not_picked":["Underhanded Strike","Heel Hook"],"picked":"Acrobatics","floor":11},{"not_picked":["Deflect","Dagger Spray"],"picked":"Heel Hook","floor":13},{"not_picked":["Finisher","Deadly Poison"],"picked":"PiercingWail","floor":14},{"not_picked":["Doppelganger","Venomology"],"picked":"Adrenaline","floor":16},{"not_picked":["Tactician","Blade Dance"],"picked":"Escape Plan","floor":18},{"not_picked":["Underhanded Strike","Dagger Spray","Backflip"],"picked":"SKIP","floor":22},{"not_picked":["Underhanded Strike","Dagger Spray","Backflip"],"picked":"SKIP","floor":22},{"not_picked":["Dagger Spray","Tactician"],"picked":"Sucker Punch+1","floor":23},{"not_picked":["Quick Slash+1","Finisher"],"picked":"Backstab+1","floor":27},{"not_picked":["Quick Slash","Backflip"],"picked":"Prepared+1","floor":28},{"not_picked":["Burst","Bane"],"picked":"Footwork+1","floor":29},{"not_picked":["Eviscerate","Flechettes+1"],"picked":"Crippling Poison","floor":30}],"player_experience":311936,"relics_obtained":[{"floor":8,"key":"MawBank"},{"floor":9,"key":"Blood Vial"},{"floor":23,"key":"Lantern"},{"floor":23,"key":"Vajra"},{"floor":26,"key":"Bag of Marbles"},{"floor":27,"key":"Nunchaku"},{"floor":27,"key":"Frozen Egg 2"},{"floor":29,"key":"Strawberry"},{"floor":29,"key":"Calipers"}],"event_choices":[{"cards_removed":["Strike_G"],"damage_healed":0,"gold_gain":0,"player_choice":"Card Removal","damage_taken":7,"max_hp_gain":0,"max_hp_loss":0,"event_name":"Golden Wing","floor":2,"gold_loss":0},{"cards_removed":["Strike_G"],"damage_healed":0,"gold_gain":0,"player_choice":"Gave Gold","damage_taken":0,"max_hp_gain":0,"max_hp_loss":0,"event_name":"Beggar","floor":19,"gold_loss":75},{"damage_healed":0,"gold_gain":0,"player_choice":"Obtain J.A.X.","damage_taken":0,"max_hp_gain":0,"max_hp_loss":0,"event_name":"Drug Dealer","floor":20,"gold_loss":0,"cards_obtained":["J.A.X."]},{"cards_removed":["Escape Plan"],"damage_healed":44,"gold_gain":0,"player_choice":"Offered Uncommon","damage_taken":0,"max_hp_gain":0,"max_hp_loss":0,"event_name":"Bonfire Elementals","floor":24,"gold_loss":0},{"damage_healed":0,"gold_gain":0,"player_choice":"Opened","damage_taken":0,"relics_obtained":["Singing Bowl"],"max_hp_gain":0,"max_hp_loss":0,"event_name":"The Mausoleum","floor":31,"gold_loss":0}],"is_beta":false,"boss_relics":[{"not_picked":["Tiny House","Lizard Tail"],"picked":"Black Star"}],"items_purged_floors":[3,21],"is_endless":false,"potions_floor_spawned":[4,5,8,13,14,18,27,29],"killed_by":"Collector","ascension_level":2}