{"gold_per_floor":[109,109,109,128,128,148,165,165,165,165,165,181,191,141,141,242,242,255,275,275,131,141,141,159,179,205,120,135,135,185,48,48,146,146,161,174,191,191,191,191,15,15,15,35,0,18,18,18,18,18],"floor_reached":51,"playtime":1271,"items_purged":["Strike_R+1","Strike_R+1","Normality"],"score":764,"play_id":"7c1561f4-1c05-4e89-82b5-449d4c019577","local_time":"20190420163350","is_ascension_mode":false,"campfire_choices":[{"data":"Bash","floor":10,"key":"SMITH"},{"data":"Defend_R","floor":15,"key":"SMITH"},{"data":"Twin Strike","floor":23,"key":"SMITH"},{"data":"Defend_R","floor":29,"key":"SMITH"},{"data":"Inflame","floor":32,"key":"SMITH"},{"floor":40,"key":"REST"},{"floor":42,"key":"REST"},{"floor":47,"key":"REST"},{"floor":49,"key":"REST"}],"neow_cost":"NONE","seed_source_timestamp":6096154837545,"circlet_count":0,"master_deck":["Defend_R+1","Defend_R+1","Bash+1","Rampage+1","Flex+1","True Grit+1","Shrug It Off+1","Twin Strike+1","Shrug It Off+1","Battle Trance+1","Shockwave+1","Inflame+1","Flex+1"],"relics":["Empty Cage","Toxic Egg 2","Gremlin Horn","Pear","Runic Dome","Orichalcum","Centennial Puzzle","Busted Crown","Self Forming Clay","Red Mask"],"potions_floor_usage":[4,16,16,33,33,33,50],"damage_taken":[{"damage":3,"enemies":"Jaw Worm","floor":1,"turns":4},{"damage":0,"enemies":"Small Slimes","floor":4,"turns":3},{"damage":0,"enemies":"Cultist","floor":6,"turns":3},{"damage":12,"enemies":"2 Fungi Beasts","floor":7,"turns":3},{"damage":3,"enemies":"Blue Slaver","floor":12,"turns":3},{"damage":0,"enemies":"3 Louse","floor":13,"turns":2},{"damage":0,"enemies":"The Guardian","floor":16,"turns":8},{"damage":6,"enemies":"Spheric Guardian","floor":18,"turns":3},{"damage":6,"enemies":"3 Byrds","floor":19,"turns":4},{"damage":0,"enemies":"Centurion and Healer","floor":22,"turns":4},{"damage":7,"enemies":"Snake Plant","floor":24,"turns":4},{"damage":0,"enemies":"Cultist and Chosen","floor":25,"turns":5},{"damage":10,"enemies":"Centurion and Healer","floor":28,"turns":3},{"damage":18,"enemies":"Automaton","floor":33,"turns":8},{"damage":0,"enemies":"Orb Walker","floor":35,"turns":4},{"damage":6,"enemies":"3 Darklings","floor":36,"turns":4},{"damage":0,"enemies":"Transient","floor":37,"turns":5},{"damage":6,"enemies":"Spire Growth","floor":44,"turns":3},{"damage":0,"enemies":"Maw","floor":46,"turns":5},{"damage":37,"enemies":"Awakened One","floor":50,"turns":8}],"seed_played":"499654960436747320","potions_obtained":[{"floor":1,"key":"Explosive Potion"},{"floor":7,"key":"EssenceOfSteel"},{"floor":12,"key":"AttackPotion"},{"floor":13,"key":"Poison Potion"},{"floor":24,"key":"EssenceOfSteel"},{"floor":25,"key":"FearPotion"},{"floor":36,"key":"Ancient Potion"},{"floor":46,"key":"Regen Potion"}],"is_trial":false,"path_per_floor":["M","?","?","M","?","M","M","?","T","R","T","M","M","?","R","B",null,"M","M","?","$","M","R","M","M","T","?","M","R","?","$","R","B",null,"M","M","M","?","?","R","$","R","T","M","?","M","R","$","R","B",null],"character_chosen":"IRONCLAD","items_purchased":["Battle Trance+1","Inflame","Flex+1"],"campfire_rested":4,"item_purchase_floors":[21,31,41],"current_hp_per_floor":[77,77,77,77,65,65,53,37,37,37,47,44,44,44,44,44,90,84,78,78,78,78,78,71,71,71,71,61,61,61,61,61,43,90,90,84,84,84,84,90,90,90,90,84,84,84,90,90,90,53],"gold":18,"neow_bonus":"BOSS_RELIC","is_prod":false,"is_daily":false,"chose_seed":false,"campfire_upgraded":5,"win_rate":0,"timestamp":1555799630,"path_taken":["M","?","?","?","?","M","M","?","T","R","?","M","M","?","R","BOSS","M","M","?","$","M","R","M","M","T","?","M","R","?","$","R","BOSS","M","M","?","?","?","R","$","R","T","?","?","M","R","?","R","BOSS"],"build_version":"2019-01-23","purchased_purges":3,"victory":true,"max_hp_per_floor":[80,80,80,80,80,80,80,80,80,80,90,90,90,90,90,90,90,90,90,90,90,90,90,90,90,90,90,90,90,90,90,90,90,90,90,90,90,90,90,90,90,90,90,90,90,90,90,90,90,90],"card_choices":[{"not_picked":["Ghostly Armor","True Grit"],"picked":"Rampage","floor":1},{"not_picked":["Wild Strike","Sword Boomerang","Clothesline"],"picked":"SKIP","floor":4},{"not_picked":["Rupture","Power Through+1"],"picked":"Flex+1","floor":6},{"not_picked":["Clash","Armaments+1"],"picked":"True Grit+1","floor":7},{"not_picked":["Thunderclap","Seeing Red+1"],"picked":"Shrug It Off+1","floor":12},{"not_picked":["Dropkick","Rage+1","Sentinel+1"],"picked":"SKIP","floor":13},{"not_picked":["Fiend Fire","Feed"],"picked":"Offering+1","floor":16},{"not_picked":["Pommel Strike","Reckless Charge"],"picked":"Twin Strike","floor":18},{"not_picked":["Sword Boomerang","Clash"],"picked":"Shrug It Off+1","floor":19},{"not_picked":["Pommel Strike+1","Seeing Red+1","Thunderclap"],"picked":"SKIP","floor":22},{"not_picked":["Carnage+1","Perfected Strike"],"picked":"Shockwave+1","floor":24},{"not_picked":["Anger","Feel No Pain+1","Metallicize"],"picked":"SKIP","floor":25},{"not_picked":["Anger","Battle Trance+1","Reckless Charge+1"],"picked":"SKIP","floor":28},{"not_picked":["Flex+1"],"picked":"SKIP","floor":35},{"not_picked":["Spot Weakness+1"],"picked":"SKIP","floor":36},{"not_picked":["Clash"],"picked":"SKIP","floor":37},{"not_picked":["Rage+1"],"picked":"SKIP","floor":44},{"not_picked":["Clash"],"picked":"SKIP","floor":46}],"player_experience":1271862,"relics_obtained":[{"floor":9,"key":"Gremlin Horn"},{"floor":11,"key":"Pear"},{"floor":26,"key":"Orichalcum"},{"floor":43,"key":"Self Forming Clay"}],"event_choices":[{"cards_removed":["Strike_R"],"damage_healed":0,"gold_gain":0,"player_choice":"Forget","damage_taken":0,"max_hp_gain":0,"max_hp_loss":0,"event_name":"Living Wall","floor":2,"gold_loss":0},{"damage_healed":0,"gold_gain":0,"player_choice":"Upgraded","damage_taken":0,"max_hp_gain":0,"max_hp_loss":0,"event_name":"Upgrade Shrine","floor":3,"gold_loss":0,"cards_upgraded":["Rampage"]},{"damage_healed":0,"gold_gain":0,"player_choice":"Success","damage_taken":12,"relics_obtained":["Toxic Egg 2"],"max_hp_gain":0,"max_hp_loss":0,"event_name":"Scrap Ooze","floor":5,"gold_loss":0},{"damage_healed":0,"gold_gain":0,"player_choice":"Entered Light","damage_taken":16,"max_hp_gain":0,"max_hp_loss":0,"event_name":"Shining Light","floor":8,"gold_loss":0,"cards_upgraded":["Strike_R","Strike_R"]},{"cards_removed":["Defend_R"],"damage_healed":0,"gold_gain":0,"player_choice":"Card Removal","damage_taken":0,"max_hp_gain":0,"max_hp_loss":0,"event_name":"The Cleric","floor":14,"gold_loss":50},{"cards_removed":["Strike_R"],"damage_healed":0,"gold_gain":0,"player_choice":"Elegance","damage_taken":0,"max_hp_gain":0,"max_hp_loss":0,"event_name":"Back to Basics","floor":20,"gold_loss":0},{"damage_healed":0,"gold_gain":0,"player_choice":"Obtained Relic","damage_taken":0,"relics_obtained":["Centennial Puzzle"],"max_hp_gain":0,"max_hp_loss":0,"event_name":"Addict","floor":27,"gold_loss":85},{"damage_healed":0,"gold_gain":100,"player_choice":"Bet on Murderer","damage_taken":0,"max_hp_gain":0,"max_hp_loss":0,"event_name":"The Joust","floor":30,"gold_loss":50},{"damage_healed":0,"gold_gain":0,"player_choice":"Memory 1","damage_taken":0,"max_hp_gain":0,"max_hp_loss":0,"event_name":"SensoryStone","floor":38,"gold_loss":0},{"cards_removed":["Offering"],"damage_healed":0,"gold_gain":0,"player_choice":"Took Card","damage_taken":0,"max_hp_gain":0,"max_hp_loss":0,"event_name":"NoteForYourself","floor":39,"gold_loss":0,"cards_obtained":["Normality"]},{"damage_healed":0,"gold_gain":0,"player_choice":"Paid","damage_taken":0,"relics_obtained":["Red Mask"],"max_hp_gain":0,"max_hp_loss":0,"event_name":"Tomb of Lord Red Mask","floor":45,"gold_loss":35}],"is_beta":false,"boss_relics":[{"not_picked":["Runic Pyramid","Coffee Dripper"],"picked":"Runic Dome"},{"not_picked":["Philosopher\u0027s Stone","Mark of Pain"],"picked":"Busted Crown"}],"items_purged_floors":[21,31,41],"is_endless":false,"potions_floor_spawned":[1,7,12,13,24,25,28,36,46],"ascension_level":0}