{"gold_per_floor":[364,375,550,500,515,515,67,92,92,53,53,63,86,98,98,198,198,213,213,225,17,34,65,65,65],"floor_reached":25,"playtime":1263,"items_purged":["Writhe","Strike_R"],"score":309,"play_id":"a8201e4a-5497-4bea-a635-c19bca6d9c4a","local_time":"20190412194359","is_ascension_mode":true,"campfire_choices":[{"data":"Iron Wave","floor":6,"key":"SMITH"},{"data":"Body Slam","floor":11,"key":"SMITH"},{"data":"Cleave","floor":15,"key":"SMITH"},{"floor":24,"key":"REST"}],"neow_cost":"CURSE","seed_source_timestamp":175714267656800,"circlet_count":0,"master_deck":["Strike_R","Strike_R","Strike_R","Strike_R","Defend_R","Defend_R","Defend_R","Defend_R","Bash","Body Slam+1","Intimidate","Iron Wave+1","Spot Weakness","Bandage Up","Cleave+1","Shrug It Off","Flex","Shrug It Off","Juggernaut","Reaper","Pommel Strike+1","Exhume","Metallicize"],"relics":["Burning Blood","Sling","The Courier","Pantograph","Odd Mushroom","Busted Crown","Bag of Preparation","Regal Pillow"],"potions_floor_usage":[13,13,16],"damage_taken":[{"damage":8,"enemies":"2 Louse","floor":1,"turns":3},{"damage":15,"enemies":"Jaw Worm","floor":2,"turns":5},{"damage":4,"enemies":"Small Slimes","floor":5,"turns":3},{"damage":16,"enemies":"Gremlin Nob","floor":8,"turns":4},{"damage":0,"enemies":"3 Louse","floor":12,"turns":2},{"damage":12,"enemies":"The Mushroom Lair","floor":13,"turns":4},{"damage":9,"enemies":"Looter","floor":14,"turns":3},{"damage":58,"enemies":"Slime Boss","floor":16,"turns":11},{"damage":29,"enemies":"3 Byrds","floor":18,"turns":5},{"damage":22,"enemies":"2 Thieves","floor":20,"turns":3},{"damage":21,"enemies":"Cultist and Chosen","floor":22,"turns":7},{"damage":26,"enemies":"Book of Stabbing","floor":23,"turns":5},{"damage":80,"enemies":"Gremlin Leader","floor":25,"turns":4}],"seed_played":"-7269214315475537664","potions_obtained":[{"floor":1,"key":"Dexterity Potion"},{"floor":5,"key":"LiquidBronze"},{"floor":12,"key":"GamblersBrew"},{"floor":13,"key":"SteroidPotion"},{"floor":18,"key":"Ancient Potion"},{"floor":23,"key":"BloodPotion"}],"is_trial":false,"path_per_floor":["M","M","?","?","M","R","$","E","T","$","R","M","?","M","R","B",null,"M","?","M","$","M","E","R","E"],"character_chosen":"IRONCLAD","items_purchased":["Spot Weakness","Sling","Bandage Up","Shrug It Off","Exhume","Metallicize"],"campfire_rested":1,"item_purchase_floors":[7,7,7,10,21,21],"current_hp_per_floor":[70,61,61,61,63,63,63,57,57,57,57,63,61,62,62,32,68,49,49,51,51,46,30,69,0],"gold":65,"neow_bonus":"TWO_FIFTY_GOLD","is_prod":false,"is_daily":false,"chose_seed":false,"campfire_upgraded":3,"win_rate":0,"timestamp":1555091039,"path_taken":["M","M","?","?","M","R","$","E","T","$","R","M","?","?","R","BOSS","M","?","M","$","M","E","R","E"],"build_version":"2019-01-23","purchased_purges":2,"victory":false,"max_hp_per_floor":[80,80,80,80,80,80,80,80,80,80,80,80,80,80,80,80,80,80,80,80,80,80,80,80,80],"card_choices":[{"not_picked":["Warcry","Anger","Body Slam"],"picked":"SKIP","floor":1},{"not_picked":["Warcry","Anger"],"picked":"Body Slam","floor":1},{"not_picked":["Headbutt","Heavy Blade"],"picked":"Intimidate","floor":2},{"not_picked":["Wild Strike","Power Through"],"picked":"Iron Wave","floor":5},{"not_picked":["Flex","Headbutt"],"picked":"Cleave","floor":8},{"not_picked":["Warcry","Corruption"],"picked":"Flex","floor":12},{"not_picked":["Corruption","True Grit"],"picked":"Shrug It Off","floor":13},{"not_picked":["Rampage","Battle Trance"],"picked":"Juggernaut","floor":14},{"not_picked":["Limit Break","Bludgeon"],"picked":"Reaper","floor":16},{"not_picked":[],"picked":"Pommel Strike+1","floor":18},{"not_picked":["Iron Wave"],"picked":"SKIP","floor":20},{"not_picked":["Wild Strike"],"picked":"SKIP","floor":22},{"not_picked":["Blood for Blood"],"picked":"SKIP","floor":23}],"player_experience":592538,"relics_obtained":[{"floor":8,"key":"The Courier"},{"floor":9,"key":"Pantograph"},{"floor":13,"key":"Odd Mushroom"},{"floor":23,"key":"Regal Pillow"}],"event_choices":[{"damage_healed":0,"gold_gain":175,"player_choice":"AGREE","damage_taken":0,"max_hp_gain":0,"max_hp_loss":0,"event_name":"Liars Game","floor":3,"gold_loss":0,"cards_obtained":["Doubt"]},{"cards_removed":["Doubt"],"damage_healed":0,"gold_gain":0,"player_choice":"Card Removal","damage_taken":0,"max_hp_gain":0,"max_hp_loss":0,"event_name":"The Cleric","floor":4,"gold_loss":50},{"damage_healed":0,"gold_gain":0,"player_choice":"Fought Mushrooms","damage_taken":0,"max_hp_gain":0,"max_hp_loss":0,"event_name":"Mushrooms","floor":13,"gold_loss":0},{"damage_healed":0,"gold_gain":0,"player_choice":"Opened","damage_taken":0,"relics_obtained":["Bag of Preparation"],"max_hp_gain":0,"max_hp_loss":0,"event_name":"The Mausoleum","floor":19,"gold_loss":0}],"is_beta":false,"boss_relics":[{"not_picked":["Lizard Tail","Black Star"],"picked":"Busted Crown"}],"items_purged_floors":[7,21],"is_endless":false,"potions_floor_spawned":[1,5,12,13,18,23],"killed_by":"Gremlin Leader","ascension_level":8}