{"path_per_floor":["M","$","M","?","M","R","M","R","T","R","M","M","?","?","R","B",null,"M","?","M","M","?","R","M","?","T","?","R","M","M","M","R","B",null,"M","?","M","M","?","R","?","M","T","$"],"character_chosen":"IRONCLAD","items_purchased":["Disarm","Secret Weapon"],"gold_per_floor":[117,2,18,18,38,38,48,48,121,121,132,147,172,172,172,295,295,320,361,377,401,401,401,421,421,421,421,421,439,452,468,468,564,564,579,579,598,615,615,615,615,630,630,335,335],"floor_reached":45,"campfire_rested":1,"playtime":1677,"current_hp_per_floor":[80,80,80,80,80,80,78,78,78,78,80,80,74,54,54,36,80,80,66,53,34,34,34,26,26,26,26,50,61,56,66,66,26,80,65,65,62,51,41,41,41,17,17,17,0],"items_purged":["Clumsy","Strike_R"],"gold":335,"score":434,"play_id":"9b39a36f-b782-453e-aa1e-e1d10694aa84","local_time":"20180519204048","is_prod":false,"is_daily":false,"chose_seed":false,"is_ascension_mode":false,"campfire_upgraded":7,"timestamp":1526733648,"campfire_choices":[{"data":"Bash","floor":6,"key":"SMITH"},{"data":"Cleave","floor":8,"key":"SMITH"},{"data":"Shrug It Off","floor":10,"key":"SMITH"},{"data":"Disarm","floor":15,"key":"SMITH"},{"data":"Body Slam","floor":23,"key":"SMITH"},{"floor":28,"key":"REST"},{"data":"Bludgeon","floor":32,"key":"SMITH"},{"data":"Madness","floor":40,"key":"SMITH"}],"path_taken":["M","$","M","?","M","R","M","R","T","R","?","?","?","?","R","BOSS","M","?","M","?","?","R","M","?","T","?","R","M","M","?","R","BOSS","M","?","M","M","?","R","?","?","T","$","M"],"build_version":"2018-05-17","seed_source_timestamp":32463144574451,"purchased_purges":2,"victory":false,"master_deck":["Strike_R","Strike_R","Strike_R","Defend_R","Defend_R","Defend_R","Defend_R","Bash+1","Shrug It Off+1","Disarm+1","Armaments+1","Cleave+1","Headbutt","Berserk","Rage","Bludgeon+1","Inflame","Thunderclap+1","Body Slam+1","Spot Weakness","Writhe","Whirlwind+1","Battle Trance","Headbutt","Dual Wield+1","Feed","Sword Boomerang+1","Pommel Strike+1","Sword Boomerang+1","Madness+1","Madness","Flex+1","Secret Weapon"],"max_hp_per_floor":[80,80,80,80,80,80,80,80,80,80,80,80,80,80,80,80,80,80,80,80,80,80,80,80,80,80,80,80,80,80,80,80,80,80,80,80,80,80,80,80,80,80,80,80,80],"relics":["Burning Blood","Ginger","Bottled Flame","Odd Mushroom","Bloody Idol","Sozu","Red Mask","Dream Catcher","Bottled Lightning","Self Forming Clay"],"card_choices":[{"not_picked":["Body Slam","Twin Strike"],"picked":"Shrug It Off","floor":1},{"not_picked":["Corruption","Perfected Strike"],"picked":"Armaments","floor":3},{"not_picked":["Warcry","Dropkick"],"picked":"Cleave","floor":5},{"not_picked":["Reckless Charge","Rampage"],"picked":"Headbutt","floor":7},{"not_picked":["Clothesline","Anger"],"picked":"Berserk","floor":11},{"not_picked":["Armaments","Flame Barrier"],"picked":"Rage","floor":12},{"not_picked":["Dark Embrace","Reaper"],"picked":"Bludgeon","floor":16},{"not_picked":["Fire Breathing","Second Wind"],"picked":"Inflame","floor":18},{"not_picked":["Clash","Cleave"],"picked":"Thunderclap+1","floor":19},{"not_picked":["Searing Blow+1","True Grit"],"picked":"Body Slam","floor":20},{"not_picked":["Combust","Headbutt"],"picked":"Spot Weakness","floor":21},{"not_picked":["Flame Barrier","Havoc","Fire Breathing"],"picked":"SKIP","floor":24},{"not_picked":["Heavy Blade","Reaper"],"picked":"Whirlwind+1","floor":28},{"not_picked":["Entrench+1","Infernal Blade+1"],"picked":"Battle Trance","floor":29},{"not_picked":["Thunderclap","Warcry"],"picked":"Headbutt","floor":30},{"not_picked":["Hemokinesis","Evolve"],"picked":"Dual Wield+1","floor":31},{"not_picked":["Bludgeon","Double Tap"],"picked":"Feed","floor":33},{"not_picked":["Twin Strike+1","Thunderclap"],"picked":"Sword Boomerang+1","floor":35},{"not_picked":["Heavy Blade","Wild Strike+1"],"picked":"Pommel Strike+1","floor":37},{"not_picked":["Perfected Strike","Heavy Blade+1"],"picked":"Sword Boomerang+1","floor":38},{"not_picked":["Corruption","Rage+1"],"picked":"Flex+1","floor":42}],"player_experience":645803,"potions_floor_usage":[16],"damage_taken":[{"damage":6,"enemies":"Jaw Worm","floor":1,"turns":4},{"damage":0,"enemies":"2 Louse","floor":3,"turns":3},{"damage":5,"enemies":"Small Slimes","floor":5,"turns":4},{"damage":8,"enemies":"Red Slaver","floor":7,"turns":5},{"damage":0,"enemies":"Gremlin Gang","floor":11,"turns":3},{"damage":4,"enemies":"Blue Slaver","floor":12,"turns":4},{"damage":12,"enemies":"The Mushroom Lair","floor":13,"turns":4},{"damage":39,"enemies":"Hexaghost","floor":16,"turns":15},{"damage":6,"enemies":"Shell Parasite","floor":18,"turns":6},{"damage":20,"enemies":"∏≤√Ê§Œµ¡Ÿ\","floor":19,"turns":5},{"damage":19,"enemies":"Spheric Guardian","floor":20,"turns":4},{"damage":25,"enemies":"Centurion and Healer","floor":21,"turns":5},{"damage":14,"enemies":"Snecko","floor":24,"turns":4},{"damage":0,"enemies":"3 Cultists","floor":29,"turns":3},{"damage":16,"enemies":"Snake Plant","floor":30,"turns":3},{"damage":1,"enemies":"Slaver and Parasite","floor":31,"turns":3},{"damage":51,"enemies":"Collector","floor":33,"turns":8},{"damage":26,"enemies":"Orb Walker","floor":35,"turns":5},{"damage":14,"enemies":"3 Darklings","floor":37,"turns":3},{"damage":22,"enemies":"4 Shapes","floor":38,"turns":2},{"damage":35,"enemies":"Sphere and 2 Shapes","floor":42,"turns":6},{"damage":17,"enemies":"3 Darklings","floor":45,"turns":2}],"relics_obtained":[{"floor":9,"key":"Bottled Flame"},{"floor":13,"key":"Odd Mushroom"},{"floor":19,"key":"Red Mask"},{"floor":26,"key":"Bottled Lightning"},{"floor":43,"key":"Self Forming Clay"}],"event_choices":[{"event_name":"Living Wall","player_choice":"Grow","floor":4,"damage_taken":0},{"event_name":"Mushrooms","player_choice":"Fought Mushrooms","floor":13,"damage_taken":0},{"event_name":"Golden Idol","player_choice":"Take Damage","floor":14,"damage_taken":0},{"event_name":"Masked Bandits","player_choice":"Fought over 320 gold","floor":19,"damage_taken":0},{"event_name":"Ghosts","player_choice":"Ignored","floor":22,"damage_taken":0},{"event_name":"The Mausoleum","player_choice":"Yes","floor":25,"damage_taken":0},{"event_name":"Forgotten Altar","player_choice":"Gave Idol","floor":27,"damage_taken":0},{"event_name":"Winding Halls","player_choice":"Embrace Madness","floor":39,"damage_taken":0},{"event_name":"Mysterious Sphere","player_choice":"Ignore","floor":41,"damage_taken":0}],"boss_relics":[{"not_picked":["White Beast Statue","Eternal Feather"],"picked":"Sozu"},{"not_picked":["Pandora\u0027s Box","Snecko Eye","Runic Pyramid"]}],"potions_floor_spawned":[5,11,13,16,20,24,29,33,35,42],"seed_played":"5953476657987187846","killed_by":"3 Darklings","ascension_level":0,"potions_obtained":[{"floor":5,"key":"PowerPotion"},{"floor":11,"key":"Dexterity Potion"},{"floor":13,"key":"Regen Potion"},{"floor":16,"key":"EntropicBrew"}],"is_trial":false}