{"gold_per_floor":[118,135,147,25,37,71,126,126],"floor_reached":8,"playtime":458,"items_purged":[],"score":87,"play_id":"7e2e291d-081d-40b4-b6c1-26b24866b297","local_time":"20190405022942","is_ascension_mode":true,"campfire_choices":[],"neow_cost":"NONE","seed_source_timestamp":98643968019236,"circlet_count":0,"master_deck":["AscendersBane","Strike_R","Strike_R","Strike_R","Strike_R","Strike_R","Defend_R","Defend_R","Defend_R","Defend_R","Bash","Cleave","Shrug It Off","Disarm","Exhume","Headbutt","Shockwave"],"relics":["Burning Blood","NeowsBlessing","Pantograph","Gremlin Horn"],"potions_floor_usage":[1,7,7,8],"damage_taken":[{"damage":0,"enemies":"Small Slimes","floor":1,"turns":1},{"damage":0,"enemies":"2 Louse","floor":2,"turns":1},{"damage":0,"enemies":"Jaw Worm","floor":3,"turns":1},{"damage":12,"enemies":"2 Fungi Beasts","floor":5,"turns":3},{"damage":49,"enemies":"Lagavulin","floor":6,"turns":10},{"damage":4,"enemies":"3 Sentries","floor":7,"turns":4},{"damage":40,"enemies":"Gremlin Nob","floor":8,"turns":5}],"seed_played":"7903476712327233231","potions_obtained":[{"floor":1,"key":"Fruit Juice"},{"floor":6,"key":"Strength Potion"},{"floor":7,"key":"EssenceOfSteel"}],"is_trial":false,"path_per_floor":["M","M","M","$","M","E","?","E"],"character_chosen":"IRONCLAD","items_purchased":["Strength Potion","Disarm"],"campfire_rested":0,"item_purchase_floors":[4,4],"current_hp_per_floor":[83,85,85,85,79,36,38,0],"gold":126,"neow_bonus":"THREE_ENEMY_KILL","is_prod":false,"is_daily":false,"chose_seed":false,"campfire_upgraded":0,"win_rate":0,"timestamp":1554449382,"path_taken":["M","M","M","$","M","E","?","E"],"build_version":"2019-01-23","purchased_purges":0,"victory":false,"max_hp_per_floor":[85,85,85,85,85,85,85,85],"card_choices":[{"not_picked":["Entrench","Twin Strike"],"picked":"Cleave","floor":1},{"not_picked":["Warcry","Havoc","Iron Wave"],"picked":"SKIP","floor":2},{"not_picked":["Twin Strike","Iron Wave"],"picked":"Shrug It Off","floor":3},{"not_picked":["Uppercut","Perfected Strike"],"picked":"Exhume","floor":5},{"not_picked":["Dual Wield","Heavy Blade"],"picked":"Headbutt","floor":6},{"not_picked":["Pummel","True Grit"],"picked":"Shockwave","floor":7}],"player_experience":414278,"relics_obtained":[{"floor":6,"key":"Pantograph"}],"event_choices":[{"damage_healed":0,"gold_gain":0,"player_choice":"Searched \u00272\u0027 times","damage_taken":0,"relics_obtained":["Gremlin Horn"],"max_hp_gain":0,"max_hp_loss":0,"event_name":"Dead Adventurer","floor":7,"gold_loss":0}],"is_beta":false,"boss_relics":[],"items_purged_floors":[],"is_endless":false,"potions_floor_spawned":[1,6,7],"killed_by":"Gremlin Nob","ascension_level":10}