{"path_per_floor":["M","M","?","M","M","E","R","M","T","?","R","M","M","$","R"],"character_chosen":"IRONCLAD","items_purchased":["Fire Breathing","Dream Catcher"],"gold_per_floor":[117,128,128,145,164,189,189,203,228,228,228,238,252,64,64],"floor_reached":16,"campfire_rested":1,"playtime":1377,"current_hp_per_floor":[76,77,77,76,78,71,71,68,68,68,68,55,57,57,80],"items_purged":[],"gold":64,"score":104,"play_id":"4871af85-50ff-4837-896c-2ec2615b6d0b","is_prod":false,"is_daily":false,"is_ascension_mode":false,"campfire_upgraded":2,"path_taken":["M","M","?","M","M","E","R","M","T","?","R","?","M","$","R","BOSS"],"build_version":"2018-02-15-PROD1","purchased_purges":0,"victory":false,"master_deck":["Strike_R","Strike_R","Strike_R","Strike_R","Strike_R","Defend_R","Defend_R","Defend_R","Bash+1","Burning Pact","Shrug It Off","Offering","Cleave","Anger+1","Dual Wield+1","Thunderclap","Rage","Body Slam","Fire Breathing","Pommel Strike"],"max_hp_per_floor":[80,80,80,80,80,80,80,80,80,80,80,80,80,80,80],"relics":["Burning Blood","Blood Vial","Lantern","Dream Catcher"],"card_choices":[{"not_picked":["Clash","Twin Strike"],"picked":"Burning Pact"},{"not_picked":["Rupture","Clothesline"],"picked":"Shrug It Off"},{"not_picked":["Pummel","Combust"],"picked":"Cleave"},{"not_picked":["Headbutt","Offering"],"picked":"Anger"},{"not_picked":["Intimidate","Reckless Charge"],"picked":"Dual Wield"},{"not_picked":["Clothesline","Warcry"],"picked":"Thunderclap"},{"not_picked":["Anger","Clothesline"],"picked":"Rage"},{"not_picked":["Sword Boomerang","Corruption"],"picked":"Body Slam"},{"not_picked":["Twin Strike","Corruption"],"picked":"Pommel Strike"}],"player_experience":11473,"potions_floor_usage":[16,16],"damage_taken":[{"damage":10,"enemies":"2 Louse","floor":1,"turns":3},{"damage":5,"enemies":"Cultist","floor":2,"turns":4},{"damage":7,"enemies":"Jaw Worm","floor":4,"turns":2},{"damage":4,"enemies":"Red Slaver","floor":5,"turns":4},{"damage":13,"enemies":"3 Sentries","floor":6,"turns":7},{"damage":11,"enemies":"2 Fungi Beasts","floor":8,"turns":3},{"damage":21,"enemies":"Exordium Thugs","floor":12,"turns":4},{"damage":6,"enemies":"Lots of Slimes","floor":13,"turns":2},{"damage":93,"enemies":"The Guardian","floor":16,"turns":11}],"event_choices":[{"event_name":"Transmorgrifier","player_choice":"Transform","floor":3,"damage_taken":0},{"event_name":"Liars Game","player_choice":"disagreed","floor":10,"damage_taken":0}],"boss_relics":[],"potions_floor_spawned":[1,6,12],"seed_played":"-5025324462123214859","killed_by":"The Guardian","ascension_level":0,"is_trial":false}