{"gold_per_floor":[116,134,134,134,134,134,150,188,188,204,204,224,262,8,8,137,137,137],"floor_reached":18,"playtime":946,"items_purged":["Strike_R"],"score":196,"play_id":"f24b7e74-4d05-4ef2-8aa4-7e1d1f7e5ec3","local_time":"20190308210001","is_ascension_mode":true,"campfire_choices":[{"data":"Bash","floor":6.0,"key":"SMITH"},{"data":"Limit Break","floor":11.0,"key":"SMITH"},{"floor":15,"key":"REST"}],"neow_cost":"NONE","seed_source_timestamp":0,"circlet_count":0,"master_deck":["Strike_R","Strike_R","Defend_R","Defend_R","Defend_R","Defend_R","Bash+1","Infernal Blade","Flex","Spot Weakness","Limit Break+1","Corruption","Thunderclap","Demon Form","Pummel","Barricade"],"special_seed":0,"relics":["Black Blood","Golden Idol","Charon\u0027s Ashes","Darkstone Periapt","Letter Opener","Happy Flower"],"potions_floor_usage":[16],"damage_taken":[{"damage":1.0,"enemies":"Cultist","floor":1.0,"turns":3.0},{"damage":1.0,"enemies":"2 Louse","floor":2.0,"turns":3.0},{"damage":0.0,"enemies":"Small Slimes","floor":7.0,"turns":2.0},{"damage":28.0,"enemies":"Gremlin Nob","floor":8.0,"turns":4.0},{"damage":5.0,"enemies":"2 Fungi Beasts","floor":10.0,"turns":3.0},{"damage":17.0,"enemies":"Lots of Slimes","floor":12.0,"turns":6.0},{"damage":25.0,"enemies":"3 Sentries","floor":13.0,"turns":6.0},{"damage":36,"enemies":"Slime Boss","floor":16,"turns":6},{"damage":81,"enemies":"Spheric Guardian","floor":18,"turns":7}],"seed_played":"6470430763363301936","potions_obtained":[{"floor":1.0,"key":"Explosive Potion"},{"floor":2.0,"key":"Regen Potion"},{"floor":7.0,"key":"Energy Potion"},{"floor":13.0,"key":"EssenceOfSteel"}],"is_trial":false,"path_per_floor":["M","M","?","?","?","R","M","E","T","M","R","M","E","$","R","B",null,"M"],"character_chosen":"IRONCLAD","items_purchased":["Pummel","Happy Flower"],"campfire_rested":1,"item_purchase_floors":[14,14],"current_hp_per_floor":[80,80,73,73,73,73,79,57,57,58,58,62,43,43,67,37,80,0],"gold":137,"neow_bonus":"TRANSFORM_CARD","is_prod":false,"is_daily":false,"chose_seed":false,"campfire_upgraded":2,"win_rate":0,"timestamp":1552075201,"path_taken":["M","M","?","?","?","R","M","E","T","M","R","M","E","$","R","BOSS","M"],"build_version":"2019-01-23","purchased_purges":1,"victory":false,"max_hp_per_floor":[80,80,80,80,80,80,80,80,80,80,80,80,80,80,80,80,80,80],"card_choices":[{"not_picked":["Entrench","Havoc","Sever Soul"],"picked":"SKIP","floor":1.0},{"not_picked":["Clothesline","Body Slam"],"picked":"Flex","floor":2.0},{"not_picked":["Twin Strike","Havoc"],"picked":"Spot Weakness","floor":7.0},{"not_picked":["Metallicize","Blood for Blood"],"picked":"Limit Break","floor":8.0},{"not_picked":["Thunderclap","Havoc"],"picked":"Corruption","floor":10.0},{"not_picked":["Power Through","Armaments"],"picked":"Thunderclap","floor":12.0},{"not_picked":["Entrench","Ghostly Armor"],"picked":"Demon Form","floor":13.0},{"not_picked":["Berserk","Limit Break"],"picked":"Barricade","floor":16}],"player_experience":336205,"relics_obtained":[{"floor":8.0,"key":"Charon\u0027s Ashes"},{"floor":9.0,"key":"Darkstone Periapt"},{"floor":13.0,"key":"Letter Opener"}],"event_choices":[{"cards_removed":["Strike_R"],"damage_healed":0.0,"max_hp_gain":0.0,"max_hp_loss":0.0,"gold_gain":0.0,"event_name":"Golden Wing","player_choice":"Card Removal","floor":3.0,"gold_loss":0.0,"damage_taken":7.0},{"damage_healed":0.0,"max_hp_gain":0.0,"max_hp_loss":0.0,"gold_gain":0.0,"event_name":"Golden Idol","player_choice":"Take Wound","floor":4.0,"gold_loss":0.0,"damage_taken":0.0,"relics_obtained":["Golden Idol"],"cards_obtained":["Injury"]},{"cards_removed":["Injury"],"damage_healed":0.0,"max_hp_gain":0.0,"max_hp_loss":0.0,"gold_gain":0.0,"event_name":"Purifier","player_choice":"Purged","floor":5.0,"gold_loss":0.0,"damage_taken":0.0}],"is_beta":false,"boss_relics":[{"not_picked":["Sozu","Calling Bell"],"picked":"Black Blood"}],"items_purged_floors":[14],"is_endless":false,"potions_floor_spawned":[1,2,7,13],"killed_by":"Spheric Guardian","ascension_level":3}