{"gold_per_floor":[109,127,2,15,34,68,68,68,123,123,147,73,73,142,142,142],"floor_reached":16,"playtime":957,"items_purged":["Strike_G"],"score":110,"play_id":"07d35d04-052a-4c43-bd41-eb3ec46cfb5c","local_time":"20190308020354","is_ascension_mode":true,"campfire_choices":[{"floor":7,"key":"REST"},{"data":"Envenom","floor":10,"key":"SMITH"},{"floor":13,"key":"REST"},{"floor":15,"key":"REST"}],"neow_cost":"NONE","seed_source_timestamp":444693632996700,"circlet_count":0,"master_deck":["Defend_G","Defend_G","Defend_G+1","Defend_G","Defend_G","Strike_G","Strike_G","Strike_G","Survivor","Neutralize","Envenom+1","Crippling Poison","Dodge and Roll","Backflip+1","Acrobatics","Catalyst","Dagger Spray","Footwork","Poisoned Stab"],"relics":["Ring of the Snake","War Paint","Golden Idol","Tiny Chest","Ancient Tea Set"],"potions_floor_usage":[16,16],"damage_taken":[{"damage":3,"enemies":"2 Louse","floor":1,"turns":5},{"damage":2,"enemies":"Jaw Worm","floor":2,"turns":6},{"damage":0,"enemies":"Cultist","floor":4,"turns":5},{"damage":5,"enemies":"Exordium Thugs","floor":5,"turns":8},{"damage":46,"enemies":"Lagavulin","floor":6,"turns":14},{"damage":1,"enemies":"Blue Slaver","floor":11,"turns":6},{"damage":24,"enemies":"Gremlin Nob","floor":14,"turns":5},{"damage":48,"enemies":"Slime Boss","floor":16,"turns":11}],"seed_played":"-4200326549037818003","potions_obtained":[{"floor":11,"key":"Swift Potion"},{"floor":14,"key":"SkillPotion"}],"is_trial":false,"path_per_floor":["M","M","$","M","M","E","R","?","T","R","M","$","R","?","R","B"],"character_chosen":"THE_SILENT","items_purchased":["Dodge and Roll","Footwork"],"campfire_rested":3,"item_purchase_floors":[3,12],"current_hp_per_floor":[67,65,65,65,60,14,35,35,35,35,34,34,53,29,48,0],"gold":142,"neow_bonus":"TRANSFORM_CARD","is_prod":false,"is_daily":false,"chose_seed":false,"campfire_upgraded":1,"win_rate":0,"timestamp":1552007034,"path_taken":["M","M","$","M","M","E","R","?","T","R","M","$","R","?","R","BOSS"],"build_version":"2019-01-23","purchased_purges":1,"victory":false,"max_hp_per_floor":[70,70,70,70,70,70,70,65,65,65,65,65,65,65,65,65],"card_choices":[{"not_picked":["Prepared","Blade Dance","Cloak And Dagger"],"picked":"SKIP","floor":1},{"not_picked":["Accuracy","Poisoned Stab"],"picked":"Crippling Poison","floor":2},{"not_picked":["Masterful Stab","Expertise"],"picked":"Backflip","floor":4},{"not_picked":["Underhanded Strike","Sucker Punch"],"picked":"Acrobatics","floor":5},{"not_picked":["Underhanded Strike","Slice"],"picked":"Catalyst","floor":6},{"not_picked":["Reflex","Dagger Throw"],"picked":"Dagger Spray","floor":11},{"not_picked":["Setup","Eviscerate"],"picked":"Poisoned Stab","floor":14}],"player_experience":333381,"relics_obtained":[{"floor":6,"key":"War Paint"},{"floor":9,"key":"Tiny Chest"},{"floor":14,"key":"Ancient Tea Set"}],"event_choices":[{"damage_healed":0,"gold_gain":0,"player_choice":"Lose Max HP","damage_taken":0,"relics_obtained":["Golden Idol"],"max_hp_gain":0,"max_hp_loss":5,"event_name":"Golden Idol","floor":8,"gold_loss":0},{"damage_healed":0,"gold_gain":30,"player_choice":"Searched \u00272\u0027 times","damage_taken":0,"max_hp_gain":0,"max_hp_loss":0,"event_name":"Dead Adventurer","floor":14,"gold_loss":0}],"is_beta":false,"boss_relics":[],"items_purged_floors":[3],"is_endless":false,"potions_floor_spawned":[11,14],"killed_by":"Slime Boss","ascension_level":2}