{"gold_per_floor":[361,30,41,56,69,96,106,126,151,151,151,163,175,192,192,292,292,302,316,109,121,138,138,169,169,169,186,202,202,61,71,71,176,176,196,208,221,239,239,289,289],"floor_reached":41,"playtime":4262,"items_purged":["Strike_R","Strike_R"],"score":475,"play_id":"efa056e3-7447-4256-b582-d3c7658d3707","local_time":"20190212023038","is_ascension_mode":false,"campfire_choices":[{"data":"Apotheosis","floor":10,"key":"SMITH"},{"data":"True Grit","floor":15,"key":"SMITH"},{"floor":23,"key":"REST"},{"floor":25,"key":"REST"},{"floor":29,"key":"REST"},{"floor":32,"key":"REST"}],"neow_cost":"PERCENT_DAMAGE","seed_source_timestamp":1161047367311700,"circlet_count":0,"master_deck":["Strike_R","Strike_R","Defend_R","Defend_R","Defend_R","Defend_R","Bash","Rampage","Apotheosis+1","Seeing Red","Reaper","Anger","Impervious","Carnage","Heavy Blade","True Grit+1","Battle Trance","Feel No Pain","Sentinel","Limit Break","Evolve","Iron Wave","Rage","Blind","Inflame","Rupture","Infernal Blade","Inflame","Battle Trance","Shockwave","Headbutt","Demon Form","Anger","Entrench+1","Second Wind","Intimidate","Flex+1","Inflame+1","Cleave+1","Parasite","Feed","Heavy Blade+1","Madness","Madness","Rage"],"relics":["Burning Blood","Blood Vial","Kunai","Bag of Marbles","Fusion Hammer","Nunchaku","Question Card","Orrery","Thread and Needle"],"potions_floor_usage":[6,16,19,21,24,36,37,40,40,41],"damage_taken":[{"damage":0,"enemies":"2 Louse","floor":1,"turns":4},{"damage":0,"enemies":"Cultist","floor":3,"turns":4},{"damage":3,"enemies":"Jaw Worm","floor":4,"turns":3},{"damage":8,"enemies":"Exordium Wildlife","floor":5,"turns":7},{"damage":43,"enemies":"Lagavulin","floor":6,"turns":8},{"damage":7,"enemies":"Blue Slaver","floor":7,"turns":5},{"damage":8,"enemies":"Large Slime","floor":8,"turns":7},{"damage":10,"enemies":"Looter","floor":12,"turns":3},{"damage":7,"enemies":"3 Louse","floor":13,"turns":3},{"damage":2,"enemies":"Blue Slaver","floor":14,"turns":4},{"damage":1,"enemies":"Slime Boss","floor":16,"turns":11},{"damage":30,"enemies":"Spheric Guardian","floor":18,"turns":6},{"damage":15,"enemies":"3 Byrds","floor":19,"turns":6},{"damage":16,"enemies":"Sentry and Sphere","floor":21,"turns":6},{"damage":8,"enemies":"Snecko","floor":22,"turns":5},{"damage":25,"enemies":"Slavers","floor":24,"turns":7},{"damage":20,"enemies":"Centurion and Healer","floor":27,"turns":6},{"damage":36,"enemies":"Snake Plant","floor":28,"turns":3},{"damage":5,"enemies":"Cultist and Chosen","floor":31,"turns":6},{"damage":31,"enemies":"Automaton","floor":33,"turns":9},{"damage":15,"enemies":"Orb Walker","floor":35,"turns":4},{"damage":22,"enemies":"3 Shapes","floor":36,"turns":4},{"damage":15,"enemies":"Writhing Mass","floor":37,"turns":7},{"damage":21,"enemies":"Sphere and 2 Shapes","floor":38,"turns":5},{"damage":37,"enemies":"2 Orb Walkers","floor":40,"turns":5},{"damage":43,"enemies":"Spire Growth","floor":41,"turns":6}],"seed_played":"-4893173216539511095","potions_obtained":[{"floor":1,"key":"EssenceOfSteel"},{"floor":5,"key":"Energy Potion"},{"floor":12,"key":"AttackPotion"},{"floor":13,"key":"FearPotion"},{"floor":18,"key":"FearPotion"},{"floor":21,"key":"Weak Potion"},{"floor":27,"key":"GamblersBrew"},{"floor":33,"key":"Fire Potion"},{"floor":37,"key":"Weak Potion"},{"floor":38,"key":"LiquidBronze"},{"floor":40,"key":"Block Potion"}],"is_trial":false,"path_per_floor":["M","$","M","M","M","E","M","M","T","R","?","M","M","M","R","B",null,"M","M","$","M","M","R","E","R","T","M","M","R","$","M","R","B",null,"M","M","M","M","?","?","M"],"character_chosen":"IRONCLAD","items_purchased":["Apotheosis","Blood Vial","Rage","Blind","Shockwave"],"campfire_rested":4,"item_purchase_floors":[2,2,20,20,30],"current_hp_per_floor":[62,62,70,75,78,47,52,57,57,57,57,55,74,80,80,80,80,56,55,55,51,57,80,80,80,80,66,57,80,80,80,80,66,80,71,57,56,56,46,33,0],"gold":289,"neow_bonus":"TWO_FIFTY_GOLD","is_prod":false,"is_daily":false,"chose_seed":false,"campfire_upgraded":2,"win_rate":0,"timestamp":1549935038,"path_taken":["M","$","M","M","M","E","M","M","T","R","?","M","?","M","R","BOSS","M","M","$","?","M","R","E","R","T","M","M","R","$","M","R","BOSS","M","M","M","M","?","?","M"],"build_version":"2019-01-23","purchased_purges":2,"victory":false,"max_hp_per_floor":[80,80,80,80,80,80,80,80,80,80,80,80,80,80,80,80,80,80,80,80,80,80,80,80,80,80,80,80,80,80,80,80,80,80,80,80,80,80,80,80,80],"card_choices":[{"not_picked":["Pommel Strike","Twin Strike"],"picked":"Rampage","floor":1},{"not_picked":["Flex","Iron Wave"],"picked":"Seeing Red","floor":3},{"not_picked":["Blood for Blood","Body Slam"],"picked":"Reaper","floor":4},{"not_picked":["Heavy Blade","Corruption"],"picked":"Anger","floor":5},{"not_picked":["Clash","Second Wind"],"picked":"Impervious","floor":6},{"not_picked":["Body Slam","Armaments"],"picked":"Carnage","floor":7},{"not_picked":["Combust","Armaments"],"picked":"Heavy Blade","floor":8},{"not_picked":["Sword Boomerang","Clash"],"picked":"Battle Trance","floor":12},{"not_picked":["Twin Strike","Thunderclap"],"picked":"Feel No Pain","floor":13},{"not_picked":["Entrench","Corruption"],"picked":"Sentinel","floor":14},{"not_picked":["Dark Embrace","Reaper"],"picked":"Limit Break","floor":16},{"not_picked":["Headbutt","Shrug It Off"],"picked":"Evolve","floor":18},{"not_picked":["Shrug It Off","Heavy Blade"],"picked":"Iron Wave","floor":19},{"not_picked":["Sword Boomerang+1","Carnage"],"picked":"Inflame","floor":21},{"not_picked":["Burning Pact","Sword Boomerang"],"picked":"Rupture","floor":22},{"not_picked":["Ghostly Armor+1","Pommel Strike"],"picked":"Infernal Blade","floor":24},{"not_picked":["Twin Strike","Iron Wave","Battle Trance"],"picked":"Inflame","floor":27},{"not_picked":["Cleave","Bludgeon","Headbutt"],"picked":"Battle Trance","floor":28},{"not_picked":["Heavy Blade","Thunderclap","Brutality"],"picked":"Headbutt","floor":31},{"not_picked":["Feed","Double Tap","Impervious"],"picked":"Demon Form","floor":33},{"not_picked":["Heavy Blade","Carnage","Clothesline+1"],"picked":"Anger","floor":34},{"not_picked":["Anger","Havoc","Cleave"],"picked":"Entrench+1","floor":34},{"not_picked":["Brutality","Clash","Entrench"],"picked":"Second Wind","floor":34},{"not_picked":["Combust","Searing Blow+1","Pummel"],"picked":"Intimidate","floor":34},{"not_picked":["Entrench+1","Evolve","Feel No Pain+1"],"picked":"Flex+1","floor":34},{"not_picked":["True Grit","Fire Breathing+1","Pommel Strike"],"picked":"Inflame+1","floor":35},{"not_picked":["Warcry","Bloodletting+1","Iron Wave+1"],"picked":"Cleave+1","floor":36},{"not_picked":["Ghostly Armor+1","Seeing Red+1","Pommel Strike+1"],"picked":"Feed","floor":37},{"not_picked":["Dropkick","Corruption+1","Iron Wave+1"],"picked":"Heavy Blade+1","floor":38},{"not_picked":["Wild Strike+1","Flame Barrier+1","Body Slam+1"],"picked":"Rage","floor":40}],"player_experience":65834,"relics_obtained":[{"floor":6,"key":"Kunai"},{"floor":9,"key":"Bag of Marbles"},{"floor":24,"key":"Nunchaku"},{"floor":26,"key":"Question Card"},{"floor":40,"key":"Thread and Needle"}],"event_choices":[{"damage_healed":0,"gold_gain":0,"cards_transformed":["Strike_R"],"player_choice":"Transformed","damage_taken":0,"max_hp_gain":0,"max_hp_loss":0,"event_name":"Transmorgrifier","floor":11,"gold_loss":0,"cards_obtained":["True Grit"]},{"damage_healed":0,"gold_gain":0,"player_choice":"Embrace Madness","damage_taken":10,"max_hp_gain":0,"max_hp_loss":0,"event_name":"Winding Halls","floor":39,"gold_loss":0,"cards_obtained":["Madness","Madness"]},{"damage_healed":0,"gold_gain":0,"player_choice":"Fight","damage_taken":0,"max_hp_gain":0,"max_hp_loss":0,"event_name":"Mysterious Sphere","floor":40,"gold_loss":0}],"is_beta":false,"boss_relics":[{"not_picked":["Runic Cube","Mark of Pain"],"picked":"Fusion Hammer"},{"not_picked":["White Beast Statue","Velvet Choker"],"picked":"Orrery"}],"items_purged_floors":[20,30],"is_endless":false,"potions_floor_spawned":[1,5,12,13,18,21,27,33,37,38,40],"killed_by":"Spire Growth","ascension_level":0}