{"path_per_floor":["M","?","M","M","M","R","E","R","T","M","R","M","M","M","R","B",null,"M","M","$","?","M","R","?","R","T","?","$","M","M","M","R","B",null,"M","?"],"character_chosen":"IRONCLAD","items_purchased":["Pommel Strike","Gremlin Horn"],"gold_per_floor":[114,114,130,144,156,156,189,189,189,208,208,220,237,252,252,355,385,397,413,46,46,57,57,57,57,57,57,57,70,87,105,105,202,202,215,215],"floor_reached":37,"campfire_rested":0,"playtime":3499,"current_hp_per_floor":[80,64,70,70,76,76,63,63,73,83,83,83,92,79,79,41,111,99,98,98,98,89,89,89,89,89,89,89,78,62,63,63,20,123,74,59],"items_purged":["Defend_R"],"gold":215,"score":375,"play_id":"d8b22466-a711-44e4-a122-76bd4a5994d3","is_prod":false,"is_daily":false,"is_ascension_mode":false,"campfire_upgraded":7,"path_taken":["M","?","M","M","?","R","E","R","T","M","R","M","M","?","R","BOSS","M","M","$","?","M","R","?","R","T","?","$","M","M","?","R","BOSS","M","?","M"],"build_version":"2018-02-22-PROD2","purchased_purges":1,"victory":false,"master_deck":["Strike_R","Strike_R+1","Strike_R","Strike_R+1","Defend_R","Defend_R","Defend_R+1","Bash+1","Anger","Armaments+1","Shrug It Off","Feed+1","Spot Weakness+1","Dropkick","Cleave","Seeing Red+1","Battle Trance","Exhume+1","Rage","Battle Trance","True Grit+1","Pommel Strike+1","Battle Trance","Injury","Berserk+1","Pommel Strike","Heavy Blade","Offering","Dual Wield+1","Madness","Madness"],"max_hp_per_floor":[80,80,80,80,80,80,80,80,90,94,94,98,102,106,106,106,111,111,115,115,115,115,115,115,115,115,115,115,119,119,123,123,123,123,123,123],"relics":["Burning Blood","Bottled Lightning","Pear","Tiny House","Gremlin Horn","Champion Belt","Mark of Pain"],"card_choices":[{"not_picked":["Warcry","Evolve"],"picked":"Anger"},{"not_picked":["Hemokinesis","Wild Strike"],"picked":"Armaments"},{"not_picked":["Thunderclap","Flex"],"picked":"Shrug It Off"},{"not_picked":["Clash","Cleave"],"picked":"Feed"},{"not_picked":["True Grit","Rampage"],"picked":"Spot Weakness"},{"not_picked":["Anger","Reckless Charge"],"picked":"Dropkick"},{"not_picked":["Flex","Body Slam"],"picked":"Cleave"},{"not_picked":["Corruption","Searing Blow"],"picked":"Seeing Red"},{"not_picked":["Sentinel","Flex"],"picked":"Battle Trance"},{"not_picked":["Feed","Barricade"],"picked":"Exhume"},{"not_picked":["Metallicize","Infernal Blade"],"picked":"Rage"},{"not_picked":["Wild Strike","Dropkick"],"picked":"Battle Trance"},{"not_picked":["Hemokinesis","Clash"],"picked":"True Grit"},{"not_picked":["True Grit","Shockwave"],"picked":"Battle Trance"},{"not_picked":["Infernal Blade","Clothesline"],"picked":"Berserk"},{"not_picked":["Warcry","Flame Barrier"],"picked":"Pommel Strike"},{"not_picked":["Anger","Perfected Strike"],"picked":"Heavy Blade"},{"not_picked":["Berserk","Feed"],"picked":"Offering"},{"not_picked":["Infernal Blade","Uppercut"],"picked":"Dual Wield"}],"player_experience":145081,"potions_floor_usage":[7,18,30,31,33,33,33],"damage_taken":[{"damage":4,"enemies":"2 Louse","floor":1,"turns":3},{"damage":0,"enemies":"Cultist","floor":3,"turns":3},{"damage":6,"enemies":"Jaw Worm","floor":4,"turns":3},{"damage":0,"enemies":"3 Louse","floor":5,"turns":4},{"damage":19,"enemies":"Lagavulin","floor":7,"turns":6},{"damage":0,"enemies":"Large Slime","floor":10,"turns":6},{"damage":10,"enemies":"Exordium Wildlife","floor":12,"turns":4},{"damage":1,"enemies":"2 Fungi Beasts","floor":13,"turns":3},{"damage":23,"enemies":"Gremlin Gang","floor":14,"turns":4},{"damage":44,"enemies":"Slime Boss","floor":16,"turns":9},{"damage":18,"enemies":"Shell Parasite","floor":18,"turns":13},{"damage":11,"enemies":"Chosen","floor":19,"turns":5},{"damage":15,"enemies":"Centurion and Healer","floor":22,"turns":5},{"damage":21,"enemies":"Snake Plant","floor":29,"turns":4},{"damage":22,"enemies":"3 Cultists","floor":30,"turns":8},{"damage":15,"enemies":"Centurion and Healer","floor":31,"turns":5},{"damage":49,"enemies":"Collector","floor":33,"turns":7},{"damage":55,"enemies":"3 Darklings","floor":35,"turns":5}],"event_choices":[{"event_name":"Shining Light","player_choice":"Entered Light","floor":2,"damage_taken":0},{"event_name":"Back to Basics","player_choice":"Elegance","floor":21,"damage_taken":0},{"event_name":"Drug Dealer","player_choice":"Ignored","floor":24,"damage_taken":0},{"event_name":"Accursed Blacksmith","player_choice":"Forge","floor":27,"damage_taken":0},{"event_name":"Winding Halls","player_choice":"Embrace Madness","floor":36,"damage_taken":0}],"boss_relics":[{"not_picked":["Calling Bell","Black Blood"],"picked":"Tiny House"},{"not_picked":["Velvet Choker","White Beast Statue"],"picked":"Mark of Pain"}],"potions_floor_spawned":[3,5,10,12,18,30,31,35],"seed_played":"-3677082657129499413","killed_by":"3 Shapes","ascension_level":0,"is_trial":false}