{"gold_per_floor":[119,137,152,85,96,124,199,209,209,229,229,229,229,244,244,344,344,354,354,354],"floor_reached":20,"playtime":767,"items_purged":[],"score":176,"play_id":"02922b74-de5b-4128-9f60-20d2857314df","local_time":"20190416215237","is_ascension_mode":false,"campfire_choices":[{"data":"Zap","floor":11,"key":"SMITH"},{"data":"Redo","floor":13,"key":"SMITH"},{"data":"Beam Cell","floor":15,"key":"SMITH"}],"neow_cost":"NONE","seed_source_timestamp":306490008024296,"circlet_count":0,"master_deck":["Strike_B","Strike_B","Strike_B","Defend_B","Defend_B","Defend_B","Defend_B","Zap+1","Dualcast","Dramatic Entrance","Rip and Tear","Rebound","Redo+1","Self Repair","FTL","Capacitor","Multi-Cast","Beam Cell+1","Reprogram","Seek","Leap"],"relics":["Cracked Core"],"potions_floor_usage":[6,6,6,16,16,18,19],"damage_taken":[{"damage":1,"enemies":"Jaw Worm","floor":1,"turns":3},{"damage":0,"enemies":"2 Louse","floor":2,"turns":2},{"damage":0,"enemies":"Cultist","floor":3,"turns":2},{"damage":6,"enemies":"Exordium Wildlife","floor":5,"turns":2},{"damage":2,"enemies":"Gremlin Nob","floor":6,"turns":3},{"damage":10,"enemies":"Looter","floor":8,"turns":3},{"damage":13,"enemies":"Red Slaver","floor":10,"turns":2},{"damage":0,"enemies":"3 Louse","floor":14,"turns":2},{"damage":28,"enemies":"Hexaghost","floor":16,"turns":9},{"damage":27,"enemies":"3 Byrds","floor":18,"turns":4},{"damage":23,"enemies":"Colosseum Slavers","floor":19,"turns":5},{"damage":0,"enemies":"2 Thieves","floor":20,"turns":1}],"seed_played":"-1656402416482758745","potions_obtained":[{"floor":3,"key":"AttackPotion"},{"floor":5,"key":"EntropicBrew"},{"floor":8,"key":"SteroidPotion"},{"floor":18,"key":"PowerPotion"}],"is_trial":false,"path_per_floor":["M","M","M","$","M","E","?","M","T","M","R","?","R","M","R","B",null,"M","?","M"],"character_chosen":"DEFECT","items_purchased":["Self Repair"],"campfire_rested":0,"item_purchase_floors":[4],"current_hp_per_floor":[74,74,74,74,68,73,62,52,52,46,46,39,39,46,46,25,75,48,32,32],"gold":354,"neow_bonus":"RANDOM_COLORLESS","is_prod":false,"is_daily":false,"chose_seed":false,"campfire_upgraded":3,"win_rate":0,"timestamp":1555422757,"path_taken":["M","M","M","$","M","E","?","M","T","M","R","?","R","M","R","BOSS","M","?","M"],"build_version":"2019-01-23","purchased_purges":0,"victory":false,"max_hp_per_floor":[75,75,75,75,75,75,75,75,75,75,75,75,75,75,75,75,75,75,75,75],"card_choices":[{"not_picked":["Barrage","Force Field"],"picked":"Rip and Tear","floor":1},{"not_picked":["Turbo","Lockon"],"picked":"Rebound","floor":2},{"not_picked":["BootSequence","Undo"],"picked":"Redo","floor":3},{"not_picked":["Leap","Barrage"],"picked":"FTL","floor":5},{"not_picked":["Static Discharge","Reinforced Body"],"picked":"Capacitor","floor":6},{"not_picked":["Compile Driver","Gash"],"picked":"Multi-Cast","floor":8},{"not_picked":["Recycle","Scrape"],"picked":"Beam Cell","floor":10},{"not_picked":["Coolheaded","Chaos"],"picked":"Reprogram","floor":14},{"not_picked":["Hyperbeam","Multi-Cast"],"picked":"Seek","floor":16},{"not_picked":["Force Field","BootSequence"],"picked":"Leap","floor":18}],"player_experience":980942,"relics_obtained":[],"event_choices":[{"damage_healed":0,"gold_gain":75,"player_choice":"Gather Gold","damage_taken":11,"max_hp_gain":0,"max_hp_loss":0,"event_name":"World of Goop","floor":7,"gold_loss":0},{"cards_removed":["Strike_B"],"damage_healed":0,"gold_gain":0,"player_choice":"Card Removal","damage_taken":7,"max_hp_gain":0,"max_hp_loss":0,"event_name":"Golden Wing","floor":12,"gold_loss":0},{"damage_healed":0,"gold_gain":0,"player_choice":"Fight","damage_taken":0,"max_hp_gain":0,"max_hp_loss":0,"event_name":"Colosseum","floor":19,"gold_loss":0},{"damage_healed":0,"gold_gain":0,"player_choice":"Fled From Nobs","damage_taken":0,"max_hp_gain":0,"max_hp_loss":0,"event_name":"Colosseum","floor":19,"gold_loss":0}],"is_beta":false,"boss_relics":[{"not_picked":["Velvet Choker","Pandora\u0027s Box","Runic Dome"]}],"items_purged_floors":[],"is_endless":false,"potions_floor_spawned":[3,5,8,10,14,18],"killed_by":"2 Thieves","ascension_level":0}