{"gold_per_floor":[117,131,142,142,152,152,152,152,152,152,171,246,246,171,171,268,268,281,300,215,34,34,45,45,61,84,84,6,6,17,17,17,17],"floor_reached":33,"playtime":2074,"items_purged":["Strike_R","Strike_R"],"score":234,"play_id":"4132290d-bd1a-4360-92c0-35a1cd8522a8","local_time":"20190219190518","is_ascension_mode":false,"campfire_choices":[{"data":"True Grit","floor":6,"key":"SMITH"},{"data":"Feed","floor":8,"key":"SMITH"},{"floor":13,"key":"REST"},{"floor":15,"key":"REST"},{"data":"Demon Form","floor":24,"key":"SMITH"},{"floor":27,"key":"REST"},{"floor":29,"key":"REST"},{"data":"Fiend Fire","floor":32,"key":"SMITH"}],"neow_cost":"NONE","seed_source_timestamp":158865845942500,"circlet_count":0,"master_deck":["Strike_R","Strike_R+1","Defend_R","Defend_R","Defend_R","Defend_R","Bash","Forethought+1","Cleave","True Grit+1","Shrug It Off+1","Feed+1","Fiend Fire+1","Demon Form+1","Seeing Red","Double Tap","Armaments+1","Infernal Blade","Headbutt","Shrug It Off","Body Slam"],"relics":["Burning Blood","Dodecahedron","Cursed Key","Ornamental Fan","Juzu Bracelet","Spirit Poop"],"potions_floor_usage":[16,19,33,33],"damage_taken":[{"damage":1,"enemies":"2 Louse","floor":1,"turns":4},{"damage":1,"enemies":"Cultist","floor":2,"turns":4},{"damage":10,"enemies":"Small Slimes","floor":3,"turns":4},{"damage":12,"enemies":"3 Louse","floor":5,"turns":3},{"damage":1,"enemies":"Large Slime","floor":11,"turns":7},{"damage":47,"enemies":"Slime Boss","floor":16,"turns":16},{"damage":19,"enemies":"3 Byrds","floor":18,"turns":6},{"damage":25,"enemies":"2 Thieves","floor":19,"turns":4},{"damage":20,"enemies":"Snecko","floor":23,"turns":7},{"damage":37,"enemies":"Snake Plant","floor":25,"turns":7},{"damage":5,"enemies":"Centurion and Healer","floor":30,"turns":7},{"damage":96,"enemies":"Automaton","floor":33,"turns":8}],"seed_played":"-7800421755453975698","potions_obtained":[{"floor":1,"key":"SneckoOil"},{"floor":5,"key":"Dexterity Potion"},{"floor":18,"key":"SteroidPotion"},{"floor":30,"key":"BloodPotion"}],"is_trial":false,"path_per_floor":["M","M","M","?","M","R","?","R","T","?","M","?","R","$","R","B",null,"M","M","?","$","?","M","R","M","T","R","$","R","M","?","R","B"],"character_chosen":"IRONCLAD","items_purchased":["Double Tap","Headbutt","Shrug It Off"],"campfire_rested":4,"item_purchase_floors":[21,28,28],"current_hp_per_floor":[80,80,76,76,70,70,70,70,70,54,59,48,72,72,80,39,80,71,52,52,52,84,74,74,43,43,69,69,88,88,88,88,0],"gold":17,"neow_bonus":"RANDOM_COLORLESS","is_prod":false,"is_daily":false,"chose_seed":false,"campfire_upgraded":4,"win_rate":0,"timestamp":1550599518,"path_taken":["M","M","M","?","?","R","?","R","T","?","M","?","R","$","R","BOSS","M","M","?","$","?","M","R","?","T","R","$","R","M","?","R","BOSS"],"build_version":"2019-01-23","purchased_purges":2,"victory":false,"max_hp_per_floor":[80,80,80,80,80,80,80,80,80,80,80,80,80,80,80,80,80,84,84,84,84,84,88,88,88,88,88,88,88,88,88,88,88],"card_choices":[{"not_picked":["Flame Barrier","Pommel Strike"],"picked":"Cleave","floor":1},{"not_picked":["Perfected Strike","Fire Breathing","Armaments"],"picked":"SKIP","floor":2},{"not_picked":["Havoc","Armaments"],"picked":"True Grit","floor":3},{"not_picked":["Heavy Blade","Cleave"],"picked":"Shrug It Off","floor":5},{"not_picked":["Burning Pact","Entrench"],"picked":"Fiend Fire","floor":11},{"not_picked":["Limit Break","Immolate"],"picked":"Demon Form","floor":16},{"not_picked":["True Grit","Sword Boomerang"],"picked":"Seeing Red","floor":18},{"not_picked":["Clash","Second Wind","Sword Boomerang"],"picked":"SKIP","floor":19},{"not_picked":["Cleave+1","Carnage"],"picked":"Armaments+1","floor":23},{"not_picked":["Second Wind","True Grit"],"picked":"Infernal Blade","floor":25},{"not_picked":["Flame Barrier+1","Rupture"],"picked":"Body Slam","floor":30}],"player_experience":182400,"relics_obtained":[{"floor":9,"key":"Dodecahedron"},{"floor":26,"key":"Juzu Bracelet"}],"event_choices":[{"damage_healed":0,"gold_gain":0,"player_choice":"Upgraded","damage_taken":0,"max_hp_gain":0,"max_hp_loss":0,"event_name":"Upgrade Shrine","floor":4,"gold_loss":0,"cards_upgraded":["Forethought"]},{"damage_healed":0,"gold_gain":0,"cards_transformed":["Strike_R"],"player_choice":"Change","damage_taken":0,"max_hp_gain":0,"max_hp_loss":0,"event_name":"Living Wall","floor":7,"gold_loss":0,"cards_obtained":["Feed"]},{"damage_healed":0,"gold_gain":0,"player_choice":"Entered Light","damage_taken":16,"max_hp_gain":0,"max_hp_loss":0,"event_name":"Shining Light","floor":10,"gold_loss":0,"cards_upgraded":["Strike_R","Shrug It Off"]},{"damage_healed":0,"gold_gain":75,"player_choice":"Gather Gold","damage_taken":11,"max_hp_gain":0,"max_hp_loss":0,"event_name":"World of Goop","floor":12,"gold_loss":0},{"damage_healed":0,"gold_gain":0,"player_choice":"Obtained Relic","damage_taken":0,"relics_obtained":["Ornamental Fan"],"max_hp_gain":0,"max_hp_loss":0,"event_name":"Addict","floor":20,"gold_loss":85},{"damage_healed":32,"gold_gain":0,"player_choice":"Full Heal","damage_taken":0,"max_hp_gain":0,"max_hp_loss":0,"event_name":"Wheel of Change","floor":22,"gold_loss":0},{"cards_removed":["Pain"],"damage_healed":0,"gold_gain":0,"player_choice":"Offered Curse","damage_taken":0,"relics_obtained":["Spirit Poop"],"max_hp_gain":0,"max_hp_loss":0,"event_name":"Bonfire Elementals","floor":31,"gold_loss":0}],"is_beta":false,"boss_relics":[{"not_picked":["Orrery","Busted Crown"],"picked":"Cursed Key"}],"items_purged_floors":[14,21],"is_endless":false,"potions_floor_spawned":[1,5,18,30],"killed_by":"Automaton","ascension_level":0}