{"gold_per_floor":[112,130,130,146,157,157,183,183,206,206,218,248,15,25,25,124,124,138,148,73,83,95,95,95],"floor_reached":24,"playtime":967,"items_purged":["Strike_R"],"score":200,"play_id":"15b884fe-22dc-4696-bab0-bf844a49de3a","local_time":"20190322234832","is_ascension_mode":false,"campfire_choices":[{"data":"Pommel Strike","floor":6,"key":"SMITH"},{"data":"Flame Barrier","floor":8,"key":"SMITH"},{"data":"Bash","floor":10,"key":"SMITH"},{"data":"Panacea","floor":15,"key":"SMITH"},{"floor":23,"key":"REST"}],"neow_cost":"PERCENT_DAMAGE","seed_source_timestamp":173767195714435,"circlet_count":0,"master_deck":["Strike_R","Strike_R","Strike_R","Defend_R","Defend_R","Defend_R","Defend_R","Bash+1","Purity","Violence","Intimidate","Sword Boomerang","Flame Barrier+1","Pommel Strike+1","Spot Weakness","Panacea+1","Demon Form","Twin Strike+1","Armaments","Headbutt"],"relics":["Burning Blood","Vajra","Regal Pillow","Bag of Preparation","White Beast Statue"],"potions_floor_usage":[16,18,22,24,24],"damage_taken":[{"damage":3,"enemies":"Small Slimes","floor":1,"turns":4},{"damage":6,"enemies":"Jaw Worm","floor":2,"turns":6},{"damage":1,"enemies":"Cultist","floor":4,"turns":5},{"damage":3,"enemies":"Red Slaver","floor":5,"turns":4},{"damage":10,"enemies":"Exordium Wildlife","floor":11,"turns":4},{"damage":15,"enemies":"Lagavulin","floor":12,"turns":6},{"damage":2,"enemies":"Blue Slaver","floor":14,"turns":2},{"damage":14,"enemies":"The Guardian","floor":16,"turns":11},{"damage":24,"enemies":"2 Thieves","floor":18,"turns":4},{"damage":10,"enemies":"Chosen","floor":19,"turns":5},{"damage":26,"enemies":"Snake Plant","floor":21,"turns":5},{"damage":11,"enemies":"Cultist and Chosen","floor":22,"turns":5},{"damage":75,"enemies":"Book of Stabbing","floor":24,"turns":5}],"seed_played":"3910482519997605490","potions_obtained":[{"floor":2,"key":"Strength Potion"},{"floor":4,"key":"Dexterity Potion"},{"floor":5,"key":"SkillPotion"},{"floor":18,"key":"LiquidBronze"},{"floor":19,"key":"Dexterity Potion"},{"floor":22,"key":"Energy Potion"}],"is_trial":false,"path_per_floor":["M","M","?","M","M","R","T","R","T","R","M","E","$","M","R","B",null,"M","M","$","M","M","R","E"],"character_chosen":"IRONCLAD","items_purchased":["Panacea","Bag of Preparation"],"campfire_rested":1,"item_purchase_floors":[13,13],"current_hp_per_floor":[59,59,59,64,67,67,67,67,67,67,63,54,54,58,58,50,80,62,58,58,38,33,72,0],"gold":95,"neow_bonus":"RANDOM_COLORLESS_2","is_prod":false,"is_daily":false,"chose_seed":false,"campfire_upgraded":4,"win_rate":0,"timestamp":1553269712,"path_taken":["M","M","?","M","M","R","?","R","T","R","M","E","$","M","R","BOSS","M","?","?","M","M","R","E"],"build_version":"2019-01-23","purchased_purges":1,"victory":false,"max_hp_per_floor":[80,80,80,80,80,80,80,80,80,80,80,80,80,80,80,80,80,80,80,80,80,80,80,80],"card_choices":[{"not_picked":["Infernal Blade","Wild Strike"],"picked":"Intimidate","floor":1},{"not_picked":["Power Through","Bloodletting"],"picked":"Sword Boomerang","floor":2},{"not_picked":["Iron Wave","Wild Strike"],"picked":"Pommel Strike","floor":4},{"not_picked":["Clothesline","Infernal Blade","Shockwave"],"picked":"SKIP","floor":5},{"not_picked":["Ghostly Armor","Anger"],"picked":"Spot Weakness","floor":11},{"not_picked":["Barricade","True Grit","Warcry"],"picked":"SKIP","floor":12},{"not_picked":["True Grit","Anger","Havoc"],"picked":"SKIP","floor":14},{"not_picked":["Juggernaut","Berserk"],"picked":"Demon Form","floor":16},{"not_picked":["Ghostly Armor","True Grit"],"picked":"Twin Strike+1","floor":18},{"not_picked":["Dropkick","Evolve"],"picked":"Armaments","floor":19},{"not_picked":["Clash","Metallicize","Cleave"],"picked":"SKIP","floor":21},{"not_picked":["Combust","Flame Barrier"],"picked":"Headbutt","floor":22}],"player_experience":898912,"relics_obtained":[{"floor":9,"key":"Vajra"},{"floor":12,"key":"Regal Pillow"}],"event_choices":[{"damage_healed":0,"gold_gain":0,"cards_transformed":["Strike_R"],"player_choice":"Change","damage_taken":0,"max_hp_gain":0,"max_hp_loss":0,"event_name":"Living Wall","floor":3,"gold_loss":0,"cards_obtained":["Flame Barrier"]}],"is_beta":false,"boss_relics":[{"not_picked":["Runic Dome","Velvet Choker"],"picked":"White Beast Statue"}],"items_purged_floors":[20],"is_endless":false,"potions_floor_spawned":[2,4,5,12,18,19,21,22],"killed_by":"Book of Stabbing","ascension_level":0}