{"gold_per_floor":[115,126,142,161,64,64,78,78,78,78,97,128,145,161,161,256,256,273,273,293,304,19,19,19],"floor_reached":24,"playtime":945,"items_purged":["Strike_B"],"score":202,"play_id":"0b53a5e8-8969-42a2-a0f1-cfb3603e054b","local_time":"20190317211353","is_ascension_mode":false,"campfire_choices":[{"data":"Sunder","floor":6,"key":"SMITH"},{"data":"Zap","floor":8,"key":"SMITH"},{"data":"Defragment","floor":10,"key":"SMITH"},{"data":"Genetic Algorithm","floor":15,"key":"SMITH"},{"data":"Defragment","floor":23,"key":"SMITH"}],"neow_cost":"NONE","seed_source_timestamp":1923986219155772,"circlet_count":0,"master_deck":["Strike_B","Strike_B","Strike_B","Defend_B","Defend_B","Defend_B","Defend_B","Zap+1","Dualcast","Streamline","Sunder+1","Defragment+1","Hologram","Capacitor","Melter","Leap","Genetic Algorithm+1","Loop","Machine Learning","Rebound+1","Coolheaded+1","Defragment+1"],"relics":["Cracked Core","Orichalcum","Bag of Preparation","Inserter","Singing Bowl","Matryoshka"],"potions_floor_usage":[0,12,16,16,18],"damage_taken":[{"damage":6,"enemies":"2 Louse","floor":1,"turns":2},{"damage":1,"enemies":"Cultist","floor":2,"turns":3},{"damage":6,"enemies":"Jaw Worm","floor":3,"turns":2},{"damage":6,"enemies":"Red Slaver","floor":4,"turns":3},{"damage":2,"enemies":"3 Louse","floor":7,"turns":2},{"damage":0,"enemies":"Large Slime","floor":11,"turns":4},{"damage":21,"enemies":"Lagavulin","floor":12,"turns":5},{"damage":0,"enemies":"Exordium Wildlife","floor":13,"turns":3},{"damage":1,"enemies":"Looter","floor":14,"turns":3},{"damage":22,"enemies":"Slime Boss","floor":16,"turns":9},{"damage":14,"enemies":"Shell Parasite","floor":18,"turns":5},{"damage":0,"enemies":"Spheric Guardian","floor":20,"turns":1},{"damage":28,"enemies":"Chosen and Byrds","floor":21,"turns":6},{"damage":47,"enemies":"3 Cultists","floor":24,"turns":5}],"seed_played":"7218122486560925703","potions_obtained":[{"floor":0,"key":"AttackPotion"},{"floor":0,"key":"Fruit Juice"},{"floor":0,"key":"Regen Potion"},{"floor":2,"key":"SteroidPotion"},{"floor":4,"key":"Dexterity Potion"},{"floor":13,"key":"Poison Potion"},{"floor":16,"key":"Explosive Potion"},{"floor":18,"key":"Energy Potion"},{"floor":21,"key":"FearPotion"}],"is_trial":false,"path_per_floor":["M","M","M","M","$","R","M","R","T","R","M","E","M","M","R","B",null,"M","?","M","M","$","R","M"],"character_chosen":"DEFECT","items_purchased":["Hologram","Defragment","Matryoshka"],"campfire_rested":0,"item_purchase_floors":[5,22,22],"current_hp_per_floor":[74,73,67,61,61,61,59,59,59,59,59,52,52,51,51,29,80,66,66,68,40,40,40,0],"gold":19,"neow_bonus":"THREE_SMALL_POTIONS","is_prod":false,"is_daily":false,"chose_seed":false,"campfire_upgraded":5,"win_rate":0,"timestamp":1552828433,"path_taken":["M","M","M","M","$","R","M","R","T","R","M","E","M","M","R","BOSS","M","?","M","?","?","R","M"],"build_version":"2019-01-23","purchased_purges":1,"victory":false,"max_hp_per_floor":[80,80,80,80,80,80,80,80,80,80,80,80,80,80,80,80,80,80,80,82,82,82,82,82],"card_choices":[{"not_picked":["Steam Power","Beam Cell"],"picked":"Streamline","floor":1},{"not_picked":["Gash","Consume"],"picked":"Sunder","floor":2},{"not_picked":["Sweeping Beam","Chaos","Stack"],"picked":"SKIP","floor":3},{"not_picked":["Beam Cell","Hologram"],"picked":"Defragment","floor":4},{"not_picked":["Leap","FTL"],"picked":"Capacitor","floor":7},{"not_picked":["Biased Cognition","Sunder"],"picked":"Melter","floor":11},{"not_picked":["Compile Driver","Redo"],"picked":"Leap","floor":12},{"not_picked":["Beam Cell","Compile Driver"],"picked":"Genetic Algorithm","floor":13},{"not_picked":["Barrage","Leap"],"picked":"Loop","floor":14},{"not_picked":["Meteor Strike","Multi-Cast"],"picked":"Machine Learning","floor":16},{"not_picked":["Redo","Gash+1"],"picked":"Rebound+1","floor":18},{"not_picked":["Rebound","Reprogram","Steam"],"picked":"Singing Bowl","floor":20},{"not_picked":["Loop","Hello World"],"picked":"Coolheaded+1","floor":21}],"player_experience":860563,"relics_obtained":[{"floor":9,"key":"Orichalcum"},{"floor":12,"key":"Bag of Preparation"}],"event_choices":[{"damage_healed":0,"gold_gain":0,"player_choice":"Gave Potion","damage_taken":0,"relics_obtained":["Singing Bowl"],"max_hp_gain":0,"max_hp_loss":0,"event_name":"WeMeetAgain","floor":19,"gold_loss":0}],"is_beta":false,"boss_relics":[{"not_picked":["Tiny House","Astrolabe"],"picked":"Inserter"}],"items_purged_floors":[5],"is_endless":false,"potions_floor_spawned":[2,4,11,13,16,18,21],"killed_by":"3 Cultists","ascension_level":0}