{"gold_per_floor":[114,130,140,140,159,159,190,190,190,209,209,227,227,237,237,332,332,352,369,139,238,238,238,271,296,333,345,372,401,413,74,74,177,177,188,206,206,221,241,241,267,267,293,304,330,330,344,68,68,68,68,68,68,99,99],"floor_reached":55,"playtime":2362,"items_purged":["Strike_R","Strike_R","Strike_R"],"score":801,"play_id":"80f776ca-a63a-4426-a26e-35c0d87be922","local_time":"20190309161128","is_ascension_mode":false,"campfire_choices":[{"data":"Armaments","floor":6,"key":"SMITH"},{"data":"Flex","floor":8,"key":"SMITH"},{"data":"Cleave","floor":11,"key":"SMITH"},{"data":"Inflame","floor":13,"key":"SMITH"},{"data":"Offering","floor":15,"key":"SMITH"},{"data":"Limit Break","floor":23,"key":"SMITH"},{"data":"Heavy Blade","floor":27,"key":"SMITH"},{"data":"Flex","floor":30,"key":"SMITH"},{"data":"Shrug It Off","floor":32,"key":"SMITH"},{"data":"Double Tap","floor":40,"key":"SMITH"},{"data":"Offering","floor":42,"key":"SMITH"},{"floor":46,"key":"RECALL"},{"data":"Shrug It Off","floor":49,"key":"SMITH"},{"data":"Battle Trance","floor":52,"key":"SMITH"}],"neow_cost":"NONE","seed_source_timestamp":1213269368262301,"circlet_count":0,"master_deck":["Strike_R","Defend_R","Defend_R+1","Defend_R+1","Defend_R","Bash+1","Flex+1","Dropkick","Armaments+1","Offering+1","Cleave+1","Inflame+1","Sword Boomerang","Limit Break+1","Heavy Blade+1","Heavy Blade","Sword Boomerang","Pummel","Flex+1","Offering+1","Shrug It Off+1","Fiend Fire","Sword Boomerang+1","Battle Trance+1","Double Tap+1","Twin Strike+1","Shrug It Off+1","Shrug It Off","Shockwave","Headbutt+1","Rage+1"],"relics":["Black Blood","Centennial Puzzle","Bottled Lightning","Anchor","Gremlin Horn","MawBank","Bag of Marbles","ClockworkSouvenir","Sozu","Pocketwatch","Bag of Preparation","Oddly Smooth Stone","Incense Burner"],"potions_floor_usage":[7,16,33,33,33],"damage_taken":[{"damage":6,"enemies":"Jaw Worm","floor":1,"turns":3},{"damage":0,"enemies":"2 Louse","floor":2,"turns":3},{"damage":0,"enemies":"Small Slimes","floor":3,"turns":3},{"damage":1,"enemies":"Exordium Thugs","floor":5,"turns":4},{"damage":15,"enemies":"Lagavulin","floor":7,"turns":7},{"damage":7,"enemies":"Blue Slaver","floor":10,"turns":2},{"damage":5,"enemies":"Red Slaver","floor":12,"turns":3},{"damage":8,"enemies":"3 Louse","floor":14,"turns":2},{"damage":18,"enemies":"Hexaghost","floor":16,"turns":5},{"damage":16,"enemies":"Chosen","floor":18,"turns":3},{"damage":11,"enemies":"Spheric Guardian","floor":19,"turns":3},{"damage":6,"enemies":"Slavers","floor":24,"turns":2},{"damage":13,"enemies":"Centurion and Healer","floor":25,"turns":4},{"damage":15,"enemies":"Snecko","floor":28,"turns":3},{"damage":3,"enemies":"Snake Plant","floor":29,"turns":2},{"damage":11,"enemies":"Automaton","floor":33,"turns":5},{"damage":0,"enemies":"Orb Walker","floor":35,"turns":1},{"damage":0,"enemies":"3 Darklings","floor":36,"turns":1},{"damage":6,"enemies":"Jaw Worm Horde","floor":38,"turns":2},{"damage":0,"enemies":"Sphere and 2 Shapes","floor":39,"turns":2},{"damage":11,"enemies":"Giant Head","floor":41,"turns":3},{"damage":6,"enemies":"Maw","floor":44,"turns":1},{"damage":6,"enemies":"Reptomancer","floor":45,"turns":2},{"damage":35,"enemies":"Transient","floor":47,"turns":5},{"damage":34,"enemies":"Time Eater","floor":50,"turns":4},{"damage":12,"enemies":"Shield and Spear","floor":54,"turns":2},{"damage":78,"enemies":"The Heart","floor":55,"turns":5}],"seed_played":"8255184226744827492","potions_obtained":[{"floor":1,"key":"Weak Potion"},{"floor":2,"key":"FearPotion"},{"floor":7,"key":"GamblersBrew"},{"floor":10,"key":"Weak Potion"},{"floor":14,"key":"EssenceOfSteel"},{"floor":24,"key":"Poison Potion"},{"floor":25,"key":"SkillPotion"}],"is_trial":false,"path_per_floor":["M","M","M","?","M","R","E","R","T","M","R","M","R","M","R","B",null,"M","M","$","?","?","R","E","M","T","R","M","M","R","$","R","B",null,"M","M","?","M","M","R","E","R","T","M","E","R","M","$","R","B",null,"R","$","E","B"],"character_chosen":"IRONCLAD","items_purchased":["Anchor","Shrug It Off","ClockworkSouvenir","Oddly Smooth Stone"],"campfire_rested":0,"item_purchase_floors":[20,31,31,48],"current_hp_per_floor":[80,80,80,64,69,69,60,60,60,59,59,60,60,58,58,46,80,74,73,73,73,73,73,77,74,74,74,69,76,76,76,76,75,80,80,80,80,80,80,80,79,79,79,80,80,80,55,55,55,31,80,80,80,78,0],"gold":99,"neow_bonus":"UPGRADE_CARD","is_prod":false,"is_daily":false,"chose_seed":false,"campfire_upgraded":13,"win_rate":0,"timestamp":1552119088,"path_taken":["M","M","M","?","M","R","E","R","T","M","R","M","R","M","R","BOSS","M","M","$","?","?","R","E","?","T","R","M","M","R","$","R","BOSS","M","M","?","M","?","R","E","R","T","M","E","R","M","$","R","BOSS","R","$","E","BOSS"],"build_version":"2019-01-23","purchased_purges":3,"victory":false,"max_hp_per_floor":[80,80,80,80,80,80,80,80,80,80,80,80,80,80,80,80,80,80,80,80,80,80,80,80,80,80,80,80,80,80,80,80,80,80,80,80,80,80,80,80,80,80,80,80,80,80,80,80,80,80,80,80,80,80,80],"card_choices":[{"not_picked":["Ghostly Armor","Evolve"],"picked":"Flex","floor":1},{"not_picked":["Hemokinesis","Seeing Red"],"picked":"Dropkick","floor":2},{"not_picked":["Clash","Sever Soul","Heavy Blade"],"picked":"SKIP","floor":3},{"not_picked":["Thunderclap","Pommel Strike"],"picked":"Armaments","floor":5},{"not_picked":["Combust","Feel No Pain"],"picked":"Offering","floor":7},{"not_picked":["Sever Soul","Clothesline"],"picked":"Cleave","floor":10},{"not_picked":["Iron Wave","Rampage"],"picked":"Inflame","floor":12},{"not_picked":["Iron Wave","Perfected Strike"],"picked":"Sword Boomerang","floor":14},{"not_picked":["Juggernaut","Bludgeon"],"picked":"Limit Break","floor":16},{"not_picked":["Warcry+1","Rage"],"picked":"Heavy Blade","floor":18},{"not_picked":["Disarm","Combust+1"],"picked":"Heavy Blade","floor":19},{"not_picked":["Anger","Intimidate"],"picked":"Sword Boomerang","floor":24},{"not_picked":["Anger","Armaments"],"picked":"Pummel","floor":25},{"not_picked":["Armaments","Wild Strike"],"picked":"Flex","floor":28},{"not_picked":["Intimidate+1","Searing Blow"],"picked":"Offering","floor":29},{"not_picked":["Dark Embrace","Juggernaut"],"picked":"Fiend Fire","floor":33},{"not_picked":["Heavy Blade+1","Feel No Pain+1"],"picked":"Sword Boomerang+1","floor":35},{"not_picked":["Metallicize+1","Intimidate+1"],"picked":"Battle Trance","floor":36},{"not_picked":["Flex+1","Perfected Strike+1"],"picked":"Twin Strike+1","floor":38},{"not_picked":["True Grit","Pommel Strike"],"picked":"Shrug It Off","floor":39},{"not_picked":["Battle Trance","Double Tap"],"picked":"Shrug It Off","floor":41},{"not_picked":["Pommel Strike","Dropkick"],"picked":"Shockwave","floor":44},{"not_picked":["Clash","Power Through"],"picked":"Headbutt+1","floor":45},{"not_picked":["Iron Wave","Sword Boomerang","Uppercut"],"picked":"SKIP","floor":47},{"not_picked":["Carnage+1","Dark Embrace"],"picked":"Rage+1","floor":54}],"player_experience":770484,"relics_obtained":[{"floor":7,"key":"Centennial Puzzle"},{"floor":9,"key":"Bottled Lightning"},{"floor":24,"key":"MawBank"},{"floor":26,"key":"Bag of Marbles"},{"floor":41,"key":"Pocketwatch"},{"floor":45,"key":"Bag of Preparation"},{"floor":54,"key":"Incense Burner"}],"event_choices":[{"damage_healed":0,"gold_gain":0,"player_choice":"Entered Light","damage_taken":16,"max_hp_gain":0,"max_hp_loss":0,"event_name":"Shining Light","floor":4,"gold_loss":0,"cards_upgraded":["Defend_R","Defend_R"]},{"damage_healed":0,"gold_gain":99,"player_choice":"Stole From Cult","damage_taken":0,"max_hp_gain":0,"max_hp_loss":0,"event_name":"Nest","floor":21,"gold_loss":0},{"damage_healed":0,"gold_gain":0,"player_choice":"Gave Potion","damage_taken":0,"relics_obtained":["Gremlin Horn"],"max_hp_gain":0,"max_hp_loss":0,"event_name":"WeMeetAgain","floor":22,"gold_loss":0},{"damage_healed":0,"gold_gain":0,"cards_transformed":["Strike_R"],"player_choice":"Transformed","damage_taken":0,"max_hp_gain":0,"max_hp_loss":0,"event_name":"Transmorgrifier","floor":37,"gold_loss":0,"cards_obtained":["Double Tap"]}],"is_beta":false,"boss_relics":[{"not_picked":["Philosopher\u0027s Stone","Tiny House"],"picked":"Black Blood"},{"not_picked":["Snecko Eye","Empty Cage"],"picked":"Sozu"}],"items_purged_floors":[20,31,48],"is_endless":false,"potions_floor_spawned":[1,2,7,10,14,24,25,36,38,39,45],"killed_by":"The Heart","ascension_level":0}