{"path_per_floor":["M","M","M","M","M","R","E","?","T","R","?","R","$","M","R","B",null,"M","?","?","M","?","E","M","R","T","M","$","T","M","$","R","B",null,"M","?","?","$","?","R","E","$","T","R","M","M","?","M","R"],"character_chosen":"IRONCLAD","items_purchased":["Apotheosis","Twin Strike","Pantograph"],"gold_per_floor":[115,128,143,158,168,168,202,302,302,302,302,302,38,51,51,147,147,166,166,166,179,179,213,230,230,256,273,226,251,264,3,3,108,108,122,122,122,22,22,22,48,48,48,48,64,81,81,95,95],"floor_reached":50,"campfire_rested":4,"playtime":1818,"current_hp_per_floor":[80,69,66,71,59,59,37,37,37,61,61,61,61,57,57,62,80,80,80,80,77,77,42,36,60,60,47,47,47,45,45,69,31,80,80,80,70,70,70,70,69,69,69,69,67,70,70,28,53],"items_purged":["Strike_R","Strike_R"],"gold":95,"score":490,"play_id":"5778cc26-8e62-4731-aaf8-353e7f916b34","local_time":"20180318014708","is_prod":false,"is_daily":false,"is_ascension_mode":false,"campfire_upgraded":5,"timestamp":1521308828,"path_taken":["M","M","M","M","M","R","E","?","T","R","?","R","?","M","R","BOSS","M","?","?","?","?","E","M","R","T","?","$","?","M","$","R","BOSS","M","?","?","$","?","R","E","$","T","R","?","M","?","M","R","BOSS"],"build_version":"2018-03-15v2","purchased_purges":3,"victory":false,"master_deck":["Strike_R+1","Defend_R","Defend_R","Defend_R","Defend_R","Bash+1","Headbutt+1","Whirlwind+1","Inflame","Cleave","Intimidate","Apotheosis+1","Spot Weakness","Exhume","Sever Soul","Headbutt","Heavy Blade+1","Twin Strike","Burning Pact","Feed","Shrug It Off+1","Madness","Madness+1","Spot Weakness+1","Thunderclap","Headbutt+1","True Grit+1"],"max_hp_per_floor":[80,80,80,80,80,80,80,80,80,80,80,80,80,80,80,80,80,80,80,80,80,80,80,80,80,80,80,80,80,80,80,80,80,80,80,80,80,80,80,80,80,80,80,80,84,84,84,84,84],"relics":["Burning Blood","Oddly Smooth Stone","Thread and Needle","Mark of Pain","Ancient Tea Set","Blood Vial","Whetstone","Pantograph","Sozu","Mummified Hand","Anchor"],"card_choices":[{"not_picked":["Intimidate","Dual Wield"],"picked":"Whirlwind"},{"not_picked":["Perfected Strike","Bludgeon"],"picked":"Inflame"},{"not_picked":["Wild Strike","Anger"],"picked":"Cleave"},{"not_picked":["True Grit","Dark Embrace"],"picked":"Intimidate"},{"not_picked":["Shockwave","Searing Blow"],"picked":"Spot Weakness"},{"not_picked":["Berserk","Immolate"],"picked":"Exhume"},{"not_picked":["Metallicize","Rupture"],"picked":"Headbutt"},{"not_picked":["Wild Strike","Body Slam"],"picked":"Headbutt"},{"not_picked":["Anger","Clash"],"picked":"Burning Pact"},{"not_picked":["Berserk","Fiend Fire"],"picked":"Feed"},{"not_picked":["Fire Breathing","Warcry"],"picked":"Shrug It Off"},{"not_picked":["Clothesline","Perfected Strike"],"picked":"Spot Weakness"},{"not_picked":["Power Through","Flex"],"picked":"Thunderclap"},{"not_picked":["Clash","Power Through"],"picked":"Headbutt"},{"not_picked":["Intimidate","Perfected Strike"],"picked":"True Grit"}],"player_experience":342669,"potions_floor_usage":[27,33,41,50],"damage_taken":[{"damage":2,"enemies":"Small Slimes","floor":1,"turns":4},{"damage":17,"enemies":"Cultist","floor":2,"turns":5},{"damage":9,"enemies":"Jaw Worm","floor":3,"turns":5},{"damage":1,"enemies":"2 Fungi Beasts","floor":4,"turns":3},{"damage":18,"enemies":"Red Slaver","floor":5,"turns":6},{"damage":28,"enemies":"Gremlin Nob","floor":7,"turns":4},{"damage":10,"enemies":"Exordium Thugs","floor":14,"turns":4},{"damage":1,"enemies":"Slime Boss","floor":16,"turns":6},{"damage":5,"enemies":"Shell Parasite","floor":18,"turns":5},{"damage":9,"enemies":"2 Thieves","floor":21,"turns":3},{"damage":41,"enemies":"Book of Stabbing","floor":23,"turns":6},{"damage":12,"enemies":"Snecko","floor":24,"turns":4},{"damage":21,"enemies":"Sentry and Sphere","floor":27,"turns":4},{"damage":10,"enemies":"Snake Plant","floor":30,"turns":3},{"damage":55,"enemies":"Champ","floor":33,"turns":9},{"damage":4,"enemies":"Orb Walker","floor":35,"turns":3},{"damage":18,"enemies":"2 Orb Walkers","floor":41,"turns":4},{"damage":14,"enemies":"3 Shapes","floor":45,"turns":5},{"damage":5,"enemies":"Sphere and 2 Shapes","floor":46,"turns":3},{"damage":50,"enemies":"Maw","floor":48,"turns":8},{"damage":90,"enemies":"Donu and Deca","floor":50,"turns":5}],"event_choices":[{"event_name":"Wheel of Change","player_choice":"Gold","floor":8,"damage_taken":0},{"event_name":"The Woman in Blue","player_choice":"Bought 0 Potions","floor":11,"damage_taken":0},{"event_name":"Vampires","player_choice":"Ignored","floor":19,"damage_taken":0},{"event_name":"Transmorgrifier","player_choice":"Transform","floor":20,"damage_taken":0},{"event_name":"Match and Keep!","player_choice":"1 cards matched","floor":22,"damage_taken":0},{"event_name":"Tomb of Lord Red Mask","player_choice":"Ignored","floor":36,"damage_taken":0},{"event_name":"Winding Halls","player_choice":"Embrace Madness","floor":37,"damage_taken":0},{"event_name":"Mysterious Sphere","player_choice":"Ignore","floor":47,"damage_taken":0}],"boss_relics":[{"not_picked":["Black Blood","Ectoplasm"],"picked":"Mark of Pain"},{"not_picked":["Philosopher\u0027s Stone","White Beast Statue"],"picked":"Sozu"}],"potions_floor_spawned":[3,4,5,7,14,23,27,30,33,35,45],"seed_played":"4901983475724303791","killed_by":"Donu and Deca","ascension_level":0,"is_trial":false}