{"gold_per_floor":[112,187,199,217,234,234,253,253,253,45,61,61,94,107,107,204,204,220,255,274,94,107,107,73,83,83,83,93,108,108,140,140,235,235,247,293,293,307,20,20,35,35,62,12,28,45,55,69,69,69],"floor_reached":51,"playtime":2828,"items_purged":["Strike_R","Strike_R","Strike_R","Regret"],"score":675,"play_id":"19c681e5-b2f7-4120-af29-8c0574336705","local_time":"20190227231216","is_ascension_mode":false,"campfire_choices":[{"data":"Rupture","floor":6,"key":"SMITH"},{"data":"Bloodletting","floor":8,"key":"SMITH"},{"data":"Double Tap","floor":12,"key":"SMITH"},{"data":"Flex","floor":15,"key":"SMITH"},{"data":"Battle Trance","floor":23,"key":"SMITH"},{"data":"Heavy Blade","floor":27,"key":"SMITH"},{"data":"Bash","floor":30,"key":"SMITH"},{"data":"Shrug It Off","floor":32,"key":"SMITH"},{"data":"Demon Form","floor":40,"key":"SMITH"},{"data":"Offering","floor":42,"key":"SMITH"},{"data":"Shrug It Off","floor":49,"key":"SMITH"}],"neow_cost":"NONE","seed_source_timestamp":374097276073902,"circlet_count":0,"master_deck":["Strike_R","Strike_R","Defend_R","Defend_R","Defend_R","Bash+1","Rupture+1","Bloodletting+1","Shrug It Off+1","Flex+1","Double Tap+1","Cleave","Battle Trance+1","Offering+1","Heavy Blade+1","Reaper","Sword Boomerang+1","Twin Strike+1","Whirlwind","Spot Weakness+1","Whirlwind","Spot Weakness","Twin Strike+1","Demon Form+1","Headbutt+1","Shrug It Off+1","Master of Strategy","Shrug It Off+1","Disarm+1","Inflame","True Grit+1"],"relics":["Burning Blood","Ornamental Fan","Thread and Needle","Runic Cube","Red Mask","Molten Egg 2","Mercury Hourglass","Cursed Key","Dead Branch","Smiling Mask"],"potions_floor_usage":[5,11,13,16,16,19,22,29,33,41,47,50],"damage_taken":[{"damage":5,"enemies":"2 Louse","floor":1,"turns":3},{"damage":5,"enemies":"Small Slimes","floor":3,"turns":3},{"damage":6,"enemies":"Jaw Worm","floor":4,"turns":5},{"damage":6,"enemies":"Lots of Slimes","floor":5,"turns":5},{"damage":13,"enemies":"Looter","floor":7,"turns":3},{"damage":0,"enemies":"3 Louse","floor":11,"turns":3},{"damage":17,"enemies":"Lagavulin","floor":13,"turns":6},{"damage":6,"enemies":"2 Fungi Beasts","floor":14,"turns":2},{"damage":16,"enemies":"The Guardian","floor":16,"turns":6},{"damage":6,"enemies":"Spheric Guardian","floor":18,"turns":1},{"damage":15,"enemies":"Masked Bandits","floor":19,"turns":3},{"damage":10,"enemies":"3 Byrds","floor":20,"turns":4},{"damage":9,"enemies":"Shelled Parasite and Fungi","floor":22,"turns":2},{"damage":14,"enemies":"Snake Plant","floor":25,"turns":3},{"damage":6,"enemies":"Snecko","floor":28,"turns":4},{"damage":15,"enemies":"Centurion and Healer","floor":29,"turns":3},{"damage":9,"enemies":"Slavers","floor":31,"turns":1},{"damage":49,"enemies":"Champ","floor":33,"turns":6},{"damage":22,"enemies":"3 Darklings","floor":35,"turns":4},{"damage":48,"enemies":"2 Orb Walkers","floor":36,"turns":4},{"damage":6,"enemies":"Orb Walker","floor":38,"turns":1},{"damage":7,"enemies":"Transient","floor":41,"turns":5},{"damage":8,"enemies":"4 Shapes","floor":45,"turns":5},{"damage":0,"enemies":"Jaw Worm Horde","floor":46,"turns":2},{"damage":25,"enemies":"Writhing Mass","floor":47,"turns":5},{"damage":0,"enemies":"3 Darklings","floor":48,"turns":3},{"damage":16,"enemies":"Time Eater","floor":50,"turns":5}],"seed_played":"-7560643212318344841","potions_obtained":[{"floor":0,"key":"AttackPotion"},{"floor":0,"key":"SneckoOil"},{"floor":0,"key":"AttackPotion"},{"floor":1,"key":"PowerPotion"},{"floor":7,"key":"Ancient Potion"},{"floor":11,"key":"Strength Potion"},{"floor":13,"key":"SkillPotion"},{"floor":18,"key":"SkillPotion"},{"floor":19,"key":"BloodPotion"},{"floor":25,"key":"Explosive Potion"},{"floor":28,"key":"BloodPotion"},{"floor":33,"key":"FairyPotion"},{"floor":41,"key":"Fruit Juice"},{"floor":46,"key":"Energy Potion"},{"floor":47,"key":"EssenceOfSteel"}],"is_trial":false,"path_per_floor":["M","?","M","M","M","R","M","R","T","$","M","R","E","M","R","B",null,"M","?","M","$","M","R","$","M","T","R","M","M","R","E","R","B",null,"M","?","?","M","$","R","M","R","T","$","M","M","M","M","R","B",null],"character_chosen":"IRONCLAD","items_purchased":["Double Tap","Cleave","Whirlwind","Whirlwind","Master of Strategy"],"campfire_rested":0,"item_purchase_floors":[10,10,21,24,39],"current_hp_per_floor":[80,69,70,70,70,70,63,63,63,63,69,69,58,58,58,48,80,80,71,80,80,80,80,80,72,72,72,72,63,63,60,60,25,80,64,47,47,47,47,47,51,51,51,51,49,55,81,85,85,75],"gold":69,"neow_bonus":"THREE_SMALL_POTIONS","is_prod":false,"is_daily":false,"chose_seed":false,"campfire_upgraded":11,"win_rate":0,"timestamp":1551280336,"path_taken":["M","?","M","M","M","R","M","R","T","$","M","R","E","M","R","BOSS","M","?","M","$","M","R","$","M","T","R","M","M","R","E","R","BOSS","M","?","?","M","?","R","M","R","T","$","M","M","M","M","R","BOSS"],"build_version":"2019-01-23","purchased_purges":4,"victory":true,"max_hp_per_floor":[80,80,80,80,80,80,80,80,80,80,80,80,80,80,80,80,80,80,80,80,80,80,80,80,80,80,80,80,80,80,80,80,80,80,80,80,80,80,80,80,85,85,85,85,85,85,85,85,85,85],"card_choices":[{"not_picked":["Havoc","True Grit"],"picked":"Rupture","floor":1},{"not_picked":["Battle Trance","Twin Strike"],"picked":"Bloodletting","floor":3},{"not_picked":["Rage","Evolve"],"picked":"Shrug It Off","floor":4},{"not_picked":["Twin Strike","Reckless Charge"],"picked":"Flex","floor":5},{"not_picked":["Combust","Thunderclap","Warcry"],"picked":"SKIP","floor":7},{"not_picked":["Clash","Clothesline"],"picked":"Battle Trance","floor":11},{"not_picked":["Headbutt","Reckless Charge"],"picked":"Offering","floor":13},{"not_picked":["Sentinel","Havoc"],"picked":"Heavy Blade","floor":14},{"not_picked":["Juggernaut","Feed"],"picked":"Reaper","floor":16},{"not_picked":["Iron Wave","Uppercut"],"picked":"Sword Boomerang+1","floor":18},{"not_picked":["Wild Strike","Anger"],"picked":"Twin Strike+1","floor":19},{"not_picked":["Flex","Sever Soul","Sentinel"],"picked":"SKIP","floor":20},{"not_picked":["Whirlwind","Hemokinesis"],"picked":"Spot Weakness+1","floor":22},{"not_picked":["Power Through","Perfected Strike"],"picked":"Spot Weakness","floor":25},{"not_picked":["Anger+1","Intimidate","Clash+1"],"picked":"SKIP","floor":28},{"not_picked":["Sever Soul+1","Armaments"],"picked":"Twin Strike+1","floor":29},{"not_picked":["Body Slam+1","Perfected Strike+1","Clothesline+1"],"picked":"SKIP","floor":31},{"not_picked":["Impervious","Barricade"],"picked":"Demon Form","floor":33},{"not_picked":["Thunderclap+1","Dropkick+1"],"picked":"Headbutt+1","floor":35},{"not_picked":["Evolve","Clash+1"],"picked":"Shrug It Off","floor":38},{"not_picked":["Wild Strike+1","Clash+1"],"picked":"Shrug It Off+1","floor":41},{"not_picked":["Perfected Strike+1","Fire Breathing+1"],"picked":"Disarm+1","floor":45},{"not_picked":["Corruption","Clothesline+1"],"picked":"Inflame","floor":46},{"not_picked":["Thunderclap+1","Sever Soul+1"],"picked":"True Grit+1","floor":47},{"not_picked":["Perfected Strike+1","Uppercut+1","Corruption"],"picked":"SKIP","floor":48}],"player_experience":712373,"relics_obtained":[{"floor":9,"key":"Ornamental Fan"},{"floor":13,"key":"Thread and Needle"},{"floor":19,"key":"Red Mask"},{"floor":26,"key":"Molten Egg 2"},{"floor":31,"key":"Mercury Hourglass"},{"floor":36,"key":"Dead Branch"},{"floor":43,"key":"Smiling Mask"}],"event_choices":[{"damage_healed":0,"gold_gain":75,"player_choice":"Gather Gold","damage_taken":11,"max_hp_gain":0,"max_hp_loss":0,"event_name":"World of Goop","floor":2,"gold_loss":0},{"damage_healed":0,"gold_gain":0,"player_choice":"Fought Bandits","damage_taken":0,"max_hp_gain":0,"max_hp_loss":0,"event_name":"Masked Bandits","floor":19,"gold_loss":0},{"damage_healed":0,"gold_gain":0,"player_choice":"Fight","damage_taken":0,"max_hp_gain":0,"max_hp_loss":0,"event_name":"Mysterious Sphere","floor":36,"gold_loss":0},{"cards_removed":["Defend_R"],"damage_healed":0,"gold_gain":0,"player_choice":"Removed Skill","damage_taken":0,"max_hp_gain":0,"max_hp_loss":0,"event_name":"Falling","floor":37,"gold_loss":0}],"is_beta":false,"boss_relics":[{"not_picked":["Eternal Feather","Snecko Eye"],"picked":"Runic Cube"},{"not_picked":["Mark of Pain","Empty Cage"],"picked":"Cursed Key"}],"items_purged_floors":[10,21,39,44],"is_endless":false,"potions_floor_spawned":[1,7,11,13,18,19,25,28,33,41,46,47],"ascension_level":0}