{"gold_per_floor":[113,123,140,155,13,13,43,43,92,92,92,110,129,141,141,238,238,223,238,238,238,53,53,65,65,65,65,80,108,108,125,125,125],"floor_reached":33,"playtime":1885,"items_purged":["Strike_B"],"score":269,"play_id":"eb8795d1-758f-4642-afca-99362d8d9765","local_time":"20181011205325","is_ascension_mode":false,"campfire_choices":[{"floor":6,"key":"REST"},{"data":"Zap","floor":8,"key":"SMITH"},{"data":"Self Repair","floor":10,"key":"SMITH"},{"floor":15,"key":"REST"},{"floor":23,"key":"REST"},{"data":"Leap","floor":25,"key":"SMITH"},{"floor":27,"key":"REST"},{"floor":30,"key":"REST"},{"data":"Reinforced Body","floor":32,"key":"SMITH"}],"neow_cost":"NONE","seed_source_timestamp":43904904454000,"circlet_count":0,"master_deck":["Strike_B","Strike_B","Strike_B","Defend_B","Defend_B","Defend_B","Zap+1","Dualcast","Go for the Eyes","Lockon","Conserve Battery","Leap+1","Self Repair+1","Reinforced Body+1","Machine Learning","Go for the Eyes","Seek","Storm","FTL","Redo+1"],"relics":["Cracked Core","Shuriken","PreservedInsect","Lizard Tail","Bag of Preparation","WingedGreaves","Orichalcum"],"potions_floor_usage":[2,4,7,7,13,16,24,33,33],"damage_taken":[{"damage":5,"enemies":"Jaw Worm","floor":1,"turns":4},{"damage":7,"enemies":"2 Louse","floor":2,"turns":4},{"damage":0,"enemies":"Cultist","floor":3,"turns":3},{"damage":22,"enemies":"Exordium Thugs","floor":4,"turns":4},{"damage":19,"enemies":"Gremlin Nob","floor":7,"turns":4},{"damage":30,"enemies":"Gremlin Gang","floor":12,"turns":4},{"damage":2,"enemies":"Large Slime","floor":13,"turns":4},{"damage":0,"enemies":"3 Louse","floor":14,"turns":4},{"damage":25,"enemies":"The Guardian","floor":16,"turns":11},{"damage":24,"enemies":"2 Thieves","floor":18,"turns":4},{"damage":24,"enemies":"Shell Parasite","floor":19,"turns":6},{"damage":47,"enemies":"Cultist and Chosen","floor":24,"turns":8},{"damage":23,"enemies":"Shelled Parasite and Fungi","floor":28,"turns":9},{"damage":70,"enemies":"Gremlin Leader","floor":29,"turns":10},{"damage":10,"enemies":"Snake Plant","floor":31,"turns":6},{"damage":62,"enemies":"Automaton","floor":33,"turns":6}],"seed_played":"-7436281327491896280","potions_obtained":[{"floor":0,"key":"SkillPotion"},{"floor":0,"key":"Explosive Potion"},{"floor":0,"key":"Regen Potion"},{"floor":1,"key":"PowerPotion"},{"floor":2,"key":"Swift Potion"},{"floor":12,"key":"AttackPotion"},{"floor":13,"key":"Poison Potion"},{"floor":19,"key":"Regen Potion"},{"floor":29,"key":"Swift Potion"},{"floor":31,"key":"Fire Potion"}],"is_trial":false,"path_per_floor":["M","M","M","M","$","R","E","R","T","R","?","M","M","M","R","B",null,"M","M","?","?","$","R","M","R","T","R","M","E","R","M","R"],"character_chosen":"DEFECT","items_purchased":["Self Repair","FTL","Bag of Preparation"],"campfire_rested":5,"item_purchase_floors":[5,22,22],"current_hp_per_floor":[70,71,71,49,49,71,59,59,59,59,59,29,37,47,69,54,75,61,47,47,40,40,62,40,40,40,62,49,36,58,58,58,0],"gold":125,"neow_bonus":"THREE_SMALL_POTIONS","is_prod":false,"is_daily":false,"chose_seed":false,"campfire_upgraded":4,"win_rate":0,"timestamp":1539284005,"path_taken":["M","M","M","M","$","R","E","R","T","R","?","M","?","?","R","BOSS","M","M","?","?","$","R","M","R","T","R","M","E","R","M","R","BOSS"],"build_version":"2018-10-04v2","purchased_purges":1,"victory":false,"max_hp_per_floor":[75,75,75,75,75,75,75,75,75,75,75,75,75,75,75,75,75,75,75,75,75,75,75,75,75,75,75,75,75,75,75,75,75],"card_choices":[{"not_picked":["Undo","Hologram"],"picked":"Go for the Eyes","floor":1},{"not_picked":["Rebound","Coolheaded"],"picked":"Lockon","floor":2},{"not_picked":["Doom and Gloom","Stack"],"picked":"Conserve Battery","floor":3},{"not_picked":["Chaos","Ball Lightning"],"picked":"Leap","floor":4},{"not_picked":["Leap","Scrape"],"picked":"Reinforced Body","floor":7},{"not_picked":["Scrape","Hologram"],"picked":"Machine Learning","floor":12},{"not_picked":["Compile Driver","Stack","Sweeping Beam"],"picked":"SKIP","floor":13},{"not_picked":["Scrape","Lockon"],"picked":"Go for the Eyes","floor":14},{"not_picked":["Amplify","Creative AI"],"picked":"Seek","floor":16},{"not_picked":["Cold Snap","Hologram","Gash"],"picked":"SKIP","floor":18},{"not_picked":["Beam Cell","Reinforced Body"],"picked":"Storm","floor":19},{"not_picked":["Hologram+1","Consume","Coolheaded"],"picked":"SKIP","floor":24},{"not_picked":["Hello World+1","Beam Cell"],"picked":"Redo+1","floor":28},{"not_picked":["Darkness","Rip and Tear","Skim+1"],"picked":"SKIP","floor":29},{"not_picked":["Doom and Gloom+1","Sunder","Redo"],"picked":"SKIP","floor":31}],"player_experience":128084,"relics_obtained":[{"floor":7,"key":"Shuriken"},{"floor":9,"key":"PreservedInsect"},{"floor":26,"key":"WingedGreaves"},{"floor":29,"key":"Orichalcum"}],"event_choices":[{"event_name":"Living Wall","player_choice":"Forget","floor":11,"damage_taken":0},{"event_name":"Ghosts","player_choice":"Ignored","floor":20,"damage_taken":0},{"event_name":"Knowing Skull","player_choice":"","floor":21,"damage_taken":0}],"is_beta":false,"boss_relics":[{"not_picked":["FrozenCore","Eternal Feather"],"picked":"Lizard Tail"}],"items_purged_floors":[5],"is_endless":false,"potions_floor_spawned":[1,2,12,13,19,29,31],"killed_by":"Automaton","ascension_level":0}