{"gold_per_floor":[117,8,8,8,20,45,63,98,98,98,109,138,138,156,156,252,252,270,288,288,306,306],"floor_reached":22,"playtime":1130,"items_purged":["Strike_G"],"score":370,"play_id":"6bfa7e97-d098-4a6c-b1bc-f15ac6c4535c","local_time":"20190202172621","is_ascension_mode":true,"campfire_choices":[{"data":"Well Laid Plans","floor":13,"key":"SMITH"},{"floor":15,"key":"REST"}],"neow_cost":"NONE","seed_source_timestamp":783246890982900,"circlet_count":0,"master_deck":["AscendersBane","Defend_G","Defend_G","Defend_G","Defend_G","Defend_G","Strike_G","Strike_G","Strike_G","Survivor","Neutralize+1","Dagger Spray","Blur","Bane","PiercingWail","Well Laid Plans+1","Heel Hook","Dash","Bouncing Flask","Dagger Spray","Adrenaline","Poisoned Stab+1","Bane+1","Backflip"],"relics":["Ring of the Serpent","NeowsBlessing","Pocketwatch","Girya","StoneCalendar","Ancient Tea Set","Tough Bandages"],"potions_floor_usage":[8,8,16,22,22],"damage_taken":[{"damage":0,"enemies":"Jaw Worm","floor":1,"turns":1},{"damage":0,"enemies":"Small Slimes","floor":5,"turns":2},{"damage":0,"enemies":"Lagavulin","floor":6,"turns":1},{"damage":0,"enemies":"2 Louse","floor":7,"turns":4},{"damage":7,"enemies":"3 Sentries","floor":8,"turns":7},{"damage":0,"enemies":"Red Slaver","floor":11,"turns":4},{"damage":18,"enemies":"Gremlin Nob","floor":12,"turns":5},{"damage":0,"enemies":"Large Slime","floor":14,"turns":4},{"damage":27,"enemies":"The Guardian","floor":16,"turns":9},{"damage":2,"enemies":"Chosen","floor":18,"turns":4},{"damage":12,"enemies":"2 Thieves","floor":19,"turns":5},{"damage":10,"enemies":"Snake Plant","floor":21,"turns":6},{"damage":24,"enemies":"Masked Bandits","floor":22,"turns":5}],"seed_played":"-4691768613572545092","potions_obtained":[{"floor":6,"key":"AttackPotion"},{"floor":7,"key":"Dexterity Potion"},{"floor":8,"key":"Dexterity Potion"},{"floor":11,"key":"SpeedPotion"},{"floor":14,"key":"Swift Potion"},{"floor":21,"key":"Dexterity Potion"}],"is_trial":false,"path_per_floor":["M","$","?","?","M","E","M","E","T","?","M","E","R","M","R","B",null,"M","M","?","M","?"],"character_chosen":"THE_SILENT","items_purchased":["Blur"],"campfire_rested":1,"item_purchase_floors":[2],"current_hp_per_floor":[63,63,56,56,56,56,56,49,49,49,49,31,31,31,52,25,59,57,45,32,22,0],"gold":306,"neow_bonus":"THREE_ENEMY_KILL","is_prod":false,"is_daily":false,"chose_seed":false,"campfire_upgraded":1,"win_rate":0,"timestamp":1549124781,"path_taken":["M","$","?","?","M","E","M","E","T","?","M","E","R","M","R","BOSS","M","M","?","M","?"],"build_version":"2019-01-23","purchased_purges":1,"victory":false,"max_hp_per_floor":[70,70,70,70,70,70,70,70,70,70,70,70,70,70,70,70,70,70,70,75,75,75],"card_choices":[{"not_picked":["Blade Dance","Dagger Throw"],"picked":"Dagger Spray","floor":1},{"not_picked":["Storm of Steel","Quick Slash"],"picked":"Bane","floor":5},{"not_picked":["Tools of the Trade","Tactician"],"picked":"PiercingWail","floor":6},{"not_picked":["Deadly Poison","Reflex"],"picked":"Well Laid Plans","floor":7},{"not_picked":["Outmaneuver","Prepared"],"picked":"Heel Hook","floor":8},{"not_picked":["Poisoned Stab","Accuracy"],"picked":"Dash","floor":11},{"not_picked":["Dash","Distraction"],"picked":"Bouncing Flask","floor":12},{"not_picked":["Slice","PiercingWail"],"picked":"Dagger Spray","floor":14},{"not_picked":["Phantasmal Killer","Tools of the Trade"],"picked":"Adrenaline","floor":16},{"not_picked":["Eviscerate","Expertise"],"picked":"Poisoned Stab+1","floor":18},{"not_picked":["Heel Hook","Acrobatics"],"picked":"Bane+1","floor":19},{"not_picked":["Dagger Spray","Well Laid Plans"],"picked":"Backflip","floor":21}],"player_experience":439297,"relics_obtained":[{"floor":6,"key":"Pocketwatch"},{"floor":8,"key":"Girya"},{"floor":9,"key":"StoneCalendar"},{"floor":12,"key":"Tough Bandages"}],"event_choices":[{"cards_removed":["Strike_G"],"damage_healed":0,"gold_gain":0,"player_choice":"Card Removal","damage_taken":7,"max_hp_gain":0,"max_hp_loss":0,"event_name":"Golden Wing","floor":3,"gold_loss":0},{"damage_healed":0,"gold_gain":0,"player_choice":"Grow","damage_taken":0,"max_hp_gain":0,"max_hp_loss":0,"event_name":"Living Wall","floor":4,"gold_loss":0,"cards_upgraded":["Neutralize"]},{"damage_healed":0,"gold_gain":0,"player_choice":"Gave Potion","damage_taken":0,"relics_obtained":["Ancient Tea Set"],"max_hp_gain":0,"max_hp_loss":0,"event_name":"WeMeetAgain","floor":10,"gold_loss":0},{"damage_healed":0,"gold_gain":0,"player_choice":"Shed Blood","damage_taken":18,"max_hp_gain":5,"max_hp_loss":0,"event_name":"Forgotten Altar","floor":20,"gold_loss":0},{"damage_healed":0,"gold_gain":0,"player_choice":"Fought Bandits","damage_taken":0,"max_hp_gain":0,"max_hp_loss":0,"event_name":"Masked Bandits","floor":22,"gold_loss":0}],"is_beta":false,"boss_relics":[{"not_picked":["Pandora\u0027s Box","Empty Cage"],"picked":"Ring of the Serpent"}],"items_purged_floors":[2],"is_endless":false,"potions_floor_spawned":[6,7,8,11,14,21],"killed_by":"Masked Bandits","ascension_level":12}