{"gold_per_floor":[217,227,237,247,197,230,230,250,325,325,358,376,386,386,386,491,491,491,491,491,491,182,182,45,45,45,45,45,45,45,45,45,45,45,45,0,0,0,0,0,0,0,0,0,0,0,0,0,0,0],"floor_reached":51,"playtime":5436,"items_purged":["Strike_B"],"score":1112,"play_id":"0680e408-e0b8-416b-ba5f-22b2026289f9","local_time":"20190411000619","is_ascension_mode":true,"campfire_choices":[{"data":"Go for the Eyes","floor":7.0,"key":"SMITH"},{"data":"Go for the Eyes","floor":10.0,"key":"SMITH"},{"data":"Defragment","floor":15.0,"key":"SMITH"},{"data":"Echo Form","floor":25.0,"key":"SMITH"},{"floor":27.0,"key":"REST"},{"data":"Seek","floor":32.0,"key":"SMITH"},{"data":"Loop","floor":40,"key":"SMITH"},{"data":"Machine Learning","floor":42,"key":"SMITH"},{"data":"White Noise","floor":49,"key":"SMITH"}],"neow_cost":"NONE","seed_source_timestamp":0,"circlet_count":0,"master_deck":["AscendersBane","Strike_B","Strike_B+1","Strike_B+1","Defend_B","Defend_B","Defend_B","Defend_B","Zap","Defragment+1","Ball Lightning","Go for the Eyes+1","Self Repair","Coolheaded","Go for the Eyes+1","Cold Snap","Conserve Battery","Seek+1","FTL","Cold Snap","BootSequence","Defragment+1","Leap","Echo Form+1","Machine Learning+1","Loop+1","White Noise+1","Electrodynamics","Loop"],"special_seed":0,"relics":["Cracked Core","Ornamental Fan","Pantograph","Peace Pipe","Juzu Bracelet","Ectoplasm","Smiling Mask","DollysMirror","Bag of Preparation","Singing Bowl","Lantern","Old Coin","StoneCalendar","Tiny House","Red Mask","Whetstone","Bag of Marbles"],"potions_floor_usage":[33,35,38,50],"damage_taken":[{"damage":1.0,"enemies":"Cultist","floor":1.0,"turns":3.0},{"damage":3.0,"enemies":"2 Louse","floor":2.0,"turns":2.0},{"damage":7.0,"enemies":"Jaw Worm","floor":3.0,"turns":3.0},{"damage":0.0,"enemies":"Large Slime","floor":4.0,"turns":4.0},{"damage":23.0,"enemies":"Gremlin Nob","floor":6.0,"turns":4.0},{"damage":7.0,"enemies":"2 Fungi Beasts","floor":8.0,"turns":3.0},{"damage":3.0,"enemies":"Lagavulin","floor":11.0,"turns":6.0},{"damage":9.0,"enemies":"Looter","floor":12.0,"turns":3.0},{"damage":9.0,"enemies":"Exordium Wildlife","floor":13.0,"turns":6.0},{"damage":29.0,"enemies":"Hexaghost","floor":16.0,"turns":10.0},{"damage":9.0,"enemies":"3 Byrds","floor":18.0,"turns":6.0},{"damage":1.0,"enemies":"Shell Parasite","floor":19.0,"turns":5.0},{"damage":18.0,"enemies":"Centurion and Healer","floor":21.0,"turns":9.0},{"damage":34.0,"enemies":"Gremlin Leader","floor":23.0,"turns":11.0},{"damage":15.0,"enemies":"Slavers","floor":29.0,"turns":7.0},{"damage":10.0,"enemies":"Gremlin Leader","floor":31.0,"turns":12.0},{"damage":54,"enemies":"Collector","floor":33,"turns":16},{"damage":29,"enemies":"3 Darklings","floor":35,"turns":6},{"damage":0,"enemies":"Orb Walker","floor":37,"turns":7},{"damage":5,"enemies":"Sphere and 2 Shapes","floor":38,"turns":6},{"damage":16,"enemies":"Nemesis","floor":44,"turns":9},{"damage":6,"enemies":"3 Darklings","floor":46,"turns":5},{"damage":31,"enemies":"Spire Growth","floor":47,"turns":6},{"damage":58,"enemies":"Time Eater","floor":50,"turns":15}],"seed_played":"7612538182025084362","potions_obtained":[{"floor":3.0,"key":"GamblersBrew"},{"floor":6.0,"key":"FearPotion"},{"floor":12.0,"key":"Strength Potion"},{"floor":13.0,"key":"Swift Potion"},{"floor":18.0,"key":"Strength Potion"},{"floor":21.0,"key":"Ancient Potion"},{"floor":29.0,"key":"Poison Potion"},{"floor":34,"key":"AttackPotion"},{"floor":35,"key":"Block Potion"}],"is_trial":false,"path_per_floor":["M","M","M","M","$","E","R","M","T","R","E","M","M","?","R","B",null,"M","M","T","M","$","E","$","R","T","R","?","E","?","E","R","B",null,"M","?","M","M","?","R","?","R","T","E","?","M","M","?","R","B",null],"character_chosen":"DEFECT","items_purchased":["PowerPotion","DollysMirror","Leap","Echo Form"],"campfire_rested":1,"item_purchase_floors":[5,22,22,24],"current_hp_per_floor":[67,64,57,57,57,41,41,34,34,34,38,36,34,34,34,37,66,64,70,70,59,59,32,32,32,32,54,54,55,55,54,54,32,72,43,43,59,70,70,70,69,69,69,67,67,77,60,60,60,27],"gold":0,"neow_bonus":"HUNDRED_GOLD","is_prod":false,"is_daily":false,"chose_seed":false,"campfire_upgraded":8,"win_rate":0,"timestamp":1554966379,"path_taken":["M","M","M","M","$","E","R","?","T","R","E","M","M","?","R","BOSS","M","M","?","M","$","E","?","R","T","R","?","E","?","E","R","BOSS","M","?","M","M","?","R","?","R","T","E","?","M","M","?","R","BOSS"],"build_version":"2019-01-23","purchased_purges":1,"victory":true,"max_hp_per_floor":[75,75,75,75,75,75,75,75,75,75,75,75,75,75,75,75,75,75,75,75,75,75,75,75,75,75,75,75,77,77,79,79,79,84,84,84,86,88,88,88,92,92,92,92,92,94,94,89,89,89],"card_choices":[{"not_picked":["Compile Driver","Sweeping Beam"],"picked":"Defragment","floor":1.0},{"not_picked":["Consume","Steam"],"picked":"Ball Lightning","floor":2.0},{"not_picked":["Barrage","Loop"],"picked":"Go for the Eyes","floor":3.0},{"not_picked":["Sweeping Beam","Barrage"],"picked":"Self Repair","floor":4.0},{"not_picked":["Storm","Fusion"],"picked":"Coolheaded","floor":6.0},{"not_picked":["Ball Lightning","Self Repair"],"picked":"Go for the Eyes","floor":8.0},{"not_picked":["Genetic Algorithm","Aggregate"],"picked":"Cold Snap","floor":11.0},{"not_picked":["Reboot","Sweeping Beam"],"picked":"Auto Shields","floor":12.0},{"not_picked":["Go for the Eyes","Steam"],"picked":"Conserve Battery","floor":13.0},{"not_picked":["Amplify","Rainbow"],"picked":"Seek","floor":16.0},{"not_picked":["Go for the Eyes","Stack+1"],"picked":"FTL","floor":18.0},{"not_picked":["Genetic Algorithm","Rebound"],"picked":"Cold Snap","floor":19.0},{"not_picked":["Redo","Rebound"],"picked":"BootSequence","floor":21.0},{"not_picked":["Hyperbeam","Fusion","Chaos"],"picked":"SKIP","floor":23.0},{"not_picked":["Steam+1","Genetic Algorithm","Rebound"],"picked":"Singing Bowl","floor":29.0},{"not_picked":["Redo","Sweeping Beam","Recycle"],"picked":"Singing Bowl","floor":31.0},{"not_picked":["Reboot","Multi-Cast"],"picked":"Machine Learning","floor":33},{"not_picked":["Consume+1","Gash"],"picked":"Loop","floor":34},{"not_picked":["Go for the Eyes+1","Redo"],"picked":"White Noise","floor":35},{"not_picked":["Leap+1","Recycle+1","Barrage+1"],"picked":"Singing Bowl","floor":37},{"not_picked":["Stack","Coolheaded","Compile Driver"],"picked":"Singing Bowl","floor":38},{"not_picked":["PanicButton","Forethought","Dark Shackles"],"picked":"Singing Bowl","floor":41},{"not_picked":["Purity","The Bomb","Good Instincts"],"picked":"Singing Bowl","floor":41},{"not_picked":["Streamline","Loop"],"picked":"Electrodynamics","floor":44},{"not_picked":["Blizzard","BootSequence","Conserve Battery+1"],"picked":"Singing Bowl","floor":46},{"not_picked":["Hologram","Tempest"],"picked":"Loop","floor":47}],"player_experience":396038,"relics_obtained":[{"floor":6.0,"key":"Ornamental Fan"},{"floor":9.0,"key":"Pantograph"},{"floor":11.0,"key":"Peace Pipe"},{"floor":20.0,"key":"Smiling Mask"},{"floor":23.0,"key":"Bag of Preparation"},{"floor":26.0,"key":"Singing Bowl"},{"floor":29.0,"key":"Old Coin"},{"floor":31.0,"key":"StoneCalendar"},{"floor":43,"key":"Whetstone"},{"floor":44,"key":"Bag of Marbles"}],"event_choices":[{"damage_healed":0.0,"max_hp_gain":0.0,"max_hp_loss":0.0,"gold_gain":0.0,"event_name":"WeMeetAgain","player_choice":"Gave Potion","floor":14.0,"gold_loss":0.0,"damage_taken":0.0,"relics_obtained":["Juzu Bracelet"]},{"damage_healed":0.0,"max_hp_gain":0.0,"max_hp_loss":0.0,"gold_gain":0.0,"event_name":"The Mausoleum","player_choice":"Opened","floor":28.0,"gold_loss":0.0,"damage_taken":0.0,"relics_obtained":["Lantern"]},{"damage_healed":0.0,"max_hp_gain":0.0,"max_hp_loss":0.0,"gold_gain":0.0,"event_name":"Ghosts","player_choice":"Ignored","floor":30.0,"gold_loss":0.0,"damage_taken":0.0},{"damage_healed":0,"gold_gain":0,"player_choice":"Paid","damage_taken":0,"relics_obtained":["Red Mask"],"max_hp_gain":0,"max_hp_loss":0,"event_name":"Tomb of Lord Red Mask","floor":36,"gold_loss":45},{"cards_removed":["Dualcast"],"damage_healed":0,"gold_gain":0,"player_choice":"Removed Skill","damage_taken":0,"max_hp_gain":0,"max_hp_loss":0,"event_name":"Falling","floor":39,"gold_loss":0},{"damage_healed":0,"gold_gain":0,"player_choice":"Memory 2","damage_taken":5,"max_hp_gain":0,"max_hp_loss":0,"event_name":"SensoryStone","floor":41,"gold_loss":0},{"cards_removed":["Auto Shields"],"damage_healed":0,"gold_gain":0,"player_choice":"Purged","damage_taken":0,"max_hp_gain":0,"max_hp_loss":0,"event_name":"Purifier","floor":45,"gold_loss":0},{"damage_healed":0,"gold_gain":0,"player_choice":"Max HP","damage_taken":0,"max_hp_gain":0,"max_hp_loss":5,"event_name":"Winding Halls","floor":48,"gold_loss":0}],"is_beta":false,"boss_relics":[{"not_picked":["Astrolabe","FrozenCore"],"picked":"Ectoplasm"},{"not_picked":["Empty Cage","Velvet Choker"],"picked":"Tiny House"}],"items_purged_floors":[22],"is_endless":false,"potions_floor_spawned":[3,6,12,13,18,21,29,35],"ascension_level":12}