{"gold_per_floor":[115,115,115,130,130,130,143,162,189,222,222,238,263,279,279,403,403,421,158,158,171,23,23,23],"floor_reached":24,"playtime":1607,"items_purged":["Injury"],"score":248,"play_id":"cf8316a6-471f-445f-9b00-0727e0d4cada","local_time":"20190330143816","is_ascension_mode":true,"campfire_choices":[{"floor":6,"key":"REST"},{"floor":15,"key":"REST"},{"data":"Blur","floor":23,"key":"SMITH"}],"neow_cost":"NONE","seed_source_timestamp":98722503507615,"circlet_count":0,"master_deck":["Defend_G","Defend_G","Defend_G","Defend_G","Defend_G","Strike_G","Strike_G","Strike_G","Strike_G","Strike_G","Survivor","Neutralize","Acrobatics","PiercingWail","Underhanded Strike","Calculated Gamble","Cloak And Dagger","Blur+1","Deadly Poison","Deflect","Well Laid Plans","Tools of the Trade","Underhanded Strike+1","Caltrops","Deadly Poison"],"relics":["Sozu","Golden Idol","Bag of Preparation","Molten Egg 2","Pear","Snecko Eye","Oddly Smooth Stone","Nloth\u0027s Gift","Happy Flower"],"potions_floor_usage":[],"damage_taken":[{"damage":0,"enemies":"Jaw Worm","floor":1,"turns":4},{"damage":0,"enemies":"2 Louse","floor":4,"turns":3},{"damage":0,"enemies":"Cultist","floor":7,"turns":4},{"damage":2,"enemies":"3 Louse","floor":8,"turns":4},{"damage":26,"enemies":"Gremlin Nob","floor":10,"turns":5},{"damage":0,"enemies":"Red Slaver","floor":12,"turns":3},{"damage":5,"enemies":"2 Fungi Beasts","floor":13,"turns":4},{"damage":15,"enemies":"Exordium Thugs","floor":14,"turns":5},{"damage":52,"enemies":"Hexaghost","floor":16,"turns":15},{"damage":5,"enemies":"Shell Parasite","floor":18,"turns":9},{"damage":0,"enemies":"3 Byrds","floor":21,"turns":2},{"damage":62,"enemies":"Gremlin Leader","floor":24,"turns":6}],"seed_played":"-6158843771879441127","potions_obtained":[],"is_trial":false,"path_per_floor":["M","?","?","M","?","R","M","M","T","E","?","M","M","M","R","B",null,"M","$","?","M","$","R","E"],"character_chosen":"THE_SILENT","items_purchased":["Oddly Smooth Stone","Caltrops","Happy Flower"],"campfire_rested":2,"item_purchase_floors":[19,19,22],"current_hp_per_floor":[70,70,52,52,52,70,70,68,68,42,52,52,47,32,56,4,61,56,56,56,56,56,56,0],"gold":23,"neow_bonus":"BOSS_RELIC","is_prod":false,"is_daily":false,"chose_seed":false,"campfire_upgraded":1,"win_rate":0,"timestamp":1553974696,"path_taken":["M","?","?","M","?","R","?","M","T","E","?","M","?","M","R","BOSS","M","$","?","M","$","R","E"],"build_version":"2019-01-23","purchased_purges":1,"victory":false,"max_hp_per_floor":[70,70,70,70,70,70,70,70,70,70,80,80,80,80,80,80,80,80,80,80,80,80,80,80],"card_choices":[{"not_picked":["Masterful Stab","Sucker Punch"],"picked":"Acrobatics","floor":1},{"not_picked":["Dash","All Out Attack"],"picked":"PiercingWail","floor":4},{"not_picked":["Endless Agony","Backflip"],"picked":"Underhanded Strike","floor":6},{"not_picked":["Grand Finale","Reflex"],"picked":"Calculated Gamble","floor":7},{"not_picked":["Bouncing Flask","Acrobatics"],"picked":"Cloak And Dagger","floor":8},{"not_picked":["Backflip","Dagger Spray"],"picked":"Dodge and Roll","floor":10},{"not_picked":["Concentrate","Blade Dance"],"picked":"Blur","floor":12},{"not_picked":["Distraction","Deflect"],"picked":"Deadly Poison","floor":13},{"not_picked":["Underhanded Strike+1","Acrobatics"],"picked":"Deflect","floor":14},{"not_picked":["Bane+1","All Out Attack+1"],"picked":"Well Laid Plans","floor":15},{"not_picked":["Phantasmal Killer","Unload+1"],"picked":"Tools of the Trade","floor":16},{"not_picked":["Riddle With Holes+1","Dagger Throw+1"],"picked":"Underhanded Strike+1","floor":18},{"not_picked":["Quick Slash+1","Dodge and Roll"],"picked":"Deadly Poison","floor":21}],"player_experience":344829,"relics_obtained":[{"floor":9,"key":"Bag of Preparation"},{"floor":10,"key":"Molten Egg 2"}],"event_choices":[{"damage_healed":0,"gold_gain":0,"player_choice":"Ignored","damage_taken":0,"max_hp_gain":0,"max_hp_loss":0,"event_name":"Golden Wing","floor":2,"gold_loss":0},{"damage_healed":0,"gold_gain":0,"player_choice":"Success","damage_taken":18,"relics_obtained":["Dream Catcher"],"max_hp_gain":0,"max_hp_loss":0,"event_name":"Scrap Ooze","floor":3,"gold_loss":0},{"damage_healed":0,"gold_gain":0,"player_choice":"Take Wound","damage_taken":0,"relics_obtained":["Golden Idol"],"max_hp_gain":0,"max_hp_loss":0,"event_name":"Golden Idol","floor":5,"gold_loss":0,"cards_obtained":["Injury"]},{"cards_removed":["Dodge and Roll"],"damage_healed":0,"gold_gain":0,"player_choice":"Gave Card","damage_taken":0,"relics_obtained":["Pear"],"max_hp_gain":0,"max_hp_loss":0,"event_name":"WeMeetAgain","floor":11,"gold_loss":0},{"damage_healed":0,"gold_gain":0,"player_choice":"Traded Relic","damage_taken":0,"relics_obtained":["Nloth\u0027s Gift"],"max_hp_gain":0,"max_hp_loss":0,"event_name":"N\u0027loth","floor":20,"relics_lost":["Dream Catcher"],"gold_loss":0}],"is_beta":false,"boss_relics":[{"not_picked":["Coffee Dripper","WristBlade"],"picked":"Snecko Eye"}],"items_purged_floors":[19],"is_endless":false,"potions_floor_spawned":[1,4,12,13,14,18],"killed_by":"Gremlin Leader","ascension_level":5}