{"gold_per_floor":[111,37,47,47,58,58,84,96,123,138,138,156,81,92,92,187,187,157,157,157,157,157,157,157,157,157,157,157,157,157,157,157,157,157,157,157,157,157,157,157,157,157,157,57,57,57,0,0,0,0],"floor_reached":50,"playtime":2225,"items_purged":["Strike_R","Writhe"],"score":575,"play_id":"f0e012ca-854f-4852-a298-fea5411a910e","local_time":"20180714233548","is_ascension_mode":false,"campfire_choices":[{"data":"Cleave","floor":6,"key":"SMITH"},{"data":"Pommel Strike","floor":11,"key":"SMITH"},{"data":"Inflame","floor":15,"key":"SMITH"},{"data":"Uppercut","floor":24,"key":"SMITH"},{"data":"Heavy Blade","floor":27,"key":"SMITH"},{"data":"Demon Form","floor":29,"key":"SMITH"},{"data":"Shrug It Off","floor":32,"key":"SMITH"},{"data":"Bash","floor":40,"key":"SMITH"},{"data":"Bloodletting","floor":42,"key":"SMITH"},{"floor":49,"key":"REST"}],"neow_cost":"NONE","seed_source_timestamp":97539711894580,"circlet_count":0,"master_deck":["Defend_R","Defend_R","Defend_R","Defend_R","Bash+1","Headbutt","Inflame+1","Cleave+1","Evolve+1","Sword Boomerang","Offering","Pommel Strike+1","Twin Strike","Twin Strike","Bloodletting+1","Demon Form+1","Spot Weakness","Dual Wield","Battle Trance","RitualDagger","Uppercut+1","Bite","Bite","Bite","Bite","Bite","Heavy Blade+1","Sword Boomerang","Shrug It Off+1","Immolate","Wild Strike+1","Cleave+1","Dual Wield+1","Flame Barrier+1","Writhe"],"relics":["Burning Blood","Red Skull","Lantern","Ectoplasm","Blue Candle","Cursed Key","Darkstone Periapt","Red Mask"],"potions_floor_usage":[22,30,33,33,45,50,50,50],"damage_taken":[{"damage":2,"enemies":"Small Slimes","floor":1,"turns":4},{"damage":10,"enemies":"Cultist","floor":3,"turns":4},{"damage":8,"enemies":"Jaw Worm","floor":5,"turns":3},{"damage":28,"enemies":"Gremlin Nob","floor":7,"turns":4},{"damage":6,"enemies":"Blue Slaver","floor":8,"turns":2},{"damage":10,"enemies":"Exordium Wildlife","floor":10,"turns":4},{"damage":0,"enemies":"Lots of Slimes","floor":12,"turns":1},{"damage":7,"enemies":"3 Louse","floor":14,"turns":3},{"damage":4,"enemies":"Slime Boss","floor":16,"turns":8},{"damage":9,"enemies":"2 Thieves","floor":18,"turns":3},{"damage":4,"enemies":"3 Byrds","floor":19,"turns":3},{"damage":15,"enemies":"Centurion and Healer","floor":22,"turns":4},{"damage":17,"enemies":"Cultist and Chosen","floor":25,"turns":3},{"damage":5,"enemies":"Chosen and Byrds","floor":28,"turns":3},{"damage":21,"enemies":"Snecko","floor":30,"turns":4},{"damage":10,"enemies":"Snake Plant","floor":31,"turns":2},{"damage":11,"enemies":"Champ","floor":33,"turns":7},{"damage":14,"enemies":"Orb Walker","floor":35,"turns":3},{"damage":4,"enemies":"Flame Bruiser 1 Orb","floor":37,"turns":2},{"damage":29,"enemies":"Maw","floor":39,"turns":5},{"damage":6,"enemies":"4 Shapes","floor":41,"turns":3},{"damage":7,"enemies":"Transient","floor":45,"turns":5},{"damage":37,"enemies":"3 Darklings","floor":46,"turns":4},{"damage":94,"enemies":"Awakened One","floor":50,"turns":8}],"seed_played":"-5899790207705879928","potions_obtained":[{"floor":1,"key":"GamblersBrew"},{"floor":8,"key":"Fire Potion"},{"floor":12,"key":"Swift Potion"},{"floor":16,"key":"Block Potion"},{"floor":22,"key":"GamblersBrew"},{"floor":25,"key":"SpeedPotion"},{"floor":28,"key":"Dexterity Potion"},{"floor":33,"key":"Explosive Potion"},{"floor":39,"key":"Swift Potion"},{"floor":41,"key":"Strength Potion"},{"floor":45,"key":"Weak Potion"}],"is_trial":false,"path_per_floor":["M","$","M","?","M","R","E","M","T","M","R","M","$","M","R","B",null,"M","M","?","?","M","?","R","M","T","R","M","R","M","M","R","B",null,"M","?","M","$","M","R","M","R","T","$","M","M","?","?","R"],"character_chosen":"IRONCLAD","items_purchased":["Inflame"],"campfire_rested":1,"item_purchase_floors":[2],"current_hp_per_floor":[80,80,76,76,74,74,52,52,52,48,48,54,54,53,53,55,80,77,79,79,73,64,56,56,47,47,47,52,52,45,41,41,44,56,52,52,56,56,37,37,37,37,37,37,50,21,21,41,59,0],"gold":0,"neow_bonus":"TRANSFORM_CARD","is_prod":false,"is_daily":false,"chose_seed":false,"campfire_upgraded":9,"win_rate":0,"timestamp":1531582548,"path_taken":["M","$","M","?","M","R","E","M","T","M","R","M","?","M","R","BOSS","M","M","?","?","M","?","R","M","T","R","?","R","M","M","R","BOSS","M","?","?","?","M","R","M","R","T","$","M","?","?","?","R","BOSS"],"build_version":"2018-07-12","purchased_purges":2,"victory":false,"max_hp_per_floor":[80,80,80,80,80,80,80,80,80,80,80,80,80,80,80,80,80,80,80,80,80,80,56,56,56,56,56,56,56,56,56,56,56,56,56,56,56,56,56,56,56,56,56,56,56,56,56,62,62,62],"card_choices":[{"not_picked":["Havoc","True Grit"],"picked":"Headbutt","floor":1},{"not_picked":["Headbutt","Bloodletting"],"picked":"Cleave","floor":3},{"not_picked":["Warcry","Headbutt"],"picked":"Sword Boomerang","floor":5},{"not_picked":["Cleave","Corruption"],"picked":"Offering","floor":7},{"not_picked":["Clash","Cleave"],"picked":"Pommel Strike","floor":8},{"not_picked":["Rage","Corruption"],"picked":"Twin Strike","floor":10},{"not_picked":["Burning Pact","Inflame"],"picked":"Twin Strike","floor":12},{"not_picked":["Hemokinesis","Havoc"],"picked":"Bloodletting","floor":14},{"not_picked":["Barricade","Brutality"],"picked":"Demon Form","floor":16},{"not_picked":["Combust","Twin Strike"],"picked":"Spot Weakness","floor":18},{"not_picked":["True Grit+1","Burning Pact"],"picked":"Dual Wield","floor":19},{"not_picked":["Clothesline","Thunderclap"],"picked":"Uppercut","floor":22},{"not_picked":["Body Slam+1","Wild Strike"],"picked":"Heavy Blade","floor":25},{"not_picked":["Cleave","Barricade"],"picked":"Sword Boomerang","floor":28},{"not_picked":["Searing Blow","Perfected Strike"],"picked":"Shrug It Off","floor":30},{"not_picked":["Heavy Blade","Sever Soul","Rupture"],"picked":"SKIP","floor":31},{"not_picked":["Fiend Fire","Berserk"],"picked":"Immolate","floor":33},{"not_picked":["Corruption+1","Seeing Red","Clothesline"],"picked":"SKIP","floor":35},{"not_picked":["Fire Breathing+1","Flex","Shockwave"],"picked":"SKIP","floor":37},{"not_picked":["Hemokinesis","Second Wind"],"picked":"Wild Strike+1","floor":39},{"not_picked":["Spot Weakness+1","True Grit"],"picked":"Cleave+1","floor":41},{"not_picked":["Pommel Strike","Sentinel"],"picked":"Dual Wield+1","floor":45},{"not_picked":["Rupture","Seeing Red+1"],"picked":"Flame Barrier+1","floor":46}],"player_experience":672741,"relics_obtained":[{"floor":7,"key":"Red Skull"},{"floor":9,"key":"Lantern"},{"floor":26,"key":"Blue Candle"},{"floor":43,"key":"Darkstone Periapt"}],"event_choices":[{"event_name":"Transmorgrifier","player_choice":"Transform","floor":4,"damage_taken":0},{"event_name":"The Library","player_choice":"Read","floor":20,"damage_taken":0},{"event_name":"Nest","player_choice":"Joined the Cult","floor":21,"damage_taken":0},{"event_name":"Vampires","player_choice":"Became a vampire","floor":23,"damage_taken":0},{"event_name":"Accursed Blacksmith","player_choice":"Forge","floor":36,"damage_taken":0},{"event_name":"Tomb of Lord Red Mask","player_choice":"Paid","floor":47,"damage_taken":0},{"event_name":"Winding Halls","player_choice":"Writhe","floor":48,"damage_taken":0}],"boss_relics":[{"not_picked":["Runic Pyramid","Velvet Choker"],"picked":"Ectoplasm"},{"not_picked":["Orrery","Philosopher\u0027s Stone"],"picked":"Cursed Key"}],"items_purged_floors":[13,44],"is_endless":false,"potions_floor_spawned":[1,8,12,16,19,22,25,28,33,39,41,45],"killed_by":"Awakened One","ascension_level":0}