{"gold_per_floor":[117,129,49,49,61,91,91,56,56,114,114,17,17,32,32,132],"floor_reached":16,"playtime":552,"items_purged":[],"score":192,"play_id":"10a2051c-8c96-43cc-9b13-9bec1fb3d5e9","local_time":"20190419190010","is_ascension_mode":true,"campfire_choices":[{"floor":7,"key":"REST"},{"floor":11,"key":"REST"},{"data":"Footwork","floor":15,"key":"SMITH"}],"neow_cost":"NONE","seed_source_timestamp":32987147239303,"circlet_count":0,"master_deck":["Defend_G","Defend_G","Defend_G+1","Defend_G+1","Defend_G","Strike_G","Strike_G","Strike_G","Strike_G","Strike_G","Survivor","Neutralize","Bouncing Flask","Riddle With Holes","Footwork+1","Escape Plan","Tactician","Cloak And Dagger","Footwork","Cloak And Dagger","Parasite","Deadly Poison"],"special_seed":0,"relics":["White Beast Statue","Bronze Scales","Gambling Chip"],"potions_floor_usage":[10,14,16],"damage_taken":[{"damage":5.0,"enemies":"Small Slimes","floor":1.0,"turns":4.0},{"damage":4.0,"enemies":"Jaw Worm","floor":2.0,"turns":3.0},{"damage":0.0,"enemies":"Cultist","floor":5.0,"turns":4.0},{"damage":39.0,"enemies":"Gremlin Nob","floor":6.0,"turns":5.0},{"damage":24,"enemies":"3 Sentries","floor":10,"turns":7},{"damage":0,"enemies":"Red Slaver","floor":14,"turns":5},{"damage":4,"enemies":"The Guardian","floor":16,"turns":11}],"seed_played":"2613864834573667836","potions_obtained":[{"floor":1.0,"key":"Ancient Potion"},{"floor":2.0,"key":"LiquidBronze"},{"floor":5.0,"key":"Swift Potion"},{"floor":6,"key":"Explosive Potion"},{"floor":10,"key":"Explosive Potion"},{"floor":14,"key":"Energy Potion"},{"floor":16,"key":"Explosive Potion"}],"is_trial":false,"path_per_floor":["M","M","$","?","M","E","R","?","T","?","R","$","?","M","R","B"],"character_chosen":"THE_SILENT","items_purchased":["Footwork","Footwork","Cloak And Dagger"],"campfire_rested":2,"item_purchase_floors":[3,12,12],"current_hp_per_floor":[58,54,54,40,40,1,22,39,39,15,36,36,53,53,53,49],"gold":132,"neow_bonus":"BOSS_RELIC","is_prod":false,"is_daily":false,"chose_seed":false,"campfire_upgraded":1,"win_rate":0,"timestamp":1555668010,"path_taken":["M","M","$","?","M","E","R","?","T","?","R","?","?","M","R","BOSS"],"build_version":"2019-01-23","purchased_purges":0,"victory":false,"max_hp_per_floor":[70,70,70,70,70,70,70,70,70,70,70,70,70,70,70,70],"card_choices":[{"not_picked":["Masterful Stab","Skewer"],"picked":"Bouncing Flask","floor":1.0},{"not_picked":["Quick Slash","Dagger Throw"],"picked":"Riddle With Holes","floor":2.0},{"not_picked":["Cloak And Dagger","Outmaneuver"],"picked":"Escape Plan","floor":5.0},{"not_picked":["Blade Dance","Heel Hook"],"picked":"Tactician","floor":6},{"not_picked":["Bane","Sucker Punch"],"picked":"Cloak And Dagger","floor":10},{"not_picked":["Envenom","Blade Dance"],"picked":"Deadly Poison","floor":14}],"player_experience":644477,"relics_obtained":[{"floor":9,"key":"Bronze Scales"},{"floor":10,"key":"Gambling Chip"}],"event_choices":[{"damage_healed":0.0,"max_hp_gain":0.0,"max_hp_loss":0.0,"gold_gain":0.0,"event_name":"Shining Light","player_choice":"Entered Light","floor":4.0,"gold_loss":0.0,"damage_taken":14.0,"cards_upgraded":["Defend_G","Defend_G"]},{"damage_healed":17,"gold_gain":0,"player_choice":"Healed","damage_taken":0,"max_hp_gain":0,"max_hp_loss":0,"event_name":"The Cleric","floor":8,"gold_loss":35},{"damage_healed":0,"gold_gain":0,"player_choice":"Searched \u00271\u0027 times","damage_taken":0,"max_hp_gain":0,"max_hp_loss":0,"event_name":"Dead Adventurer","floor":10,"gold_loss":0},{"damage_healed":17,"gold_gain":0,"player_choice":"Healed and dodged fight","damage_taken":0,"max_hp_gain":0,"max_hp_loss":0,"event_name":"Mushrooms","floor":13,"gold_loss":0,"cards_obtained":["Parasite"]}],"is_beta":false,"boss_relics":[],"items_purged_floors":[],"is_endless":false,"potions_floor_spawned":[1,2,5,6,10,14,16],"killed_by":"The Guardian","ascension_level":6}