{"gold_per_floor":[110,121,121,134,59,91,106,106,130,30,30,42,42,52,52,128,128,148,167,180,194,204,204,233,233,259,259,270,270,270,32,32,32],"floor_reached":33,"playtime":1360,"items_purged":["Strike_B","Strike_B"],"score":574,"play_id":"08fb4798-2b7c-476a-befc-acecdcd90373","local_time":"20181229182112","is_ascension_mode":true,"campfire_choices":[{"data":"Defragment","floor":8,"key":"SMITH"},{"data":"Zap","floor":11,"key":"SMITH"},{"data":"Blizzard","floor":13,"key":"SMITH"},{"data":"Go for the Eyes","floor":15,"key":"SMITH"},{"data":"Blizzard","floor":23,"key":"SMITH"},{"floor":27,"key":"REST"},{"floor":29,"key":"REST"},{"floor":32,"key":"REST"}],"neow_cost":"NONE","seed_source_timestamp":725813763537400,"circlet_count":0,"master_deck":["AscendersBane","Strike_B+1","Strike_B+1","Defend_B+1","Defend_B+1","Defend_B+1","Defend_B+1","Zap+1","Dualcast","Coolheaded","Defragment+1","Coolheaded","Blizzard+1","Glacier","Go for the Eyes+1","Loop","Seek","Blizzard+1","Ball Lightning","Hologram","Parasite","Self Repair"],"relics":["Cracked Core","NeowsBlessing","Bag of Marbles","PreservedInsect","Cursed Key","Juzu Bracelet","Anchor","Lantern"],"potions_floor_usage":[6,16,21,22,24],"damage_taken":[{"damage":0,"enemies":"Jaw Worm","floor":1,"turns":1},{"damage":0,"enemies":"Small Slimes","floor":2,"turns":1},{"damage":0,"enemies":"2 Louse","floor":4,"turns":1},{"damage":6,"enemies":"3 Sentries","floor":6,"turns":14},{"damage":14,"enemies":"Exordium Thugs","floor":7,"turns":6},{"damage":2,"enemies":"Looter","floor":12,"turns":4},{"damage":0,"enemies":"Exordium Wildlife","floor":14,"turns":4},{"damage":0,"enemies":"The Guardian","floor":16,"turns":11},{"damage":6,"enemies":"3 Byrds","floor":18,"turns":6},{"damage":0,"enemies":"Spheric Guardian","floor":19,"turns":6},{"damage":6,"enemies":"3 Cultists","floor":20,"turns":5},{"damage":6,"enemies":"Centurion and Healer","floor":21,"turns":8},{"damage":10,"enemies":"Snake Plant","floor":22,"turns":6},{"damage":48,"enemies":"Slavers","floor":24,"turns":7},{"damage":16,"enemies":"Snecko","floor":28,"turns":5},{"damage":49,"enemies":"Automaton","floor":33,"turns":10}],"seed_played":"1423091048081633595","potions_obtained":[{"floor":2,"key":"Block Potion"},{"floor":4,"key":"SteroidPotion"},{"floor":7,"key":"AttackPotion"},{"floor":14,"key":"Swift Potion"},{"floor":19,"key":"Block Potion"},{"floor":20,"key":"Regen Potion"},{"floor":22,"key":"FocusPotion"},{"floor":28,"key":"FearPotion"}],"is_trial":false,"path_per_floor":["M","M","?","M","$","E","M","R","T","$","R","M","R","M","R","B",null,"M","M","M","M","M","R","E","?","T","R","M","R","?","$","R","B"],"character_chosen":"DEFECT","items_purchased":["Self Repair","Lantern"],"campfire_rested":3,"item_purchase_floors":[31,31],"current_hp_per_floor":[64,64,64,64,64,58,44,44,44,44,44,42,42,42,42,42,64,58,58,52,60,50,50,2,2,2,23,7,28,28,28,49,0],"gold":32,"neow_bonus":"THREE_ENEMY_KILL","is_prod":false,"is_daily":false,"chose_seed":false,"campfire_upgraded":5,"win_rate":0,"timestamp":1546104072,"path_taken":["M","M","?","M","$","E","M","R","T","$","R","M","R","M","R","BOSS","M","M","M","M","M","R","E","?","T","R","M","R","?","?","R","BOSS"],"build_version":"2018-12-20","purchased_purges":2,"victory":false,"max_hp_per_floor":[71,71,71,71,71,71,71,71,71,71,71,71,71,71,71,71,71,71,71,71,71,71,71,71,71,71,71,71,71,71,71,71,71],"card_choices":[{"not_picked":["Streamline","Barrage"],"picked":"Coolheaded","floor":1},{"not_picked":["Loop","Steam Power"],"picked":"Defragment","floor":2},{"not_picked":["Melter","Barrage"],"picked":"Coolheaded","floor":4},{"not_picked":["Beam Cell","Streamline"],"picked":"Blizzard","floor":6},{"not_picked":["Reprogram","Barrage"],"picked":"Glacier","floor":7},{"not_picked":["Leap","Force Field"],"picked":"Go for the Eyes","floor":12},{"not_picked":["Undo","Gash"],"picked":"Loop","floor":14},{"not_picked":["Thunder Strike","Rainbow"],"picked":"Seek","floor":16},{"not_picked":["Gash","Redo","Beam Cell"],"picked":"SKIP","floor":18},{"not_picked":["Turbo","Lockon"],"picked":"Blizzard","floor":19},{"not_picked":["Conserve Battery","Streamline"],"picked":"Ball Lightning","floor":20},{"not_picked":["Beam Cell","Sweeping Beam"],"picked":"Hologram","floor":21},{"not_picked":["Steam","Hello World","Hyperbeam"],"picked":"SKIP","floor":22},{"not_picked":["Leap","Storm","Lockon"],"picked":"SKIP","floor":24},{"not_picked":["Barrage","Go for the Eyes","Static Discharge+1"],"picked":"SKIP","floor":28}],"player_experience":325733,"relics_obtained":[{"floor":6,"key":"Bag of Marbles"},{"floor":9,"key":"PreservedInsect"},{"floor":24,"key":"Juzu Bracelet"},{"floor":26,"key":"Anchor"}],"event_choices":[{"damage_healed":0,"gold_gain":0,"player_choice":"Leave","damage_taken":0,"max_hp_gain":0,"max_hp_loss":0,"event_name":"The Cleric","floor":3,"gold_loss":0},{"damage_healed":0,"gold_gain":0,"player_choice":"Simplicity","damage_taken":0,"max_hp_gain":0,"max_hp_loss":0,"event_name":"Back to Basics","floor":25,"gold_loss":0,"cards_upgraded":["Strike_B","Strike_B","Defend_B","Defend_B","Defend_B","Defend_B"]},{"damage_healed":0,"gold_gain":0,"player_choice":"Ignored","damage_taken":0,"max_hp_gain":0,"max_hp_loss":0,"event_name":"The Mausoleum","floor":30,"gold_loss":0}],"is_beta":false,"boss_relics":[{"not_picked":["White Beast Statue","Tiny House"],"picked":"Cursed Key"}],"items_purged_floors":[5,10],"is_endless":false,"potions_floor_spawned":[2,4,7,14,19,20,22,28],"killed_by":"Automaton","ascension_level":16}