{"gold_per_floor":[113,113,125,43,63,63,83,114,141,170,182,107,118,293,293,390,390,402,78,78,93,15,15,45,45,96,110,137,149,172,212,224,236],"floor_reached":33,"playtime":1871,"items_purged":["Pain","Strike_G"],"score":456,"play_id":"08a54e31-ed98-4db1-8f85-8a62da4f646d","local_time":"20190413132018","is_ascension_mode":true,"campfire_choices":[{"data":"Sucker Punch","floor":6,"key":"SMITH"},{"floor":15,"key":"REST"},{"data":"Footwork","floor":23,"key":"SMITH"},{"floor":25,"key":"REST"},{"floor":29,"key":"REST"},{"floor":32,"key":"REST"}],"neow_cost":"NONE","seed_source_timestamp":238486461673400,"circlet_count":0,"master_deck":["Defend_G+1","Defend_G+1","Defend_G+1","Defend_G+1","Defend_G+1","Strike_G+1","Strike_G+1","Strike_G+1","Strike_G+1","Survivor","Neutralize","Bouncing Flask","Sucker Punch+1","Noxious Fumes","Infinite Blades","Dodge and Roll","Crippling Poison","Burst","Skewer","Doubt","Doppelganger","Blur+1","Noxious Fumes","Accuracy","Footwork+1","Dagger Spray","Regret","Well Laid Plans","Bane+1","Finisher+1"],"relics":["Ring of the Snake","WarpedTongs","Bag of Marbles","Snake Skull","Art of War","Cursed Key","Bronze Scales","Sundial","Boot","MawBank","Matryoshka"],"potions_floor_usage":[8,11,24,24,33],"damage_taken":[{"damage":2,"enemies":"Cultist","floor":1,"turns":4},{"damage":2,"enemies":"Small Slimes","floor":3,"turns":3},{"damage":5,"enemies":"Jaw Worm","floor":5,"turns":4},{"damage":8,"enemies":"2 Fungi Beasts","floor":7,"turns":3},{"damage":24,"enemies":"Gremlin Nob","floor":8,"turns":5},{"damage":16,"enemies":"3 Sentries","floor":10,"turns":6},{"damage":24,"enemies":"Gremlin Gang","floor":11,"turns":4},{"damage":6,"enemies":"Blue Slaver","floor":13,"turns":4},{"damage":0,"enemies":"Slime Boss","floor":16,"turns":4},{"damage":15,"enemies":"Shell Parasite","floor":18,"turns":3},{"damage":1,"enemies":"Chosen","floor":21,"turns":4},{"damage":28,"enemies":"Slavers","floor":24,"turns":5},{"damage":20,"enemies":"Centurion and Healer","floor":27,"turns":6},{"damage":10,"enemies":"Book of Stabbing","floor":28,"turns":6},{"damage":12,"enemies":"Snake Plant","floor":30,"turns":3},{"damage":28,"enemies":"Gremlin Leader","floor":31,"turns":6},{"damage":42,"enemies":"Collector","floor":33,"turns":5}],"seed_played":"-2276029935577932772","potions_obtained":[{"floor":1,"key":"GamblersBrew"},{"floor":3,"key":"Regen Potion"},{"floor":7,"key":"SpeedPotion"},{"floor":13,"key":"Strength Potion"},{"floor":18,"key":"Regen Potion"},{"floor":28,"key":"Dexterity Potion"},{"floor":31,"key":"SpeedPotion"}],"is_trial":false,"path_per_floor":["M","?","M","$","M","R","M","E","T","E","M","$","M","?","R","B",null,"M","$","?","M","$","R","E","R","T","M","E","R","M","E","R","B"],"character_chosen":"THE_SILENT","items_purchased":["Noxious Fumes","Bronze Scales","Noxious Fumes","Footwork"],"campfire_rested":4,"item_purchase_floors":[4,19,19,22],"current_hp_per_floor":[75,75,73,73,68,68,60,51,51,35,11,11,5,5,28,28,65,50,50,50,49,49,49,35,58,58,38,28,51,39,11,34,0],"gold":236,"neow_bonus":"TEN_PERCENT_HP_BONUS","is_prod":false,"is_daily":false,"chose_seed":false,"campfire_upgraded":2,"win_rate":0,"timestamp":1555154418,"path_taken":["M","?","M","$","M","R","M","E","T","E","M","?","M","?","R","BOSS","M","$","?","M","$","R","E","R","T","M","E","R","M","E","R","BOSS"],"build_version":"2019-01-23","purchased_purges":2,"victory":false,"max_hp_per_floor":[77,77,77,77,77,77,77,77,77,77,77,77,77,77,77,77,77,77,77,77,77,77,77,77,77,77,77,77,77,77,77,77,77],"card_choices":[{"not_picked":["Blade Dance","Choke"],"picked":"Bouncing Flask","floor":1},{"not_picked":["Dagger Throw","Predator"],"picked":"Sucker Punch","floor":3},{"not_picked":["Tactician","Outmaneuver"],"picked":"Infinite Blades","floor":5},{"not_picked":["All Out Attack","Deflect"],"picked":"Dodge and Roll","floor":7},{"not_picked":["Quick Slash","Underhanded Strike","Bane"],"picked":"SKIP","floor":8},{"not_picked":["Deadly Poison","Prepared"],"picked":"Crippling Poison","floor":10},{"not_picked":["Outmaneuver","Masterful Stab"],"picked":"Burst","floor":11},{"not_picked":["Choke","Catalyst"],"picked":"Skewer","floor":13},{"not_picked":["Storm of Steel","Burst"],"picked":"Doppelganger","floor":16},{"not_picked":["Skewer","Underhanded Strike"],"picked":"Blur+1","floor":18},{"not_picked":["Sucker Punch","Blade Dance"],"picked":"Accuracy","floor":21},{"not_picked":["Bane","Heel Hook"],"picked":"Dagger Spray","floor":24},{"not_picked":["Blade Dance","Underhanded Strike"],"picked":"Well Laid Plans","floor":27},{"not_picked":["Sucker Punch+1","Tactician+1","Skewer"],"picked":"SKIP","floor":28},{"not_picked":["Bouncing Flask","Adrenaline"],"picked":"Bane+1","floor":30},{"not_picked":["Well Laid Plans","Prepared"],"picked":"Finisher+1","floor":31}],"player_experience":599722,"relics_obtained":[{"floor":8,"key":"Bag of Marbles"},{"floor":9,"key":"Snake Skull"},{"floor":10,"key":"Art of War"},{"floor":24,"key":"Sundial"},{"floor":26,"key":"Boot"},{"floor":28,"key":"MawBank"},{"floor":31,"key":"Matryoshka"}],"event_choices":[{"damage_healed":0,"gold_gain":0,"player_choice":"Rummage","damage_taken":0,"relics_obtained":["WarpedTongs"],"max_hp_gain":0,"max_hp_loss":0,"event_name":"Accursed Blacksmith","floor":2,"gold_loss":0,"cards_obtained":["Pain"]},{"damage_healed":0,"gold_gain":175,"player_choice":"AGREE","damage_taken":0,"max_hp_gain":0,"max_hp_loss":0,"event_name":"Liars Game","floor":14,"gold_loss":0,"cards_obtained":["Doubt"]},{"damage_healed":0,"gold_gain":0,"player_choice":"Simplicity","damage_taken":0,"max_hp_gain":0,"max_hp_loss":0,"event_name":"Back to Basics","floor":20,"gold_loss":0,"cards_upgraded":["Defend_G","Defend_G","Defend_G","Defend_G","Defend_G","Strike_G","Strike_G","Strike_G","Strike_G"]}],"is_beta":false,"boss_relics":[{"not_picked":["Eternal Feather","Busted Crown"],"picked":"Cursed Key"}],"items_purged_floors":[12,19],"is_endless":false,"potions_floor_spawned":[1,3,7,13,18,28,31],"killed_by":"Collector","ascension_level":5}