{"gold_per_floor":[114,114,114,129,144,174,174,189,264,214,244,259,259],"floor_reached":13,"playtime":1156,"items_purged":[],"score":95,"play_id":"adb137e2-e2b8-464d-bb7f-d5296acc0dba","local_time":"20190221165031","daily_mods":["Heirloom","Time Dilation","Elite Swarm"],"is_ascension_mode":false,"campfire_choices":[{"data":"Burst","floor":7,"key":"SMITH"}],"neow_cost":"","seed_source_timestamp":0,"circlet_count":0,"master_deck":["Defend_G","Defend_G","Defend_G","Defend_G","Strike_G","Strike_G","Strike_G","Strike_G","Survivor","Neutralize","Adrenaline","Distraction","Dagger Throw","Burst+1","Slice","Grand Finale","Prepared"],"special_seed":17948,"relics":["Ring of the Snake","The Specimen","FossilizedHelix","Centennial Puzzle","Frozen Egg 2","Ancient Tea Set"],"potions_floor_usage":[6,11],"damage_taken":[{"damage":0,"enemies":"2 Louse","floor":1,"turns":3},{"damage":0,"enemies":"Cultist","floor":4,"turns":3},{"damage":0,"enemies":"Small Slimes","floor":5,"turns":2},{"damage":11,"enemies":"Lagavulin","floor":6,"turns":6},{"damage":0,"enemies":"2 Fungi Beasts","floor":8,"turns":2},{"damage":18,"enemies":"Gremlin Nob","floor":11,"turns":4},{"damage":1,"enemies":"Blue Slaver","floor":12,"turns":3},{"damage":0,"enemies":"3 Sentries","floor":13,"turns":1}],"seed_played":"-5984108549789572650","potions_obtained":[{"floor":4,"key":"SteroidPotion"},{"floor":6,"key":"Weak Potion"},{"floor":12,"key":"Ancient Potion"}],"is_trial":false,"path_per_floor":["M","?","?","M","M","E","R","M","T","?","E","M","E"],"character_chosen":"THE_SILENT","items_purchased":[],"campfire_rested":0,"item_purchase_floors":[],"current_hp_per_floor":[70,70,70,70,70,59,59,59,59,59,41,40,40],"gold":259,"neow_bonus":"","is_prod":false,"is_daily":true,"chose_seed":false,"campfire_upgraded":1,"win_rate":0,"timestamp":1550789431,"path_taken":["M","?","?","?","M","E","R","M","T","?","E","M","E"],"build_version":"2019-01-23","purchased_purges":0,"victory":false,"max_hp_per_floor":[70,70,70,70,70,70,70,70,70,70,70,70,70],"card_choices":[{"not_picked":["Concentrate","Escape Plan"],"picked":"Deadly Poison","floor":1},{"not_picked":["Sucker Punch","Catalyst"],"picked":"Distraction","floor":4},{"not_picked":["Outmaneuver","Underhanded Strike"],"picked":"Dagger Throw","floor":5},{"not_picked":["Glass Knife","Adrenaline"],"picked":"Burst","floor":6},{"not_picked":["Dodge and Roll","Leg Sweep"],"picked":"Slice","floor":8},{"not_picked":["Storm of Steel","Malaise"],"picked":"Grand Finale","floor":11},{"not_picked":["PiercingWail","Dagger Spray"],"picked":"Prepared","floor":12}],"player_experience":164412,"relics_obtained":[{"floor":6,"key":"Centennial Puzzle"},{"floor":9,"key":"Frozen Egg 2"},{"floor":11,"key":"Ancient Tea Set"}],"event_choices":[{"damage_healed":0,"gold_gain":0,"cards_transformed":["Defend_G"],"player_choice":"Change","damage_taken":0,"max_hp_gain":0,"max_hp_loss":0,"event_name":"Living Wall","floor":2,"gold_loss":0,"cards_obtained":["Adrenaline"]},{"cards_removed":["Deadly Poison"],"damage_healed":0,"gold_gain":0,"player_choice":"Gave Card","damage_taken":0,"relics_obtained":["FossilizedHelix"],"max_hp_gain":0,"max_hp_loss":0,"event_name":"WeMeetAgain","floor":3,"gold_loss":0},{"cards_removed":["Strike_G"],"damage_healed":0,"gold_gain":0,"player_choice":"Card Removal","damage_taken":0,"max_hp_gain":0,"max_hp_loss":0,"event_name":"The Cleric","floor":10,"gold_loss":50}],"is_beta":false,"boss_relics":[],"items_purged_floors":[],"is_endless":false,"potions_floor_spawned":[4,6,12],"killed_by":"3 Sentries","ascension_level":0}