{"gold_per_floor":[217,228,244,262,36,36,63,63,88,100,112,124,136,178,190,300,312,339,351,379,425,437,449,479,491,528,540,652,664,692,375,375,473,473,492,152,169,269,285,285,89,89,115,129,129,147,160,191,191,191,191,191,69,103,103],"floor_reached":55,"playtime":2626,"items_purged":["Strike_R","Strike_R","Strike_R"],"score":703,"play_id":"1aae200f-83e4-4dda-9e9b-1dc82ba47227","local_time":"20190322233213","is_ascension_mode":false,"campfire_choices":[{"data":"Armaments","floor":6,"key":"SMITH"},{"data":"Shrug It Off","floor":8,"key":"SMITH"},{"data":"Shockwave","floor":11,"key":"SMITH"},{"data":"Bash","floor":15,"key":"SMITH"},{"data":"RitualDagger","floor":23,"key":"SMITH"},{"data":"Flame Barrier","floor":25,"key":"SMITH"},{"data":"Flex","floor":27,"key":"SMITH"},{"floor":29,"key":"RECALL"},{"data":"Offering","floor":32,"key":"SMITH"},{"data":"Double Tap","floor":40,"key":"SMITH"},{"data":"Shrug It Off","floor":42,"key":"SMITH"},{"data":"Battle Trance","floor":45,"key":"SMITH"},{"data":"Evolve","floor":49,"key":"SMITH"},{"data":"Sword Boomerang","floor":52,"key":"SMITH"}],"neow_cost":"NONE","seed_source_timestamp":171126217010285,"circlet_count":0,"master_deck":["Strike_R","Defend_R+1","Defend_R","Defend_R","Defend_R","Bash+1","Ghostly Armor","Shockwave+1","Spot Weakness+1","Armaments+1","Shrug It Off+1","Sword Boomerang+1","Ghostly Armor","Reaper+1","Offering+1","Flex+1","RitualDagger+1","Flame Barrier+1","Pommel Strike+1","Sword Boomerang+1","Double Tap+1","Pommel Strike+1","Pummel+1","Inflame+1","Shrug It Off+1","Battle Trance+1","Feed+1","Evolve+1","Pummel+1"],"relics":["Burning Blood","MealTicket","Vajra","MawBank","Juzu Bracelet","War Paint","Busted Crown","Red Mask","Gambling Chip","Pear","Molten Egg 2","Orrery","Gremlin Horn","Whetstone","Regal Pillow","Du-Vu Doll"],"potions_floor_usage":[7,14,14,20,28,48,48,55,55],"damage_taken":[{"damage":2,"enemies":"Small Slimes","floor":1,"turns":3},{"damage":3,"enemies":"2 Louse","floor":2,"turns":3},{"damage":3,"enemies":"Jaw Worm","floor":3,"turns":5},{"damage":6,"enemies":"Blue Slaver","floor":4,"turns":5},{"damage":21,"enemies":"3 Sentries","floor":7,"turns":7},{"damage":12,"enemies":"Gremlin Nob","floor":14,"turns":3},{"damage":15,"enemies":"The Guardian","floor":16,"turns":14},{"damage":6,"enemies":"3 Byrds","floor":18,"turns":5},{"damage":16,"enemies":"2 Thieves","floor":20,"turns":4},{"damage":6,"enemies":"Masked Bandits","floor":21,"turns":4},{"damage":6,"enemies":"Snecko","floor":24,"turns":5},{"damage":0,"enemies":"Colosseum Slavers","floor":28,"turns":6},{"damage":16,"enemies":"Colosseum Nobs","floor":28,"turns":4},{"damage":7,"enemies":"Cultist and Chosen","floor":30,"turns":6},{"damage":57,"enemies":"Automaton","floor":33,"turns":12},{"damage":6,"enemies":"Orb Walker","floor":35,"turns":3},{"damage":0,"enemies":"3 Shapes","floor":37,"turns":3},{"damage":20,"enemies":"Mind Bloom Boss Battle","floor":38,"turns":6},{"damage":5,"enemies":"Sphere and 2 Shapes","floor":39,"turns":3},{"damage":8,"enemies":"Spire Growth","floor":44,"turns":3},{"damage":0,"enemies":"Maw","floor":46,"turns":4},{"damage":6,"enemies":"Jaw Worm Horde","floor":47,"turns":2},{"damage":35,"enemies":"Reptomancer","floor":48,"turns":3},{"damage":97,"enemies":"Time Eater","floor":50,"turns":9},{"damage":11,"enemies":"Shield and Spear","floor":54,"turns":4},{"damage":100,"enemies":"The Heart","floor":55,"turns":6}],"seed_played":"6257044271864412450","potions_obtained":[{"floor":1,"key":"Strength Potion"},{"floor":3,"key":"PowerPotion"},{"floor":4,"key":"EntropicBrew"},{"floor":18,"key":"Fire Potion"},{"floor":21,"key":"FearPotion"},{"floor":24,"key":"Fire Potion"},{"floor":30,"key":"SteroidPotion"}],"is_trial":false,"path_per_floor":["M","M","M","M","$","R","E","R","T","?","R","?","?","E","R","B",null,"M","?","M","?","?","R","M","R","T","R","?","R","M","$","R","B",null,"M","$","M","?","M","R","$","R","T","M","R","M","M","E","R","B",null,"R","$","E","B"],"character_chosen":"IRONCLAD","items_purchased":["MealTicket","Shrug It Off","Molten Egg 2","Gremlin Horn","Battle Trance","PowerPotion","Pummel+1"],"campfire_rested":0,"item_purchase_floors":[5,5,31,36,41,53,53],"current_hp_per_floor":[80,80,80,80,80,80,65,65,65,65,65,65,65,59,59,69,80,80,74,64,77,77,77,80,80,80,80,80,80,89,90,90,52,90,90,90,90,90,90,90,90,90,90,88,88,90,90,89,89,7,90,90,90,85,0],"gold":103,"neow_bonus":"HUNDRED_GOLD","is_prod":false,"is_daily":false,"chose_seed":false,"campfire_upgraded":13,"win_rate":0,"timestamp":1553268733,"path_taken":["M","M","M","M","$","R","E","R","T","?","R","?","?","E","R","BOSS","M","?","M","?","?","R","M","R","T","R","?","R","M","$","R","BOSS","M","$","M","?","M","R","$","R","T","M","R","M","M","E","R","BOSS","R","$","E","BOSS"],"build_version":"2019-01-23","purchased_purges":3,"victory":false,"max_hp_per_floor":[80,80,80,80,80,80,80,80,80,80,80,80,80,80,80,80,80,80,80,80,80,80,80,80,80,80,80,90,90,90,90,90,90,90,90,90,90,90,90,90,90,90,90,90,90,90,90,90,90,90,90,90,90,90,90],"card_choices":[{"not_picked":["Clothesline","Fire Breathing"],"picked":"Ghostly Armor","floor":1},{"not_picked":["Heavy Blade","Havoc"],"picked":"Shockwave","floor":2},{"not_picked":["Shrug It Off","Uppercut"],"picked":"Spot Weakness","floor":3},{"not_picked":["Perfected Strike","Twin Strike"],"picked":"Armaments","floor":4},{"not_picked":["Thunderclap","Armaments"],"picked":"Sword Boomerang","floor":7},{"not_picked":["Perfected Strike","Flex"],"picked":"Reaper","floor":14},{"not_picked":["Barricade","Exhume"],"picked":"Offering","floor":16},{"not_picked":[],"picked":"Flex","floor":18},{"not_picked":["Second Wind"],"picked":"SKIP","floor":20},{"not_picked":["Clash"],"picked":"SKIP","floor":24},{"not_picked":[],"picked":"Pommel Strike+1","floor":28},{"not_picked":[],"picked":"Sword Boomerang","floor":30},{"not_picked":[],"picked":"Double Tap","floor":33},{"not_picked":[],"picked":"Pommel Strike+1","floor":34},{"not_picked":[],"picked":"Pummel+1","floor":35},{"not_picked":[],"picked":"Inflame+1","floor":37},{"not_picked":[],"picked":"Shrug It Off","floor":39},{"not_picked":["Reckless Charge+1"],"picked":"SKIP","floor":44},{"not_picked":[],"picked":"Feed+1","floor":46},{"not_picked":[],"picked":"Evolve","floor":47},{"not_picked":["Dropkick+1"],"picked":"SKIP","floor":48},{"not_picked":["Warcry"],"picked":"SKIP","floor":54}],"player_experience":896286,"relics_obtained":[{"floor":7,"key":"Vajra"},{"floor":9,"key":"MawBank"},{"floor":14,"key":"War Paint"},{"floor":21,"key":"Red Mask"},{"floor":28,"key":"Gambling Chip"},{"floor":28,"key":"Pear"},{"floor":43,"key":"Whetstone"},{"floor":48,"key":"Regal Pillow"},{"floor":54,"key":"Du-Vu Doll"}],"event_choices":[{"damage_healed":0,"gold_gain":0,"player_choice":"Ignored","damage_taken":0,"max_hp_gain":0,"max_hp_loss":0,"event_name":"Liars Game","floor":10,"gold_loss":0},{"damage_healed":0,"gold_gain":0,"player_choice":"Searched \u00272\u0027 times","damage_taken":0,"relics_obtained":["Juzu Bracelet"],"max_hp_gain":0,"max_hp_loss":0,"event_name":"Dead Adventurer","floor":12,"gold_loss":0},{"damage_healed":0,"gold_gain":0,"cards_transformed":["Strike_R"],"player_choice":"Change","damage_taken":0,"max_hp_gain":0,"max_hp_loss":0,"event_name":"Living Wall","floor":13,"gold_loss":0,"cards_obtained":["Ghostly Armor"]},{"damage_healed":0,"gold_gain":0,"player_choice":"Joined the Cult","damage_taken":6,"max_hp_gain":0,"max_hp_loss":0,"event_name":"Nest","floor":19,"gold_loss":0,"cards_obtained":["RitualDagger"]},{"damage_healed":0,"gold_gain":0,"player_choice":"Fought Bandits","damage_taken":0,"max_hp_gain":0,"max_hp_loss":0,"event_name":"Masked Bandits","floor":21,"gold_loss":0},{"damage_healed":0,"gold_gain":0,"player_choice":"Read","damage_taken":0,"max_hp_gain":0,"max_hp_loss":0,"event_name":"The Library","floor":22,"gold_loss":0,"cards_obtained":["Flame Barrier"]},{"damage_healed":0,"gold_gain":0,"player_choice":"Fight","damage_taken":0,"max_hp_gain":0,"max_hp_loss":0,"event_name":"Colosseum","floor":28,"gold_loss":0},{"damage_healed":0,"gold_gain":0,"player_choice":"Fought Nobs","damage_taken":0,"max_hp_gain":0,"max_hp_loss":0,"event_name":"Colosseum","floor":28,"gold_loss":0},{"damage_healed":0,"gold_gain":0,"player_choice":"Fight","damage_taken":0,"max_hp_gain":0,"max_hp_loss":0,"event_name":"MindBloom","floor":38,"gold_loss":0}],"is_beta":false,"boss_relics":[{"not_picked":["Philosopher\u0027s Stone","Black Blood"],"picked":"Busted Crown"},{"not_picked":["Pandora\u0027s Box","Runic Pyramid"],"picked":"Orrery"}],"items_purged_floors":[31,36,41],"is_endless":false,"potions_floor_spawned":[1,3,4,18,21,24,30,37,39,44,47],"killed_by":"The Heart","ascension_level":0}