{"gold_per_floor":[219,238,20,30,30,30,30,30,30,49,67,87,87,51,51,153,153,141,152,152],"floor_reached":20,"playtime":678,"items_purged":["Strike_B"],"score":166,"play_id":"56d7988f-e40d-45bd-9b4f-1fa8f7b049eb","local_time":"20190405225717","is_ascension_mode":false,"campfire_choices":[{"data":"Dualcast","floor":6,"key":"SMITH"},{"data":"Leap","floor":8,"key":"SMITH"},{"data":"Double Energy","floor":15,"key":"SMITH"}],"neow_cost":"NONE","seed_source_timestamp":259671078470258,"circlet_count":0,"master_deck":["Strike_B","Strike_B","Defend_B","Defend_B","Defend_B","Defend_B","Zap+1","Dualcast+1","Darkness","Leap+1","Leap","Double Energy+1","Hologram","Fission","Capacitor","Echo Form","Melter+1","Reinforced Body+1"],"relics":["Cracked Core","Bag of Preparation","Bottled Lightning","Inserter"],"potions_floor_usage":[],"damage_taken":[{"damage":2,"enemies":"Small Slimes","floor":1,"turns":4},{"damage":7,"enemies":"2 Louse","floor":2,"turns":2},{"damage":1,"enemies":"Cultist","floor":4,"turns":3},{"damage":8,"enemies":"Exordium Wildlife","floor":10,"turns":4},{"damage":7,"enemies":"3 Louse","floor":11,"turns":3},{"damage":0,"enemies":"2 Fungi Beasts","floor":12,"turns":3},{"damage":14,"enemies":"Slime Boss","floor":16,"turns":9},{"damage":6,"enemies":"2 Thieves","floor":18,"turns":4},{"damage":0,"enemies":"Spheric Guardian","floor":19,"turns":2},{"damage":18,"enemies":"Cultist and Chosen","floor":20,"turns":4}],"seed_played":"6981978136666221280","potions_obtained":[{"floor":1,"key":"LiquidBronze"},{"floor":2,"key":"Strength Potion"},{"floor":18,"key":"EntropicBrew"}],"is_trial":false,"path_per_floor":["M","M","$","M","?","R","?","R","T","M","M","M","?","$","R","B",null,"M","M","M"],"character_chosen":"DEFECT","items_purchased":["Bag of Preparation","Capacitor"],"campfire_rested":0,"item_purchase_floors":[3,14],"current_hp_per_floor":[73,66,66,65,65,65,65,65,65,57,50,50,50,50,50,36,75,69,69,51],"gold":152,"neow_bonus":"HUNDRED_GOLD","is_prod":false,"is_daily":false,"chose_seed":false,"campfire_upgraded":3,"win_rate":0,"timestamp":1554476237,"path_taken":["M","M","$","M","?","R","?","R","T","M","M","M","?","$","R","BOSS","M","M","M"],"build_version":"2019-01-23","purchased_purges":1,"victory":false,"max_hp_per_floor":[75,75,75,75,75,75,75,75,75,75,75,75,75,75,75,75,75,75,75,75],"card_choices":[{"not_picked":["Hologram","Streamline"],"picked":"Darkness","floor":1},{"not_picked":["Auto Shields","Steam"],"picked":"Leap","floor":2},{"not_picked":["Steam","Compile Driver"],"picked":"Leap","floor":4},{"not_picked":["Streamline","Compile Driver"],"picked":"Double Energy","floor":10},{"not_picked":["Go for the Eyes","Streamline"],"picked":"Hologram","floor":11},{"not_picked":["Coolheaded","Gash"],"picked":"Fission","floor":12},{"not_picked":["Fission","Seek"],"picked":"Echo Form","floor":16},{"not_picked":["Conserve Battery","Leap"],"picked":"Melter+1","floor":18},{"not_picked":["Stack+1","Coolheaded+1"],"picked":"Reinforced Body+1","floor":19}],"player_experience":916291,"relics_obtained":[{"floor":9,"key":"Bottled Lightning"}],"event_choices":[{"damage_healed":0,"gold_gain":0,"player_choice":"Grow","damage_taken":0,"max_hp_gain":0,"max_hp_loss":0,"event_name":"Living Wall","floor":5,"gold_loss":0,"cards_upgraded":["Zap"]},{"damage_healed":0,"gold_gain":0,"player_choice":"Leave","damage_taken":0,"max_hp_gain":0,"max_hp_loss":0,"event_name":"The Cleric","floor":7,"gold_loss":0},{"cards_removed":["Strike_B"],"damage_healed":0,"gold_gain":0,"player_choice":"Offered Basic","damage_taken":0,"max_hp_gain":0,"max_hp_loss":0,"event_name":"Bonfire Elementals","floor":13,"gold_loss":0}],"is_beta":false,"boss_relics":[{"not_picked":["Eternal Feather","Ectoplasm"],"picked":"Inserter"}],"items_purged_floors":[3],"is_endless":false,"potions_floor_spawned":[1,2,18],"killed_by":"Cultist and Chosen","ascension_level":0}