{"gold_per_floor":[109,109,125,140,153,153,165,165,211,225,238,303,338,361,361,460,460,477,488,488,488,488,488,514,514,541,554,567,81,101,119,119,222,222,242,261,280,290,141,141,156,31,31,31,51,151,151,203,203,203],"floor_reached":51,"playtime":1665,"items_purged":["Doubt","Defend_R","Defend_R"],"score":673,"play_id":"fd08d50b-6e9f-48de-a35f-c91820a9b2cd","local_time":"20190419092431","is_ascension_mode":false,"campfire_choices":[{"data":"Heavy Blade","floor":6.0,"key":"SMITH"},{"data":"Whirlwind","floor":8.0,"key":"SMITH"},{"data":"Seeing Red","floor":15.0,"key":"SMITH"},{"data":"Flex","floor":23.0,"key":"SMITH"},{"floor":25.0,"key":"REST"},{"data":"Flex","floor":32.0,"key":"SMITH"},{"data":"Limit Break","floor":40.0,"key":"SMITH"},{"floor":44.0,"key":"REST"},{"data":"Bash","floor":49,"key":"SMITH"}],"neow_cost":"PERCENT_DAMAGE","seed_source_timestamp":0,"circlet_count":0,"master_deck":["Strike_R","Strike_R","Strike_R","Strike_R","Strike_R","Defend_R","Defend_R","Bash+1","Heavy Blade+1","Whirlwind+1","Seeing Red+1","Limit Break+1","Flex+1","Flex+1","Double Tap+1","Heavy Blade+1"],"special_seed":0,"relics":["Burning Blood","Thread and Needle","Lantern","Bottled Flame","Anchor","Odd Mushroom","Cursed Key","Toxic Egg 2","Orichalcum","Chemical X","Bag of Marbles","Lizard Tail","Unceasing Top","Prayer Wheel"],"potions_floor_usage":[50,50,50],"damage_taken":[{"damage":0.0,"enemies":"2 Louse","floor":1.0,"turns":4.0},{"damage":5.0,"enemies":"Cultist","floor":3.0,"turns":4.0},{"damage":0.0,"enemies":"Small Slimes","floor":4.0,"turns":3.0},{"damage":5.0,"enemies":"Looter","floor":5.0,"turns":4.0},{"damage":26.0,"enemies":"Gremlin Gang","floor":7.0,"turns":5.0},{"damage":2.0,"enemies":"Large Slime","floor":10.0,"turns":4.0},{"damage":0.0,"enemies":"Blue Slaver","floor":11.0,"turns":4.0},{"damage":13.0,"enemies":"3 Sentries","floor":12.0,"turns":4.0},{"damage":4.0,"enemies":"Gremlin Nob","floor":13.0,"turns":3.0},{"damage":0.0,"enemies":"The Mushroom Lair","floor":14.0,"turns":1.0},{"damage":19.0,"enemies":"Slime Boss","floor":16.0,"turns":7.0},{"damage":0.0,"enemies":"3 Byrds","floor":18.0,"turns":4.0},{"damage":1.0,"enemies":"Spheric Guardian","floor":19.0,"turns":3.0},{"damage":47.0,"enemies":"Book of Stabbing","floor":24.0,"turns":5.0},{"damage":15.0,"enemies":"Snake Plant","floor":27.0,"turns":3.0},{"damage":5.0,"enemies":"Snecko","floor":28.0,"turns":4.0},{"damage":0.0,"enemies":"Centurion and Healer","floor":30.0,"turns":1.0},{"damage":0.0,"enemies":"3 Cultists","floor":31.0,"turns":1.0},{"damage":62.0,"enemies":"Automaton","floor":33.0,"turns":8.0},{"damage":0.0,"enemies":"3 Shapes","floor":35.0,"turns":1.0},{"damage":0.0,"enemies":"Orb Walker","floor":36.0,"turns":1.0},{"damage":5.0,"enemies":"Sphere and 2 Shapes","floor":37.0,"turns":3.0},{"damage":33.0,"enemies":"Maw","floor":38.0,"turns":7.0},{"damage":4.0,"enemies":"Transient","floor":41.0,"turns":5.0},{"damage":0.0,"enemies":"Jaw Worm Horde","floor":45.0,"turns":1.0},{"damage":0.0,"enemies":"Mind Bloom Boss Battle","floor":46.0,"turns":1.0},{"damage":6,"enemies":"2 Orb Walkers","floor":48,"turns":2},{"damage":87,"enemies":"Awakened One","floor":50,"turns":7}],"seed_played":"1140173503707650765","potions_obtained":[{"floor":3.0,"key":"GamblersBrew"},{"floor":7.0,"key":"LiquidBronze"},{"floor":11.0,"key":"SkillPotion"},{"floor":12.0,"key":"Energy Potion"},{"floor":18.0,"key":"PowerPotion"},{"floor":27.0,"key":"SteroidPotion"},{"floor":28.0,"key":"Swift Potion"},{"floor":33.0,"key":"EssenceOfSteel"},{"floor":36.0,"key":"AttackPotion"},{"floor":37.0,"key":"AttackPotion"},{"floor":41.0,"key":"Fire Potion"}],"is_trial":false,"path_per_floor":["M","?","M","M","M","R","M","R","T","M","M","?","E","?","R","B",null,"M","M","?","?","?","R","E","R","T","M","M","$","M","M","R","B",null,"M","M","M","M","$","R","M","$","T","R","M","?","?","?","R","B",null],"character_chosen":"IRONCLAD","items_purchased":["Chemical X","Bag of Marbles","Energy Potion","Energy Potion"],"campfire_rested":2,"item_purchase_floors":[29,29,29,39],"current_hp_per_floor":[62,62,63,69,70,70,50,50,50,54,60,53,55,61,61,48,80,80,80,80,80,80,80,39,63,63,54,55,55,61,67,67,11,80,80,80,80,53,53,53,55,55,55,79,80,80,76,76,76,34],"gold":203,"neow_bonus":"ONE_RARE_RELIC","is_prod":false,"is_daily":false,"chose_seed":false,"campfire_upgraded":7,"win_rate":0,"timestamp":1555658671,"path_taken":["M","?","M","?","M","R","M","R","T","M","M","?","E","?","R","BOSS","M","M","?","?","?","R","E","R","T","M","M","$","M","M","R","BOSS","M","M","?","?","$","R","M","$","T","R","M","?","?","?","R","BOSS"],"build_version":"2019-01-23","purchased_purges":3,"victory":true,"max_hp_per_floor":[80,80,80,80,80,80,80,80,80,80,80,80,80,80,80,80,80,80,80,80,80,80,80,80,80,80,80,80,80,80,80,80,80,80,80,80,80,80,80,80,80,80,80,80,80,80,76,76,76,76],"card_choices":[{"not_picked":["Wild Strike","Sword Boomerang"],"picked":"Heavy Blade","floor":1.0},{"not_picked":["Perfected Strike","Iron Wave","Cleave"],"picked":"SKIP","floor":3.0},{"not_picked":["Pummel","Metallicize"],"picked":"Whirlwind","floor":4.0},{"not_picked":["Intimidate","Body Slam","Reckless Charge"],"picked":"SKIP","floor":5.0},{"not_picked":["Clothesline","Sword Boomerang","Inflame"],"picked":"SKIP","floor":7.0},{"not_picked":["Rage","Cleave","Armaments"],"picked":"SKIP","floor":10.0},{"not_picked":["Sentinel","Evolve","Reckless Charge"],"picked":"SKIP","floor":11.0},{"not_picked":["Intimidate","Clothesline"],"picked":"Seeing Red","floor":12.0},{"not_picked":["Infernal Blade","Disarm","Entrench"],"picked":"SKIP","floor":13.0},{"not_picked":["Exhume","Immolate"],"picked":"Limit Break","floor":16.0},{"not_picked":["Cleave","Searing Blow+1"],"picked":"Flex","floor":18.0},{"not_picked":["Flame Barrier+1","Entrench","Wild Strike"],"picked":"SKIP","floor":19.0},{"not_picked":["Warcry","Metallicize","Armaments"],"picked":"SKIP","floor":24.0},{"not_picked":["Bludgeon","Perfected Strike","Iron Wave+1"],"picked":"SKIP","floor":27.0},{"not_picked":["Blood for Blood","Clothesline+1","Pommel Strike+1"],"picked":"SKIP","floor":28.0},{"not_picked":["Body Slam+1","Thunderclap","Iron Wave"],"picked":"SKIP","floor":30.0},{"not_picked":["Anger","Shrug It Off+1","Clash+1"],"picked":"SKIP","floor":31.0},{"not_picked":["Exhume+1","Feed"],"picked":"Double Tap+1","floor":33.0},{"not_picked":["Body Slam+1","True Grit+1","Iron Wave"],"picked":"SKIP","floor":35.0},{"not_picked":["Clothesline","Feel No Pain+1","Burning Pact+1"],"picked":"SKIP","floor":36.0},{"not_picked":["Corruption+1","Clothesline","Headbutt+1"],"picked":"SKIP","floor":37.0},{"not_picked":["Shrug It Off+1","Armaments+1"],"picked":"Heavy Blade+1","floor":38.0},{"not_picked":["Pommel Strike+1","Havoc+1","Wild Strike+1"],"picked":"SKIP","floor":41.0},{"not_picked":["Warcry+1","Flame Barrier+1","Limit Break+1"],"picked":"SKIP","floor":45.0}],"player_experience":607556,"relics_obtained":[{"floor":9.0,"key":"Lantern"},{"floor":12.0,"key":"Bottled Flame"},{"floor":13.0,"key":"Anchor"},{"floor":14.0,"key":"Odd Mushroom"},{"floor":24.0,"key":"Toxic Egg 2"},{"floor":26.0,"key":"Orichalcum"},{"floor":46,"key":"Unceasing Top"},{"floor":48,"key":"Prayer Wheel"}],"event_choices":[{"damage_healed":0.0,"max_hp_gain":0.0,"max_hp_loss":0.0,"gold_gain":0.0,"event_name":"Wheel of Change","player_choice":"Cursed","floor":2.0,"gold_loss":0.0,"damage_taken":0.0,"cards_obtained":["Decay"]},{"damage_healed":0.0,"max_hp_gain":0.0,"max_hp_loss":0.0,"gold_gain":0.0,"event_name":"Dead Adventurer","player_choice":"Searched \u00271\u0027 times","floor":12.0,"gold_loss":0.0,"damage_taken":0.0},{"damage_healed":0.0,"max_hp_gain":0.0,"max_hp_loss":0.0,"gold_gain":0.0,"event_name":"Mushrooms","player_choice":"Fought Mushrooms","floor":14.0,"gold_loss":0.0,"damage_taken":0.0},{"cards_removed":["Decay"],"damage_healed":0.0,"max_hp_gain":0.0,"max_hp_loss":0.0,"gold_gain":0.0,"event_name":"Back to Basics","player_choice":"Elegance","floor":20.0,"gold_loss":0.0,"damage_taken":0.0},{"damage_healed":0.0,"max_hp_gain":0.0,"max_hp_loss":0.0,"gold_gain":0.0,"event_name":"The Library","player_choice":"Read","floor":21.0,"gold_loss":0.0,"damage_taken":0.0,"cards_obtained":["Flex"]},{"damage_healed":0.0,"max_hp_gain":0.0,"max_hp_loss":0.0,"gold_gain":0.0,"event_name":"NoteForYourself","player_choice":"Ignored","floor":22.0,"gold_loss":0.0,"damage_taken":0.0},{"damage_healed":0.0,"max_hp_gain":0.0,"max_hp_loss":0.0,"gold_gain":0.0,"event_name":"MindBloom","player_choice":"Fight","floor":46.0,"gold_loss":0.0,"damage_taken":0.0},{"damage_healed":0,"gold_gain":0,"player_choice":"Max HP","damage_taken":0,"max_hp_gain":0,"max_hp_loss":4,"event_name":"Winding Halls","floor":47,"gold_loss":0},{"damage_healed":0,"gold_gain":0,"player_choice":"Fight","damage_taken":0,"max_hp_gain":0,"max_hp_loss":0,"event_name":"Mysterious Sphere","floor":48,"gold_loss":0}],"is_beta":false,"boss_relics":[{"not_picked":["Black Star","Eternal Feather"],"picked":"Cursed Key"},{"not_picked":["Coffee Dripper","White Beast Statue"],"picked":"Lizard Tail"}],"items_purged_floors":[29,39,42],"is_endless":false,"potions_floor_spawned":[3,7,11,12,13,18,27,28,30,33,36,37,41,46],"ascension_level":0}