{"gold_per_floor":[114,114,127,127,127,165,165,203,227,227,246,269,294,319,319,319],"floor_reached":16,"playtime":936,"items_purged":[],"score":151,"play_id":"49238ad7-c806-42c3-af54-f4b693bb087f","local_time":"20190412160930","is_ascension_mode":true,"campfire_choices":[{"floor":7,"key":"REST"},{"floor":10,"key":"REST"},{"data":"Backflip","floor":15,"key":"SMITH"}],"neow_cost":"NONE","seed_source_timestamp":137770598399890,"circlet_count":0,"master_deck":["Defend_G","Defend_G","Defend_G","Defend_G","Defend_G","Strike_G","Strike_G","Strike_G","Strike_G","Strike_G","Survivor","Neutralize","Backflip+1","Deflect","Dagger Throw"],"relics":["Busted Crown","FaceOfCleric","Golden Idol","Pen Nib","Bottled Lightning","Bag of Marbles"],"potions_floor_usage":[6,8,16,16],"damage_taken":[{"damage":2,"enemies":"Jaw Worm","floor":1,"turns":4},{"damage":0,"enemies":"Cultist","floor":3,"turns":5},{"damage":24,"enemies":"Gremlin Nob","floor":6,"turns":5},{"damage":19,"enemies":"3 Sentries","floor":8,"turns":8},{"damage":0,"enemies":"Small Slimes","floor":11,"turns":3},{"damage":0,"enemies":"3 Louse","floor":12,"turns":4},{"damage":17,"enemies":"Exordium Wildlife","floor":13,"turns":6},{"damage":0,"enemies":"Large Slime","floor":14,"turns":7},{"damage":44,"enemies":"Hexaghost","floor":16,"turns":12}],"seed_played":"-1735226021784298669","potions_obtained":[{"floor":1,"key":"SteroidPotion"},{"floor":6,"key":"PowerPotion"},{"floor":13,"key":"Weak Potion"},{"floor":14,"key":"Strength Potion"}],"is_trial":false,"path_per_floor":["M","?","M","?","?","E","R","E","T","R","M","M","M","M","R","B"],"character_chosen":"THE_SILENT","items_purchased":[],"campfire_rested":2,"item_purchase_floors":[],"current_hp_per_floor":[61,61,62,62,55,32,53,35,35,56,57,58,42,43,43,0],"gold":319,"neow_bonus":"BOSS_RELIC","is_prod":false,"is_daily":false,"chose_seed":false,"campfire_upgraded":1,"win_rate":0,"timestamp":1555103370,"path_taken":["M","?","?","?","?","E","R","E","T","R","M","M","M","M","R","BOSS"],"build_version":"2019-01-23","purchased_purges":0,"victory":false,"max_hp_per_floor":[70,70,71,71,71,72,72,73,73,73,74,75,76,77,77,77],"card_choices":[{"not_picked":["Tactician"],"picked":"SKIP","floor":1},{"not_picked":[],"picked":"Backflip","floor":3},{"not_picked":["Bane"],"picked":"SKIP","floor":6},{"not_picked":[],"picked":"Deflect","floor":8},{"not_picked":["Bane"],"picked":"SKIP","floor":11},{"not_picked":["Heel Hook"],"picked":"SKIP","floor":12},{"not_picked":["Poisoned Stab"],"picked":"SKIP","floor":13},{"not_picked":[],"picked":"Dagger Throw","floor":14}],"player_experience":431552,"relics_obtained":[{"floor":6,"key":"Pen Nib"},{"floor":8,"key":"Bottled Lightning"},{"floor":9,"key":"Bag of Marbles"}],"event_choices":[{"damage_healed":0,"gold_gain":0,"player_choice":"Trade","damage_taken":0,"relics_obtained":["FaceOfCleric"],"max_hp_gain":0,"max_hp_loss":0,"event_name":"FaceTrader","floor":2,"gold_loss":0},{"damage_healed":0,"gold_gain":0,"player_choice":"Take Wound","damage_taken":0,"relics_obtained":["Golden Idol"],"max_hp_gain":0,"max_hp_loss":0,"event_name":"Golden Idol","floor":4,"gold_loss":0,"cards_obtained":["Injury"]},{"cards_removed":["Injury"],"damage_healed":0,"gold_gain":0,"player_choice":"Card Removal","damage_taken":7,"max_hp_gain":0,"max_hp_loss":0,"event_name":"Golden Wing","floor":5,"gold_loss":0}],"is_beta":false,"boss_relics":[],"items_purged_floors":[],"is_endless":false,"potions_floor_spawned":[1,6,13,14],"killed_by":"Hexaghost","ascension_level":7}