{"gold_per_floor":[117,134,134,147,147,176,176,251,251,0,35,55,55,89,89,194,244,261,288,203,128,128,128,128,142,142,142,142,142,173,184,184,286,286,303,322,341,95,105,133,133,133,157,157,190,238,273,273,273,273],"floor_reached":51,"playtime":2702,"items_purged":["Strike_G","Strike_G"],"score":1026,"play_id":"723f0a24-bf2c-427d-bde9-080a035fd4e2","local_time":"20190422071850","is_ascension_mode":true,"campfire_choices":[{"data":"Envenom","floor":7.0,"key":"SMITH"},{"data":"Footwork","floor":15.0,"key":"SMITH"},{"data":"Cloak And Dagger","floor":23.0,"key":"SMITH"},{"data":"Cloak And Dagger","floor":27.0,"key":"SMITH"},{"data":"Cloak And Dagger","floor":29.0,"key":"SMITH"},{"floor":32.0,"key":"REST"},{"data":"Glass Knife","floor":41,"key":"SMITH"},{"data":"Terror","floor":49,"key":"SMITH"}],"neow_cost":"NONE","seed_source_timestamp":942650478630267,"circlet_count":0,"master_deck":["Defend_G+1","Defend_G+1","Defend_G+1","Defend_G+1","Defend_G+1","Strike_G+1","Strike_G+1","Strike_G+1","Survivor+1","Neutralize+1","Footwork+1","Cloak And Dagger+1","Die Die Die+1","Envenom+1","Glass Knife+1","Accuracy+1","Cloak And Dagger+1","Footwork+1","Cloak And Dagger+1","Escape Plan+1","Crippling Poison+1","After Image+1","Blade Dance+1","Deep Breath+1","Cloak And Dagger+1","Terror+1"],"special_seed":0,"relics":["Ring of the Snake","Bag of Preparation","Frozen Egg 2","Paper Crane","Potion Belt","Molten Egg 2","Tiny House","Red Mask","PreservedInsect","MutagenicStrength","Pear","Dream Catcher","Coffee Dripper","Juzu Bracelet","The Courier","Smiling Mask","Mark of the Bloom","Strawberry","Ice Cream","Sundial"],"potions_floor_usage":[50,50],"damage_taken":[{"damage":6.0,"enemies":"Jaw Worm","floor":1.0,"turns":7.0},{"damage":0.0,"enemies":"Cultist","floor":2.0,"turns":4.0},{"damage":0.0,"enemies":"Small Slimes","floor":4.0,"turns":4.0},{"damage":5.0,"enemies":"Gremlin Nob","floor":6.0,"turns":5.0},{"damage":1.0,"enemies":"3 Sentries","floor":11.0,"turns":8.0},{"damage":0.0,"enemies":"2 Fungi Beasts","floor":12.0,"turns":3.0},{"damage":8.0,"enemies":"Gremlin Nob","floor":14.0,"turns":5.0},{"damage":3.0,"enemies":"The Guardian","floor":16.0,"turns":15.0},{"damage":23.0,"enemies":"2 Thieves","floor":18.0,"turns":5.0},{"damage":9.0,"enemies":"Masked Bandits","floor":19.0,"turns":4.0},{"damage":0.0,"enemies":"3 Byrds","floor":25.0,"turns":5.0},{"damage":0.0,"enemies":"Book of Stabbing","floor":30.0,"turns":6.0},{"damage":6.0,"enemies":"3 Cultists","floor":31.0,"turns":5.0},{"damage":13.0,"enemies":"Automaton","floor":33.0,"turns":11.0},{"damage":0.0,"enemies":"3 Shapes","floor":35.0,"turns":4.0},{"damage":0.0,"enemies":"Orb Walker","floor":36.0,"turns":4.0},{"damage":1.0,"enemies":"Transient","floor":37.0,"turns":5.0},{"damage":0.0,"enemies":"3 Darklings","floor":39.0,"turns":5.0},{"damage":1.0,"enemies":"Giant Head","floor":40.0,"turns":7.0},{"damage":0,"enemies":"Nemesis","floor":45,"turns":5},{"damage":13,"enemies":"2 Orb Walkers","floor":46,"turns":6},{"damage":0,"enemies":"Giant Head","floor":47,"turns":7},{"damage":0,"enemies":"Awakened One","floor":50,"turns":11}],"seed_played":"6286386860000526001","potions_obtained":[{"floor":1.0,"key":"Strength Potion"},{"floor":11.0,"key":"Energy Potion"},{"floor":12.0,"key":"PowerPotion"},{"floor":14.0,"key":"EntropicBrew"},{"floor":17.0,"key":"EssenceOfSteel"},{"floor":18.0,"key":"FearPotion"},{"floor":19.0,"key":"Weak Potion"},{"floor":25.0,"key":"SmokeBomb"},{"floor":37.0,"key":"Regen Potion"},{"floor":39.0,"key":"SteroidPotion"},{"floor":46,"key":"SpeedPotion"},{"floor":48,"key":"PowerPotion"},{"floor":48,"key":"Block Potion"}],"is_trial":false,"path_per_floor":["?","M","?","?","$","?","?","?","?","?","M","?","?","?","?","?"],"character_chosen":"THE_SILENT","items_purchased":["Paper Crane","Juzu Bracelet"],"campfire_rested":1,"item_purchase_floors":[10,38],"current_hp_per_floor":[64,64,64,64,69,64,64,53,53,53,52,52,52,44,44,41,80,57,48,48,48,48,48,48,48,58,58,58,58,58,52,79,81,90,90,90,89,89,89,88,88,88,88,88,88,75,75,75,75,75],"gold":273,"neow_bonus":"RANDOM_COMMON_RELIC","is_prod":false,"is_daily":false,"chose_seed":false,"campfire_upgraded":7,"win_rate":0,"timestamp":1555935530,"path_taken":["M","M","?","?","?","E","R","?","T","?","E","M","?","E","R","BOSS","M","?","?","$","?","R","?","?","T","R","?","R","E","M","R","BOSS","M","M","M","$","M","E","R","?","T","?","E","?","E","?","R","BOSS"],"build_version":"2019-01-23","purchased_purges":2,"victory":true,"max_hp_per_floor":[70,70,70,70,75,75,75,75,75,75,75,75,75,75,75,75,80,80,80,80,80,80,80,80,80,90,90,90,90,90,90,90,90,90,90,90,90,90,90,90,90,90,90,90,97,97,97,97,97,97],"card_choices":[{"not_picked":["Cloak And Dagger","Deflect"],"picked":"Footwork","floor":1.0},{"not_picked":["Dodge and Roll","Underhanded Strike"],"picked":"Cloak And Dagger","floor":2.0},{"not_picked":["Concentrate","Distraction"],"picked":"Die Die Die","floor":4.0},{"not_picked":["Blur","Calculated Gamble"],"picked":"Envenom","floor":6.0},{"not_picked":["Quick Slash","Escape Plan"],"picked":"Glass Knife","floor":11.0},{"not_picked":["Bane","Heel Hook"],"picked":"Accuracy+1","floor":12.0},{"not_picked":["Dagger Spray","Bouncing Flask","Sucker Punch"],"picked":"SKIP","floor":14.0},{"not_picked":["Bane+1","Noxious Fumes+1"],"picked":"Cloak And Dagger","floor":18.0},{"not_picked":["Flying Knee+1","Dagger Throw+1"],"picked":"Footwork+1","floor":19.0},{"not_picked":["Bouncing Flask","Choke+1"],"picked":"Cloak And Dagger","floor":25.0},{"not_picked":["Flying Knee+1","Slice+1","Outmaneuver"],"picked":"SKIP","floor":30.0},{"not_picked":["Wraith Form v2+1","Slice+1"],"picked":"Escape Plan","floor":31.0},{"not_picked":["Underhanded Strike+1","Backflip"],"picked":"Crippling Poison+1","floor":32.0},{"not_picked":["Venomology","Adrenaline"],"picked":"After Image+1","floor":33.0},{"not_picked":["Dagger Spray+1","Prepared","Expertise"],"picked":"SKIP","floor":35.0},{"not_picked":["Slice+1","Bane+1","Acrobatics+1"],"picked":"SKIP","floor":36.0},{"not_picked":["Escape Plan+1","Sucker Punch+1"],"picked":"Blade Dance+1","floor":37.0},{"not_picked":["Sucker Punch+1","Deadly Poison","Dagger Spray+1"],"picked":"SKIP","floor":39.0},{"not_picked":["PiercingWail","Envenom+1","Prepared+1"],"picked":"SKIP","floor":40},{"not_picked":["Trip","PanicButton"],"picked":"Deep Breath","floor":42},{"not_picked":["Bane+1","Calculated Gamble+1"],"picked":"Cloak And Dagger+1","floor":45},{"not_picked":["Deflect","Expertise"],"picked":"Terror","floor":47}],"player_experience":492245,"relics_obtained":[{"floor":9.0,"key":"Frozen Egg 2"},{"floor":11.0,"key":"Potion Belt"},{"floor":14.0,"key":"Molten Egg 2"},{"floor":19.0,"key":"Red Mask"},{"floor":26.0,"key":"Pear"},{"floor":30.0,"key":"Dream Catcher"},{"floor":40,"key":"The Courier"},{"floor":43,"key":"Smiling Mask"},{"floor":45,"key":"Strawberry"},{"floor":46,"key":"Ice Cream"},{"floor":47,"key":"Sundial"}],"event_choices":[{"damage_healed":0.0,"max_hp_gain":0.0,"max_hp_loss":0.0,"gold_gain":0.0,"event_name":"Accursed Blacksmith","player_choice":"Forge","floor":3.0,"gold_loss":0.0,"damage_taken":0.0,"cards_upgraded":["Neutralize"]},{"damage_healed":0.0,"max_hp_gain":5.0,"max_hp_loss":0.0,"gold_gain":0.0,"event_name":"Big Fish","player_choice":"Donut","floor":5.0,"gold_loss":0.0,"damage_taken":0.0},{"damage_healed":0.0,"max_hp_gain":0.0,"max_hp_loss":0.0,"gold_gain":75.0,"event_name":"World of Goop","player_choice":"Gather Gold","floor":8.0,"gold_loss":0.0,"damage_taken":11.0},{"damage_healed":0.0,"max_hp_gain":0.0,"max_hp_loss":0.0,"gold_gain":0.0,"event_name":"Liars Game","player_choice":"Ignored","floor":13.0,"gold_loss":0.0,"damage_taken":0.0},{"damage_healed":0.0,"max_hp_gain":0.0,"max_hp_loss":0.0,"gold_gain":0.0,"event_name":"Masked Bandits","player_choice":"Fought Bandits","floor":19.0,"gold_loss":0.0,"damage_taken":0.0},{"damage_healed":0.0,"max_hp_gain":0.0,"max_hp_loss":0.0,"gold_gain":0.0,"event_name":"Addict","player_choice":"Obtained Relic","floor":20.0,"gold_loss":85.0,"damage_taken":0.0,"relics_obtained":["PreservedInsect"]},{"damage_healed":0.0,"max_hp_gain":0.0,"max_hp_loss":0.0,"gold_gain":0.0,"event_name":"Drug Dealer","player_choice":"Inject Mutagens","floor":22.0,"gold_loss":0.0,"damage_taken":0.0,"relics_obtained":["MutagenicStrength"]},{"damage_healed":0.0,"max_hp_gain":0.0,"max_hp_loss":0.0,"gold_gain":0.0,"event_name":"NoteForYourself","player_choice":"Ignored","floor":24.0,"gold_loss":0.0,"damage_taken":0.0},{"damage_healed":0.0,"max_hp_gain":0.0,"max_hp_loss":0.0,"gold_gain":0.0,"event_name":"Ghosts","player_choice":"Ignored","floor":28.0,"gold_loss":0.0,"damage_taken":0.0},{"damage_healed":0,"gold_gain":0,"player_choice":"Memory 1","damage_taken":0,"max_hp_gain":0,"max_hp_loss":0,"event_name":"SensoryStone","floor":42,"gold_loss":0},{"damage_healed":0,"gold_gain":0,"player_choice":"Upgrade","damage_taken":0,"relics_obtained":["Mark of the Bloom"],"max_hp_gain":0,"max_hp_loss":0,"event_name":"MindBloom","floor":44,"gold_loss":0,"cards_upgraded":["Defend_G","Defend_G","Defend_G","Defend_G","Strike_G","Strike_G","Strike_G","Survivor","Die Die Die","Escape Plan","Deep Breath"]},{"damage_healed":0,"gold_gain":0,"player_choice":"Fight","damage_taken":0,"max_hp_gain":0,"max_hp_loss":0,"event_name":"Mysterious Sphere","floor":46,"gold_loss":0},{"damage_healed":0,"gold_gain":0,"player_choice":"Got Potions","damage_taken":0,"max_hp_gain":0,"max_hp_loss":0,"event_name":"Lab","floor":48,"gold_loss":0}],"is_beta":false,"boss_relics":[{"not_picked":["HoveringKite","Runic Dome"],"picked":"Tiny House"},{"not_picked":["Velvet Choker","Calling Bell"],"picked":"Coffee Dripper"}],"items_purged_floors":[21,38],"is_endless":false,"potions_floor_spawned":[1,11,12,14,18,19,25,37,39,46],"ascension_level":2}