{"gold_per_floor":[116,126,145,46,63,63,95,95,95,106,106,123,134,153,153,257,257,275,275,293,313,313,313,18,18,41,41,41,41,52,52,52,148,148,164,164,8,108,108,108,108,121,202,202,256,256,276,6,6,6],"floor_reached":51,"playtime":2108,"items_purged":["Fire Breathing","Strike_R","Strike_R+1"],"score":670,"play_id":"81d6f714-66d6-4150-b270-0cc0b8465043","local_time":"20190226223532","is_ascension_mode":false,"campfire_choices":[{"data":"Armaments","floor":6,"key":"SMITH"},{"data":"Whirlwind","floor":8,"key":"SMITH"},{"data":"Offering","floor":15,"key":"SMITH"},{"data":"Feed","floor":23,"key":"SMITH"},{"data":"Shrug It Off","floor":25,"key":"SMITH"},{"data":"J.A.X.","floor":28,"key":"SMITH"},{"data":"Inflame","floor":32,"key":"SMITH"},{"data":"Bash","floor":40,"key":"SMITH"},{"data":"Whirlwind","floor":41,"key":"SMITH"},{"data":"Sword Boomerang","floor":44,"key":"SMITH"},{"data":"Iron Wave","floor":46,"key":"SMITH"},{"data":"Heavy Blade","floor":49,"key":"SMITH"}],"neow_cost":"NONE","seed_source_timestamp":286213345377881,"circlet_count":0,"master_deck":["Strike_R+1","Strike_R+1","Defend_R+1","Defend_R+1","Defend_R+1","Defend_R+1","Bash+1","Inflame+1","Armaments+1","Shrug It Off+1","Offering+1","Iron Wave+1","Sword Boomerang+1","Cleave","Sword Boomerang","Feed+1","Spot Weakness+1","Thunderclap","Shrug It Off+1","J.A.X.+1","Whirlwind+1","Offering+1","Battle Trance+1","Shrug It Off+1","Heavy Blade+1","Warcry"],"relics":["Burning Blood","Shuriken","Champion Belt","Mark of Pain","WingedGreaves","MealTicket","Happy Flower","Busted Crown","War Paint","Ginger","Dodecahedron","Magic Flower"],"potions_floor_usage":[12,20,33,33,50,50],"damage_taken":[{"damage":2,"enemies":"Small Slimes","floor":1,"turns":3},{"damage":1,"enemies":"Cultist","floor":2,"turns":3},{"damage":1,"enemies":"Jaw Worm","floor":3,"turns":4},{"damage":13,"enemies":"Large Slime","floor":5,"turns":6},{"damage":21,"enemies":"3 Sentries","floor":7,"turns":5},{"damage":1,"enemies":"2 Fungi Beasts","floor":10,"turns":3},{"damage":12,"enemies":"Exordium Thugs","floor":12,"turns":5},{"damage":2,"enemies":"Blue Slaver","floor":13,"turns":4},{"damage":5,"enemies":"2 Fungi Beasts","floor":14,"turns":3},{"damage":31,"enemies":"Slime Boss","floor":16,"turns":6},{"damage":6,"enemies":"Spheric Guardian","floor":18,"turns":3},{"damage":16,"enemies":"3 Byrds","floor":20,"turns":4},{"damage":21,"enemies":"Centurion and Healer","floor":21,"turns":3},{"damage":10,"enemies":"3 Cultists","floor":30,"turns":4},{"damage":47,"enemies":"Automaton","floor":33,"turns":7},{"damage":25,"enemies":"3 Shapes","floor":35,"turns":4},{"damage":15,"enemies":"Mind Bloom Boss Battle","floor":38,"turns":2},{"damage":3,"enemies":"Orb Walker","floor":42,"turns":2},{"damage":29,"enemies":"2 Orb Walkers","floor":45,"turns":3},{"damage":9,"enemies":"Spire Growth","floor":47,"turns":2},{"damage":26,"enemies":"Donu and Deca","floor":50,"turns":5}],"seed_played":"-6019153346391964368","potions_obtained":[{"floor":1,"key":"FearPotion"},{"floor":5,"key":"Dexterity Potion"},{"floor":10,"key":"FearPotion"},{"floor":12,"key":"Fruit Juice"},{"floor":13,"key":"FairyPotion"},{"floor":16,"key":"SpeedPotion"},{"floor":30,"key":"SkillPotion"},{"floor":38,"key":"EssenceOfSteel"},{"floor":45,"key":"Explosive Potion"}],"is_trial":false,"path_per_floor":["M","M","M","$","M","R","E","R","T","M","?","M","M","M","R","B",null,"M","?","M","M","?","R","$","R","T","?","R","?","M","?","R","B",null,"M","?","$","?","?","R","R","M","T","R","?","R","M","$","R","B",null],"character_chosen":"IRONCLAD","items_purchased":["Shrug It Off","MealTicket","War Paint","Energy Potion","Heavy Blade","Warcry"],"campfire_rested":0,"item_purchase_floors":[4,24,37,48,48,48],"current_hp_per_floor":[80,80,80,80,73,73,58,58,58,63,63,62,66,67,67,42,85,88,88,81,66,66,66,66,66,66,66,66,66,62,91,91,50,91,76,76,91,82,82,82,82,89,89,89,66,66,72,87,87,76],"gold":6,"neow_bonus":"TRANSFORM_CARD","is_prod":false,"is_daily":false,"chose_seed":false,"campfire_upgraded":12,"win_rate":0,"timestamp":1551191732,"path_taken":["M","M","M","$","M","R","E","R","T","M","?","M","M","M","R","BOSS","M","?","?","M","?","R","$","R","T","?","R","?","M","?","R","BOSS","M","?","$","?","?","R","R","?","T","R","?","R","M","$","R","BOSS"],"build_version":"2019-01-23","purchased_purges":3,"victory":true,"max_hp_per_floor":[80,80,80,80,80,80,80,80,80,80,80,85,85,85,85,85,85,88,88,91,91,91,91,91,91,91,91,91,91,91,91,91,91,91,95,95,95,95,95,95,95,99,99,99,99,99,103,103,103,107],"card_choices":[{"not_picked":["Clothesline","Twin Strike"],"picked":"Inflame","floor":1},{"not_picked":["Bloodletting","Power Through"],"picked":"Armaments","floor":2},{"not_picked":["Pommel Strike","Warcry"],"picked":"Whirlwind","floor":3},{"not_picked":["Headbutt","Uppercut"],"picked":"Spot Weakness","floor":5},{"not_picked":["Corruption","Sentinel","Perfected Strike"],"picked":"SKIP","floor":7},{"not_picked":["Sword Boomerang","Thunderclap"],"picked":"Offering","floor":10},{"not_picked":["Warcry","Clothesline"],"picked":"Sword Boomerang","floor":12},{"not_picked":["Flex","Searing Blow"],"picked":"Cleave","floor":13},{"not_picked":["Clothesline","Warcry"],"picked":"Sword Boomerang","floor":14},{"not_picked":["Dark Embrace","Offering"],"picked":"Feed","floor":16},{"not_picked":["Reckless Charge","Pummel"],"picked":"Spot Weakness","floor":18},{"not_picked":["Havoc","Inflame"],"picked":"Thunderclap","floor":20},{"not_picked":["Armaments","Power Through"],"picked":"Shrug It Off","floor":21},{"not_picked":["Corruption","Evolve"],"picked":"Whirlwind","floor":30},{"not_picked":["Fiend Fire","Barricade"],"picked":"Offering","floor":33},{"not_picked":[],"picked":"Battle Trance","floor":35},{"not_picked":[],"picked":"Shrug It Off+1","floor":42},{"not_picked":["Combust"],"picked":"SKIP","floor":47}],"player_experience":693934,"relics_obtained":[{"floor":7,"key":"Shuriken"},{"floor":9,"key":"Champion Belt"},{"floor":26,"key":"Happy Flower"},{"floor":38,"key":"Ginger"},{"floor":43,"key":"Dodecahedron"},{"floor":45,"key":"Magic Flower"}],"event_choices":[{"cards_removed":["Whirlwind"],"damage_healed":0,"gold_gain":0,"player_choice":"Took Card","damage_taken":0,"max_hp_gain":0,"max_hp_loss":0,"event_name":"NoteForYourself","floor":11,"gold_loss":0,"cards_obtained":["Iron Wave"]},{"damage_healed":0,"gold_gain":0,"player_choice":"Upgraded","damage_taken":0,"max_hp_gain":0,"max_hp_loss":0,"event_name":"Upgrade Shrine","floor":19,"gold_loss":0,"cards_upgraded":["Shrug It Off"]},{"damage_healed":0,"gold_gain":0,"player_choice":"Opened","damage_taken":0,"relics_obtained":["WingedGreaves"],"max_hp_gain":0,"max_hp_loss":0,"event_name":"The Mausoleum","floor":22,"gold_loss":0},{"damage_healed":0,"gold_gain":0,"player_choice":"Obtain J.A.X.","damage_taken":0,"max_hp_gain":0,"max_hp_loss":0,"event_name":"Drug Dealer","floor":27,"gold_loss":0,"cards_obtained":["J.A.X."]},{"damage_healed":0,"gold_gain":0,"player_choice":"Simplicity","damage_taken":0,"max_hp_gain":0,"max_hp_loss":0,"event_name":"Back to Basics","floor":29,"gold_loss":0,"cards_upgraded":["Strike_R","Strike_R","Strike_R","Defend_R","Defend_R","Defend_R","Defend_R"]},{"cards_removed":["Spot Weakness"],"damage_healed":29,"gold_gain":0,"player_choice":"Offered Uncommon","damage_taken":0,"max_hp_gain":0,"max_hp_loss":0,"event_name":"Bonfire Elementals","floor":31,"gold_loss":0},{"damage_healed":0,"gold_gain":0,"player_choice":"Ignored","damage_taken":0,"max_hp_gain":0,"max_hp_loss":0,"event_name":"Tomb of Lord Red Mask","floor":36,"gold_loss":0},{"damage_healed":0,"gold_gain":0,"player_choice":"Fight","damage_taken":0,"max_hp_gain":0,"max_hp_loss":0,"event_name":"MindBloom","floor":38,"gold_loss":0},{"damage_healed":0,"gold_gain":0,"player_choice":"Forge","damage_taken":0,"max_hp_gain":0,"max_hp_loss":0,"event_name":"Accursed Blacksmith","floor":39,"gold_loss":0,"cards_upgraded":["Battle Trance"]},{"damage_healed":0,"gold_gain":0,"player_choice":"Fight","damage_taken":0,"max_hp_gain":0,"max_hp_loss":0,"event_name":"Mysterious Sphere","floor":45,"gold_loss":0}],"is_beta":false,"boss_relics":[{"not_picked":["Eternal Feather","Cursed Key"],"picked":"Mark of Pain"},{"not_picked":["Philosopher\u0027s Stone","White Beast Statue"],"picked":"Busted Crown"}],"items_purged_floors":[4,24,48],"is_endless":false,"potions_floor_spawned":[1,5,10,12,13,16,30,38,45],"ascension_level":0}