{"gold_per_floor":[113,113,125,143,68,103,103,119,119,130,130,150,150,161,161,263,263,276,287,302,319,164,197,197],"floor_reached":24,"playtime":2951,"items_purged":["Normality"],"score":272,"play_id":"7afdec3a-5dd6-4783-bd74-693384e83712","local_time":"20190209154756","is_ascension_mode":false,"campfire_choices":[{"data":"Storm","floor":7,"key":"SMITH"},{"floor":11,"key":"REST"},{"data":"Darkness","floor":15,"key":"SMITH"}],"neow_cost":"CURSE","seed_source_timestamp":492950414370863,"circlet_count":0,"master_deck":["Strike_B","Strike_B","Strike_B","Strike_B","Defend_B","Defend_B","Defend_B","Defend_B","Zap","Dualcast","Trip","Discovery+1","Conserve Battery","Rebound","Darkness+1","Sweeping Beam","Hello World","Leap","Echo Form","Leap+1","Genetic Algorithm+1","Turbo"],"relics":["Cracked Core","Calipers","Bottled Lightning","Nuclear Battery","PreservedInsect","Letter Opener"],"potions_floor_usage":[16,18,23,23,23,23,23,24],"damage_taken":[{"damage":7,"enemies":"2 Louse","floor":1,"turns":2},{"damage":0,"enemies":"Cultist","floor":3,"turns":2},{"damage":1,"enemies":"Jaw Worm","floor":4,"turns":3},{"damage":19,"enemies":"Lagavulin","floor":6,"turns":5},{"damage":25,"enemies":"Gremlin Gang","floor":8,"turns":4},{"damage":12,"enemies":"Lots of Slimes","floor":10,"turns":4},{"damage":10,"enemies":"2 Fungi Beasts","floor":12,"turns":4},{"damage":6,"enemies":"Exordium Wildlife","floor":14,"turns":3},{"damage":0,"enemies":"Slime Boss","floor":16,"turns":6},{"damage":11,"enemies":"3 Byrds","floor":18,"turns":5},{"damage":7,"enemies":"Shell Parasite","floor":19,"turns":6},{"damage":8,"enemies":"Centurion and Healer","floor":20,"turns":6},{"damage":8,"enemies":"Snecko","floor":21,"turns":5},{"damage":40,"enemies":"Gremlin Leader","floor":23,"turns":7},{"damage":4,"enemies":"Sentry and Sphere","floor":24,"turns":2}],"seed_played":"3325908971173554875","potions_obtained":[{"floor":4,"key":"Strength Potion"},{"floor":6,"key":"PowerPotion"},{"floor":12,"key":"FearPotion"},{"floor":14,"key":"EntropicBrew"},{"floor":16,"key":"Fire Potion"},{"floor":18,"key":"Ancient Potion"},{"floor":21,"key":"Ancient Potion"},{"floor":23,"key":"SteroidPotion"}],"is_trial":false,"path_per_floor":["M","?","M","M","$","E","R","M","T","M","R","M","?","M","R","B",null,"M","M","M","M","$","E","M"],"character_chosen":"DEFECT","items_purchased":["PreservedInsect"],"campfire_rested":1,"item_purchase_floors":[22],"current_hp_per_floor":[68,68,68,67,67,48,48,23,23,11,33,23,75,69,69,69,75,64,57,49,41,41,1,0],"gold":197,"neow_bonus":"RANDOM_COLORLESS_2","is_prod":false,"is_daily":false,"chose_seed":false,"campfire_upgraded":2,"win_rate":0,"timestamp":1549748876,"path_taken":["M","?","M","M","$","E","R","M","T","?","R","M","?","M","R","BOSS","M","M","M","?","?","E","M"],"build_version":"2019-01-23","purchased_purges":1,"victory":false,"max_hp_per_floor":[75,75,75,75,75,75,75,75,75,75,75,75,75,75,75,75,75,75,75,75,75,75,75,75],"card_choices":[{"not_picked":["Ball Lightning","Sweeping Beam"],"picked":"Conserve Battery","floor":1},{"not_picked":["Coolheaded","Blizzard"],"picked":"Rebound","floor":3},{"not_picked":["Gash","Reinforced Body"],"picked":"Storm","floor":4},{"not_picked":["Undo","Leap"],"picked":"Darkness","floor":6},{"not_picked":["Glacier","Beam Cell"],"picked":"Sweeping Beam","floor":8},{"not_picked":["Gash","Streamline","Scrape"],"picked":"SKIP","floor":10},{"not_picked":["Hologram","Steam Power"],"picked":"Hello World","floor":12},{"not_picked":["Stack","Beam Cell"],"picked":"Leap","floor":14},{"not_picked":["Amplify","Seek"],"picked":"Echo Form","floor":16},{"not_picked":["Ball Lightning+1","Conserve Battery"],"picked":"Leap+1","floor":18},{"not_picked":["Undo","Scrape+1","Tempest"],"picked":"SKIP","floor":19},{"not_picked":["Glacier","Cold Snap","Consume+1"],"picked":"SKIP","floor":20},{"not_picked":["Heatsinks","Reprogram"],"picked":"Genetic Algorithm+1","floor":21},{"not_picked":["Barrage","Blizzard"],"picked":"Turbo","floor":23}],"player_experience":124948,"relics_obtained":[{"floor":6,"key":"Calipers"},{"floor":9,"key":"Bottled Lightning"},{"floor":23,"key":"Letter Opener"}],"event_choices":[{"damage_healed":0,"gold_gain":0,"player_choice":"Upgraded","damage_taken":0,"max_hp_gain":0,"max_hp_loss":0,"event_name":"Upgrade Shrine","floor":2,"gold_loss":0,"cards_upgraded":["Discovery"]},{"cards_removed":["Storm"],"damage_healed":52,"gold_gain":0,"player_choice":"Offered Uncommon","damage_taken":0,"max_hp_gain":0,"max_hp_loss":0,"event_name":"Bonfire Elementals","floor":13,"gold_loss":0}],"is_beta":false,"boss_relics":[{"not_picked":["Pandora\u0027s Box","Snecko Eye"],"picked":"Nuclear Battery"}],"items_purged_floors":[5],"is_endless":false,"potions_floor_spawned":[4,6,12,14,16,18,21,23],"killed_by":"Sentry and Sphere","ascension_level":0}