{"gold_per_floor":[116,291,241,241,241,241,268,268,268,303,314,327,343,24,24,120,120,138,138,158,257,1,29,29,55,55,73,22,22,22,54,54,54],"floor_reached":33,"playtime":2221,"items_purged":["Regret"],"score":418,"play_id":"9bb8426e-19aa-4536-ad60-808157963c78","local_time":"20190321153816","is_ascension_mode":true,"campfire_choices":[{"data":"Ball Lightning","floor":6.0,"key":"SMITH"},{"floor":8.0,"key":"REST"},{"floor":15.0,"key":"REST"},{"floor":24.0,"key":"REST"},{"floor":29,"key":"REST"},{"data":"Reprogram","floor":32,"key":"SMITH"}],"neow_cost":"TEN_PERCENT_HP_LOSS","seed_source_timestamp":218063793184915,"circlet_count":0,"master_deck":["Strike_B","Strike_B","Strike_B","Defend_B","Defend_B","Defend_B","Zap","Dualcast","Reprogram+1","Conserve Battery","Ball Lightning+1","Leap","Darkness+1","Ball Lightning+1","Redo+1","Deep Breath+1","Core Surge+1","Auto Shields+1","Hologram+1","Redo+1","Redo+1","Decay","Self Repair+1","Steam+1"],"special_seed":0,"relics":["Cracked Core","Bag of Preparation","Bottled Flame","Oddly Smooth Stone","Toxic Egg 2","Sundial","Dream Catcher","Cursed Key","MutagenicStrength","Frozen Egg 2","Bottled Lightning","Bronze Scales","Symbiotic Virus","Whetstone"],"potions_floor_usage":[33],"damage_taken":[{"damage":4.0,"enemies":"Small Slimes","floor":1.0,"turns":3.0},{"damage":47.0,"enemies":"Gremlin Nob","floor":7.0,"turns":4.0},{"damage":27.0,"enemies":"3 Sentries","floor":10.0,"turns":7.0},{"damage":0.0,"enemies":"Jaw Worm","floor":11.0,"turns":3.0},{"damage":0.0,"enemies":"2 Louse","floor":12.0,"turns":2.0},{"damage":4.0,"enemies":"Looter","floor":13.0,"turns":2.0},{"damage":6.0,"enemies":"Hexaghost","floor":16.0,"turns":7.0},{"damage":4.0,"enemies":"3 Byrds","floor":18.0,"turns":3.0},{"damage":0.0,"enemies":"Spheric Guardian","floor":20.0,"turns":3.0},{"damage":30.0,"enemies":"Gremlin Leader","floor":23.0,"turns":7.0},{"damage":0.0,"enemies":"Slavers","floor":25.0,"turns":3.0},{"damage":12,"enemies":"Chosen and Byrds","floor":27,"turns":4},{"damage":4,"enemies":"Book of Stabbing","floor":31,"turns":4},{"damage":69,"enemies":"Collector","floor":33,"turns":8}],"seed_played":"3417615125509494070","potions_obtained":[{"floor":10.0,"key":"PowerPotion"},{"floor":11.0,"key":"Energy Potion"},{"floor":16.0,"key":"Explosive Potion"},{"floor":23.0,"key":"Explosive Potion"},{"floor":25.0,"key":"Poison Potion"}],"is_trial":false,"path_per_floor":["M","?","?","?","T","R","E","R","T","E","M","M","M","$","R","B",null,"M","?","M","?","$","E","R","E","T","M","$","R","?","E","R","B"],"character_chosen":"DEFECT","items_purchased":["Deep Breath+1","Dream Catcher","Frozen Egg 2","Steam+1"],"campfire_rested":4,"item_purchase_floors":[14,14,22,28],"current_hp_per_floor":[64,64,64,64,64,64,17,37,37,10,10,10,6,6,26,20,56,52,52,52,52,52,22,42,42,42,30,30,50,68,68,68,0],"gold":54,"neow_bonus":"TRANSFORM_TWO_CARDS","is_prod":false,"is_daily":false,"chose_seed":false,"campfire_upgraded":2,"win_rate":0,"timestamp":1553200696,"path_taken":["M","?","?","?","?","R","E","R","T","E","?","M","M","$","R","BOSS","M","?","M","?","?","E","R","E","T","M","$","R","?","E","R","BOSS"],"build_version":"2019-01-23","purchased_purges":1,"victory":false,"max_hp_per_floor":[68,68,68,68,68,68,68,68,68,68,68,68,68,68,68,68,68,68,68,68,68,68,68,68,68,68,68,68,68,68,68,68,68],"card_choices":[{"not_picked":["Barrage","Sweeping Beam"],"picked":"Ball Lightning","floor":1.0},{"not_picked":["FTL","Streamline"],"picked":"Leap","floor":7.0},{"not_picked":["Hologram+1","Barrage"],"picked":"Darkness+1","floor":10.0},{"not_picked":["Barrage","Consume+1"],"picked":"Ball Lightning","floor":11.0},{"not_picked":["Recycle+1","Hologram+1"],"picked":"Redo+1","floor":12.0},{"not_picked":["Meteor Strike","Genetic Algorithm+1","Force Field+1"],"picked":"SKIP","floor":13.0},{"not_picked":["Rainbow+1","All For One"],"picked":"Core Surge","floor":16.0},{"not_picked":["Compile Driver","Ball Lightning","Storm"],"picked":"SKIP","floor":18.0},{"not_picked":["Barrage","Streamline"],"picked":"Auto Shields+1","floor":20.0},{"not_picked":["Coolheaded+1","Go for the Eyes"],"picked":"Hologram+1","floor":23.0},{"not_picked":["Hologram+1","Steam+1"],"picked":"Redo+1","floor":24.0},{"not_picked":["Go for the Eyes","Sweeping Beam+1"],"picked":"Redo+1","floor":25.0},{"not_picked":["Streamline","Hello World+1"],"picked":"Self Repair+1","floor":27},{"not_picked":["Rebound","Aggregate+1","Barrage"],"picked":"SKIP","floor":31}],"player_experience":331844,"relics_obtained":[{"floor":5.0,"key":"Bottled Flame"},{"floor":7.0,"key":"Oddly Smooth Stone"},{"floor":9.0,"key":"Toxic Egg 2"},{"floor":10.0,"key":"Sundial"},{"floor":23.0,"key":"Bottled Lightning"},{"floor":25.0,"key":"Bronze Scales"},{"floor":26.0,"key":"Symbiotic Virus"},{"floor":31,"key":"Whetstone"}],"event_choices":[{"damage_healed":0.0,"max_hp_gain":0.0,"max_hp_loss":0.0,"gold_gain":175.0,"event_name":"Liars Game","player_choice":"AGREE","floor":2.0,"gold_loss":0.0,"damage_taken":0.0,"cards_obtained":["Doubt"]},{"cards_removed":["Doubt"],"damage_healed":0.0,"max_hp_gain":0.0,"max_hp_loss":0.0,"gold_gain":0.0,"event_name":"The Cleric","player_choice":"Card Removal","floor":3.0,"gold_loss":50.0,"damage_taken":0.0},{"damage_healed":0.0,"max_hp_gain":0.0,"max_hp_loss":0.0,"gold_gain":0.0,"event_name":"Big Fish","player_choice":"Box","floor":4.0,"gold_loss":0.0,"damage_taken":0.0,"relics_obtained":["Bag of Preparation"],"cards_obtained":["Regret"]},{"damage_healed":0.0,"max_hp_gain":0.0,"max_hp_loss":0.0,"gold_gain":0.0,"event_name":"Drug Dealer","player_choice":"Inject Mutagens","floor":19.0,"gold_loss":0.0,"damage_taken":0.0,"relics_obtained":["MutagenicStrength"]},{"damage_healed":0.0,"max_hp_gain":0.0,"max_hp_loss":0.0,"gold_gain":99.0,"event_name":"Nest","player_choice":"Stole From Cult","floor":21.0,"gold_loss":0.0,"damage_taken":0.0},{"damage_healed":22,"gold_gain":0,"player_choice":"Heal","damage_taken":0,"max_hp_gain":0,"max_hp_loss":0,"event_name":"The Library","floor":30,"gold_loss":0}],"is_beta":false,"boss_relics":[{"not_picked":["Runic Dome","FrozenCore"],"picked":"Cursed Key"}],"items_purged_floors":[14],"is_endless":false,"potions_floor_spawned":[10,11,16,23,25],"killed_by":"Collector","ascension_level":5}