{"gold_per_floor":[113,128,128,128,139,164,164,181,181,192,210,210],"floor_reached":12,"playtime":642,"items_purged":[],"score":86,"play_id":"ab1b623f-d322-4cde-81c4-d001e2d0b09d","local_time":"20190414234910","is_ascension_mode":true,"campfire_choices":[{"floor":7,"key":"REST"}],"neow_cost":"NONE","seed_source_timestamp":338455396948790,"circlet_count":0,"master_deck":["Defend_G","Defend_G","Defend_G","Defend_G","Defend_G+1","Strike_G+1","Strike_G","Strike_G","Strike_G","Strike_G","Survivor","Neutralize","Backflip","Noxious Fumes","Regret","Backstab","Backflip"],"relics":["Velvet Choker","Nunchaku","Shuriken"],"potions_floor_usage":[12],"damage_taken":[{"damage":0,"enemies":"Jaw Worm","floor":1,"turns":5},{"damage":0,"enemies":"2 Louse","floor":2,"turns":3},{"damage":1,"enemies":"Small Slimes","floor":5,"turns":4},{"damage":25,"enemies":"Lagavulin","floor":6,"turns":7},{"damage":2,"enemies":"Looter","floor":8,"turns":3},{"damage":6,"enemies":"3 Louse","floor":10,"turns":4},{"damage":3,"enemies":"2 Fungi Beasts","floor":11,"turns":3},{"damage":43,"enemies":"Gremlin Nob","floor":12,"turns":5}],"seed_played":"-904170780348792136","potions_obtained":[{"floor":2,"key":"EssenceOfSteel"},{"floor":6,"key":"Explosive Potion"}],"is_trial":false,"path_per_floor":["M","M","?","?","M","E","R","M","T","M","M","E"],"character_chosen":"THE_SILENT","items_purchased":[],"campfire_rested":1,"item_purchase_floors":[],"current_hp_per_floor":[70,70,70,56,55,30,51,49,49,43,40,0],"gold":210,"neow_bonus":"BOSS_RELIC","is_prod":false,"is_daily":false,"chose_seed":false,"campfire_upgraded":0,"win_rate":0,"timestamp":1555303750,"path_taken":["M","M","?","?","M","E","R","M","T","M","M","E"],"build_version":"2019-01-23","purchased_purges":0,"victory":false,"max_hp_per_floor":[70,70,70,70,70,70,70,70,70,70,70,70],"card_choices":[{"not_picked":["Cloak And Dagger","Bane"],"picked":"Backflip","floor":1},{"not_picked":["Dagger Throw","Dodge and Roll"],"picked":"Noxious Fumes","floor":2},{"not_picked":["Dagger Spray","Infinite Blades","All Out Attack"],"picked":"SKIP","floor":5},{"not_picked":["Prepared","Acrobatics"],"picked":"Backstab","floor":6},{"not_picked":["Reflex","Malaise","Dagger Throw"],"picked":"SKIP","floor":8},{"not_picked":["Sucker Punch","Blade Dance"],"picked":"Backflip","floor":10},{"not_picked":["Endless Agony","All Out Attack","Slice"],"picked":"SKIP","floor":11}],"player_experience":455566,"relics_obtained":[{"floor":6,"key":"Shuriken"}],"event_choices":[{"damage_healed":0,"gold_gain":0,"player_choice":"Box","damage_taken":0,"relics_obtained":["Nunchaku"],"max_hp_gain":0,"max_hp_loss":0,"event_name":"Big Fish","floor":3,"gold_loss":0,"cards_obtained":["Regret"]},{"damage_healed":0,"gold_gain":0,"player_choice":"Entered Light","damage_taken":14,"max_hp_gain":0,"max_hp_loss":0,"event_name":"Shining Light","floor":4,"gold_loss":0,"cards_upgraded":["Strike_G","Defend_G"]}],"is_beta":false,"boss_relics":[],"items_purged_floors":[],"is_endless":false,"potions_floor_spawned":[2,6],"killed_by":"Gremlin Nob","ascension_level":1}