{"gold_per_floor":[112,62,77,94,109,109,123,123,123,43,43,63,63,63,63,161,161,175,175,190,203,203,203,223,238,238,132,150,166,166,166],"floor_reached":31,"playtime":1022,"items_purged":[],"score":231,"play_id":"4ac67b81-4f2f-4a7e-8013-e95774dbcb6e","local_time":"20190416213938","is_ascension_mode":false,"campfire_choices":[{"data":"Zap","floor":6,"key":"SMITH"},{"data":"Go for the Eyes","floor":8,"key":"SMITH"},{"data":"Redo","floor":11,"key":"SMITH"},{"data":"Defragment","floor":13,"key":"SMITH"},{"data":"Dualcast","floor":15,"key":"SMITH"},{"data":"Sunder","floor":23,"key":"SMITH"},{"data":"Redo","floor":30,"key":"SMITH"}],"neow_cost":"NONE","seed_source_timestamp":305455623054367,"circlet_count":0,"master_deck":["Strike_B+1","Strike_B+1","Strike_B+1","Defend_B+1","Defend_B+1","Defend_B+1","Defend_B+1","Zap+1","Dualcast+1","Gash","Redo+1","Self Repair","Scrape","Go for the Eyes+1","Defragment+1","Storm","Amplify","Doom and Gloom+1","Conserve Battery","Sunder+1","Core Surge","Leap","Bandage Up","Go for the Eyes","Redo+1","Redo"],"relics":["Cracked Core"],"potions_floor_usage":[16,18,21],"damage_taken":[{"damage":1,"enemies":"2 Louse","floor":1,"turns":3},{"damage":2,"enemies":"Small Slimes","floor":3,"turns":3},{"damage":6,"enemies":"Jaw Worm","floor":4,"turns":3},{"damage":10,"enemies":"Large Slime","floor":5,"turns":5},{"damage":1,"enemies":"2 Fungi Beasts","floor":7,"turns":4},{"damage":4,"enemies":"Blue Slaver","floor":12,"turns":2},{"damage":29,"enemies":"The Guardian","floor":16,"turns":10},{"damage":10,"enemies":"Spheric Guardian","floor":18,"turns":3},{"damage":10,"enemies":"3 Byrds","floor":20,"turns":3},{"damage":22,"enemies":"Snecko","floor":21,"turns":5},{"damage":25,"enemies":"Snake Plant","floor":24,"turns":5},{"damage":24,"enemies":"Sentry and Sphere","floor":25,"turns":4},{"damage":28,"enemies":"3 Cultists","floor":28,"turns":5},{"damage":15,"enemies":"Snecko","floor":29,"turns":6},{"damage":0,"enemies":"Snake Plant","floor":31,"turns":1}],"seed_played":"-7964055172681296630","potions_obtained":[{"floor":3,"key":"EssenceOfSteel"},{"floor":16,"key":"Fire Potion"},{"floor":20,"key":"Regen Potion"},{"floor":24,"key":"Weak Potion"},{"floor":28,"key":"Block Potion"}],"is_trial":false,"path_per_floor":["M","?","M","M","M","R","M","R","T","$","R","M","R","?","R","B",null,"M","?","M","M","?","R","M","M","T","$","M","M","R","M"],"character_chosen":"DEFECT","items_purchased":["Defragment","Bandage Up","Go for the Eyes"],"campfire_rested":0,"item_purchase_floors":[10,27,27],"current_hp_per_floor":[81,81,79,73,70,70,76,76,76,76,76,79,79,84,84,62,87,84,84,81,77,77,77,59,42,42,42,18,7,7,7],"gold":166,"neow_bonus":"TEN_PERCENT_HP_BONUS","is_prod":false,"is_daily":false,"chose_seed":false,"campfire_upgraded":7,"win_rate":0,"timestamp":1555421978,"path_taken":["M","?","M","M","M","R","M","R","T","$","R","M","R","?","R","BOSS","M","?","M","M","?","R","M","M","T","$","M","M","R","M"],"build_version":"2019-01-23","purchased_purges":0,"victory":false,"max_hp_per_floor":[82,82,82,82,82,82,82,82,82,82,82,82,82,87,87,87,87,87,87,87,87,87,87,87,87,87,87,87,87,87,87],"card_choices":[{"not_picked":["Go for the Eyes","Sweeping Beam"],"picked":"Gash","floor":1},{"not_picked":["Doom and Gloom","Ball Lightning"],"picked":"Redo","floor":3},{"not_picked":["Streamline","Leap"],"picked":"Self Repair","floor":4},{"not_picked":["Fusion","Stack"],"picked":"Scrape","floor":5},{"not_picked":["Skim","Undo"],"picked":"Go for the Eyes","floor":7},{"not_picked":["Compile Driver","Force Field"],"picked":"Storm","floor":12},{"not_picked":["Creative AI","Hyperbeam"],"picked":"Amplify","floor":16},{"not_picked":["Steam+1","Turbo"],"picked":"Doom and Gloom+1","floor":18},{"not_picked":["Cold Snap","Aggregate"],"picked":"Conserve Battery","floor":20},{"not_picked":["Rebound","Leap+1"],"picked":"Sunder","floor":21},{"not_picked":["Leap","Chaos"],"picked":"Core Surge","floor":24},{"not_picked":["Self Repair","Cold Snap"],"picked":"Leap","floor":25},{"not_picked":["Sweeping Beam","Compile Driver"],"picked":"Redo","floor":28},{"not_picked":["Compile Driver","Self Repair"],"picked":"Redo","floor":29}],"player_experience":979920,"relics_obtained":[],"event_choices":[{"cards_removed":["Strike_B"],"damage_healed":0,"gold_gain":0,"player_choice":"Card Removal","damage_taken":0,"max_hp_gain":0,"max_hp_loss":0,"event_name":"The Cleric","floor":2,"gold_loss":50},{"damage_healed":0,"gold_gain":0,"player_choice":"Donut","damage_taken":0,"max_hp_gain":5,"max_hp_loss":0,"event_name":"Big Fish","floor":14,"gold_loss":0},{"damage_healed":0,"gold_gain":0,"player_choice":"Simplicity","damage_taken":0,"max_hp_gain":0,"max_hp_loss":0,"event_name":"Back to Basics","floor":19,"gold_loss":0,"cards_upgraded":["Strike_B","Strike_B","Strike_B","Defend_B","Defend_B","Defend_B","Defend_B"]},{"damage_healed":0,"gold_gain":0,"player_choice":"Ignored","damage_taken":0,"max_hp_gain":0,"max_hp_loss":0,"event_name":"Vampires","floor":22,"gold_loss":0}],"is_beta":false,"boss_relics":[{"not_picked":["Runic Pyramid","Ectoplasm","Calling Bell"]}],"items_purged_floors":[],"is_endless":false,"potions_floor_spawned":[3,16,20,24,28],"killed_by":"Snake Plant","ascension_level":0}