{"gold_per_floor":[109,128,143,4,179,179,198,198,198,9,9,9,26,36,36,136,136,146,146,146,2,2,34,34,94,94,9,22,22,55,136,136,136],"floor_reached":33,"playtime":2009,"items_purged":[],"score":447,"play_id":"6f6ed922-23b0-4025-848e-cf8127e999de","local_time":"20190402174053","is_ascension_mode":true,"campfire_choices":[{"data":"Shrug It Off","floor":6,"key":"SMITH"},{"data":"Immolate","floor":8,"key":"SMITH"},{"data":"Shrug It Off","floor":12,"key":"SMITH"},{"data":"Whirlwind","floor":15,"key":"SMITH"},{"data":"J.A.X.","floor":24,"key":"SMITH"},{"data":"Barricade","floor":29,"key":"SMITH"},{"data":"Spot Weakness","floor":32,"key":"SMITH"}],"neow_cost":"PERCENT_DAMAGE","seed_source_timestamp":1053860417779,"circlet_count":0,"master_deck":["Strike_R","Strike_R","Strike_R","Strike_R","Strike_R","Defend_R","Defend_R","Defend_R","Defend_R","Bash","Shrug It Off+1","Battle Trance","Immolate+1","Shrug It Off+1","Whirlwind+1","Clothesline","Barricade+1","Evolve","J.A.X.+1","Ghostly","Ghostly","Ghostly","Ghostly","Ghostly","Carnage+1","Spot Weakness+1"],"special_seed":0,"relics":["Burning Blood","Incense Burner","Bottled Flame","Juzu Bracelet","Mummified Hand","Mark of Pain","Art of War","Molten Egg 2","Tiny Chest","Bag of Preparation","Anchor","PreservedInsect","Dodecahedron"],"potions_floor_usage":[16,33,33],"damage_taken":[{"damage":1,"enemies":"Cultist","floor":1,"turns":3},{"damage":13,"enemies":"Jaw Worm","floor":2,"turns":4},{"damage":2,"enemies":"2 Louse","floor":3,"turns":3},{"damage":0,"enemies":"Lots of Slimes","floor":7,"turns":1},{"damage":1,"enemies":"Looter","floor":13,"turns":2},{"damage":12,"enemies":"Large Slime","floor":14,"turns":5},{"damage":45,"enemies":"Slime Boss","floor":16,"turns":12},{"damage":30,"enemies":"Spheric Guardian","floor":18,"turns":5},{"damage":6,"enemies":"Book of Stabbing","floor":23,"turns":6},{"damage":4,"enemies":"Slavers","floor":25,"turns":5},{"damage":5,"enemies":"Chosen","floor":28,"turns":6},{"damage":7,"enemies":"Gremlin Leader","floor":30,"turns":6},{"damage":74,"enemies":"Champ","floor":33,"turns":12}],"seed_played":"4637723145634527266","potions_obtained":[{"floor":3,"key":"PowerPotion"},{"floor":7,"key":"SteroidPotion"},{"floor":13,"key":"Dexterity Potion"},{"floor":23,"key":"Poison Potion"},{"floor":30,"key":"Energy Potion"}],"is_trial":false,"path_per_floor":["M","M","M","$","?","R","M","R","T","$","?","R","M","M","R","B",null,"M","?","?","$","?","E","R","E","T","?","M","R","E","T","R","B"],"character_chosen":"IRONCLAD","items_purchased":["Immolate","Juzu Bracelet","Whirlwind","Art of War"],"campfire_rested":0,"item_purchase_floors":[4,10,10,21],"current_hp_per_floor":[56,49,53,53,53,53,59,59,59,59,56,56,61,55,55,16,64,40,40,40,40,40,40,40,40,40,40,40,40,39,39,39,0],"gold":136,"neow_bonus":"ONE_RARE_RELIC","is_prod":false,"is_daily":false,"chose_seed":false,"campfire_upgraded":7,"win_rate":0,"timestamp":1554244853,"path_taken":["M","M","M","$","?","R","M","R","T","$","?","R","M","M","R","BOSS","M","?","?","$","?","E","R","E","T","?","M","R","E","?","R","BOSS"],"build_version":"2019-01-23","purchased_purges":0,"victory":false,"max_hp_per_floor":[80,80,80,80,80,80,80,80,80,80,80,80,80,80,80,80,80,80,80,80,80,40,40,40,40,40,40,40,40,40,40,40,40],"card_choices":[{"not_picked":["Pommel Strike","Hemokinesis"],"picked":"Shrug It Off","floor":1},{"not_picked":["Armaments","Blood for Blood"],"picked":"Battle Trance","floor":2},{"not_picked":["Sever Soul","Perfected Strike","Wild Strike"],"picked":"SKIP","floor":3},{"not_picked":["Limit Break","Iron Wave"],"picked":"Shrug It Off","floor":7},{"not_picked":["Warcry","Perfected Strike","Feel No Pain"],"picked":"SKIP","floor":13},{"not_picked":["Power Through","Rupture"],"picked":"Clothesline","floor":14},{"not_picked":["Berserk","Brutality"],"picked":"Barricade","floor":16},{"not_picked":["Seeing Red+1","Shockwave"],"picked":"Evolve","floor":18},{"not_picked":["Armaments","Anger","Dropkick"],"picked":"SKIP","floor":23},{"not_picked":["Perfected Strike+1","Wild Strike+1","Corruption"],"picked":"SKIP","floor":25},{"not_picked":["Armaments+1","Burning Pact"],"picked":"Carnage+1","floor":28},{"not_picked":["Reckless Charge+1","Twin Strike+1"],"picked":"Spot Weakness","floor":30}],"player_experience":398762,"relics_obtained":[{"floor":9,"key":"Bottled Flame"},{"floor":23,"key":"Molten Egg 2"},{"floor":25,"key":"Tiny Chest"},{"floor":26,"key":"Bag of Preparation"},{"floor":30,"key":"PreservedInsect"},{"floor":31,"key":"Dodecahedron"}],"event_choices":[{"damage_healed":0,"gold_gain":175,"player_choice":"AGREE","damage_taken":0,"max_hp_gain":0,"max_hp_loss":0,"event_name":"Liars Game","floor":5,"gold_loss":0,"cards_obtained":["Doubt"]},{"damage_healed":0,"gold_gain":0,"player_choice":"Success","damage_taken":3,"relics_obtained":["Mummified Hand"],"max_hp_gain":0,"max_hp_loss":0,"event_name":"Scrap Ooze","floor":11,"gold_loss":0},{"cards_removed":["Doubt"],"damage_healed":0,"gold_gain":0,"player_choice":"Removed Curses","damage_taken":0,"max_hp_gain":0,"max_hp_loss":0,"event_name":"Fountain of Cleansing","floor":19,"gold_loss":0},{"damage_healed":0,"gold_gain":0,"player_choice":"Obtain J.A.X.","damage_taken":0,"max_hp_gain":0,"max_hp_loss":0,"event_name":"Drug Dealer","floor":20,"gold_loss":0,"cards_obtained":["J.A.X."]},{"damage_healed":0,"gold_gain":0,"player_choice":"Became a Ghost","damage_taken":0,"max_hp_gain":0,"max_hp_loss":40,"event_name":"Ghosts","floor":22,"gold_loss":0,"cards_obtained":["Ghostly","Ghostly","Ghostly","Ghostly","Ghostly"]},{"damage_healed":0,"gold_gain":0,"player_choice":"Obtained Relic","damage_taken":0,"relics_obtained":["Anchor"],"max_hp_gain":0,"max_hp_loss":0,"event_name":"Addict","floor":27,"gold_loss":85}],"is_beta":false,"boss_relics":[{"not_picked":["Eternal Feather","Fusion Hammer"],"picked":"Mark of Pain"}],"items_purged_floors":[],"is_endless":false,"potions_floor_spawned":[3,7,13,14,23,25,30],"killed_by":"Champ","ascension_level":9}