{"gold_per_floor":[119,129,28,42,53,53,86,86,140,154,169,169,169,169,169,272,272,253,253,271,66,66,79,79,79],"floor_reached":25,"playtime":1611,"items_purged":["Strike_G"],"score":203,"play_id":"19aa8019-abd6-49f0-bc4c-c4cb76519edc","local_time":"20190226230253","is_ascension_mode":false,"campfire_choices":[{"data":"Backflip","floor":6,"key":"SMITH"},{"data":"Dodge and Roll","floor":8,"key":"SMITH"},{"data":"Quick Slash","floor":13,"key":"SMITH"},{"data":"Flying Knee","floor":15,"key":"SMITH"},{"data":"Noxious Fumes","floor":24,"key":"SMITH"}],"neow_cost":"NONE","seed_source_timestamp":288366782164242,"circlet_count":0,"master_deck":["Survivor","Neutralize","Panacea","Flying Knee+1","Dagger Throw","Slice","Malaise","Backflip+1","Dodge and Roll+1","Poisoned Stab","Quick Slash+1","Wraith Form v2","Envenom","Prepared","Acrobatics","Skewer","Dodge and Roll","Deflect","Dagger Throw","Noxious Fumes+1","Deflect","Poisoned Stab+1","Bane"],"relics":["Ring of the Snake","Omamori","Tiny Chest","Pandora\u0027s Box","Sling","GremlinMask"],"potions_floor_usage":[7,23,25],"damage_taken":[{"damage":2,"enemies":"Jaw Worm","floor":1,"turns":4},{"damage":2,"enemies":"2 Louse","floor":2,"turns":3},{"damage":0,"enemies":"Small Slimes","floor":4,"turns":3},{"damage":7,"enemies":"Exordium Wildlife","floor":5,"turns":5},{"damage":15,"enemies":"Lagavulin","floor":7,"turns":8},{"damage":0,"enemies":"3 Louse","floor":10,"turns":5},{"damage":2,"enemies":"Looter","floor":11,"turns":3},{"damage":33,"enemies":"Hexaghost","floor":16,"turns":17},{"damage":11,"enemies":"2 Thieves","floor":18,"turns":4},{"damage":2,"enemies":"Spheric Guardian","floor":20,"turns":5},{"damage":8,"enemies":"3 Cultists","floor":23,"turns":6},{"damage":49,"enemies":"Gremlin Leader","floor":25,"turns":3}],"seed_played":"8776812522850441676","potions_obtained":[{"floor":1,"key":"LiquidBronze"},{"floor":2,"key":"AttackPotion"},{"floor":10,"key":"Explosive Potion"}],"is_trial":false,"path_per_floor":["M","M","$","M","M","R","E","R","T","M","M","?","R","?","R","B",null,"M","?","M","$","?","M","R","E"],"character_chosen":"THE_SILENT","items_purchased":["Slice","Sling"],"campfire_rested":0,"item_purchase_floors":[3,21],"current_hp_per_floor":[68,66,66,66,59,59,44,44,44,44,42,35,35,35,35,2,70,59,59,57,57,57,49,49,0],"gold":79,"neow_bonus":"RANDOM_COLORLESS","is_prod":false,"is_daily":false,"chose_seed":false,"campfire_upgraded":5,"win_rate":0,"timestamp":1551193373,"path_taken":["M","M","$","M","M","R","E","R","T","M","M","?","R","?","R","BOSS","M","?","M","$","?","?","R","E"],"build_version":"2019-01-23","purchased_purges":1,"victory":false,"max_hp_per_floor":[70,70,70,70,70,70,70,70,70,70,70,70,70,70,70,70,70,70,70,70,70,70,70,70,70],"card_choices":[{"not_picked":["Bane","Sucker Punch"],"picked":"Flying Knee","floor":1},{"not_picked":["Deflect","Flying Knee"],"picked":"Dagger Throw","floor":2},{"not_picked":["Dash","Infinite Blades"],"picked":"Malaise","floor":4},{"not_picked":["Deflect","PiercingWail"],"picked":"Backflip","floor":5},{"not_picked":["Tactician","Distraction"],"picked":"Dodge and Roll","floor":7},{"not_picked":["Dagger Spray","Outmaneuver"],"picked":"Poisoned Stab","floor":10},{"not_picked":["Heel Hook","Infinite Blades"],"picked":"Quick Slash","floor":11},{"not_picked":["Phantasmal Killer","Tools of the Trade"],"picked":"Envenom","floor":16},{"not_picked":["Caltrops","Eviscerate"],"picked":"Deflect","floor":18},{"not_picked":["Acrobatics","Blade Dance"],"picked":"Poisoned Stab+1","floor":20},{"not_picked":["Prepared","Quick Slash"],"picked":"Bane","floor":23}],"player_experience":696042,"relics_obtained":[{"floor":7,"key":"Omamori"},{"floor":9,"key":"Tiny Chest"}],"event_choices":[{"cards_removed":["Strike_G"],"damage_healed":0,"gold_gain":0,"player_choice":"Card Removal","damage_taken":7,"max_hp_gain":0,"max_hp_loss":0,"event_name":"Golden Wing","floor":12,"gold_loss":0},{"damage_healed":0,"gold_gain":0,"cards_transformed":["Defend_G"],"player_choice":"Change","damage_taken":0,"max_hp_gain":0,"max_hp_loss":0,"event_name":"Living Wall","floor":14,"gold_loss":0,"cards_obtained":["Wraith Form v2"]},{"damage_healed":0,"gold_gain":0,"player_choice":"Ignored","damage_taken":0,"max_hp_gain":0,"max_hp_loss":0,"event_name":"Ghosts","floor":19,"gold_loss":0},{"damage_healed":0,"gold_gain":0,"player_choice":"Trade","damage_taken":0,"relics_obtained":["GremlinMask"],"max_hp_gain":0,"max_hp_loss":0,"event_name":"FaceTrader","floor":22,"gold_loss":0}],"is_beta":false,"boss_relics":[{"not_picked":["Calling Bell","WristBlade"],"picked":"Pandora\u0027s Box"}],"items_purged_floors":[3],"is_endless":false,"potions_floor_spawned":[1,2,10],"killed_by":"Gremlin Leader","ascension_level":0}