{"gold_per_floor":[20,33,49,63,63,63,82,123,123,223,238,258,258,433,433,557,557,573,227,248,273,288,288,114,114,114,114,33,33,56,69,69,192,192,216,232,232,253,253,253,378,378,378,417,417,433,449,462,462,462],"floor_reached":51,"playtime":2716,"items_purged":["Doubt","Strike_G"],"score":758,"play_id":"75c1cdaf-8007-4376-9dc4-a601eedd4ce0","local_time":"20190308233035","is_ascension_mode":false,"campfire_choices":[{"data":"Deadly Poison","floor":6,"key":"SMITH"},{"data":"Neutralize","floor":13,"key":"SMITH"},{"data":"Dodge and Roll","floor":15,"key":"SMITH"},{"data":"Noxious Fumes","floor":23,"key":"SMITH"},{"data":"Survivor","floor":27,"key":"SMITH"},{"data":"Catalyst","floor":29,"key":"SMITH"},{"data":"Catalyst","floor":32,"key":"SMITH"},{"data":"Prepared","floor":40,"key":"SMITH"},{"data":"Deflect","floor":42,"key":"SMITH"},{"data":"Deflect","floor":45,"key":"SMITH"},{"floor":49,"key":"REST"}],"neow_cost":"NO_GOLD","seed_source_timestamp":1152859177623679,"circlet_count":0,"master_deck":["Defend_G","Defend_G","Defend_G","Defend_G","Strike_G+1","Strike_G","Strike_G","Strike_G","Survivor+1","Neutralize+1","Deadly Poison+1","Dodge and Roll+1","Backstab","Deflect+1","Glass Knife+1","Deflect+1","Prepared+1","After Image","Flying Knee+1","Noxious Fumes+1","PiercingWail","Bouncing Flask+1","Catalyst+1","Catalyst+1","All Out Attack","Quick Slash+1","All Out Attack+1","Bane+1","Poisoned Stab+1","Backflip+1","Poisoned Stab+1"],"relics":["Ring of the Snake","Unceasing Top","Golden Idol","Bag of Preparation","Meat on the Bone","Busted Crown","TheAbacus","The Specimen","White Beast Statue","Gambling Chip","Whetstone","Pantograph"],"potions_floor_usage":[7,16,30,31,47,50,50],"damage_taken":[{"damage":0,"enemies":"Cultist","floor":1,"turns":4},{"damage":5,"enemies":"Jaw Worm","floor":2,"turns":5},{"damage":2,"enemies":"Small Slimes","floor":3,"turns":6},{"damage":4,"enemies":"2 Fungi Beasts","floor":4,"turns":5},{"damage":0,"enemies":"Gremlin Gang","floor":7,"turns":2},{"damage":19,"enemies":"Lagavulin","floor":8,"turns":7},{"damage":0,"enemies":"Blue Slaver","floor":11,"turns":2},{"damage":0,"enemies":"Exordium Wildlife","floor":12,"turns":3},{"damage":19,"enemies":"Hexaghost","floor":16,"turns":12},{"damage":5,"enemies":"Spheric Guardian","floor":18,"turns":6},{"damage":2,"enemies":"Chosen","floor":20,"turns":5},{"damage":0,"enemies":"Centurion and Healer","floor":21,"turns":7},{"damage":0,"enemies":"Snake Plant","floor":22,"turns":4},{"damage":11,"enemies":"Snecko","floor":30,"turns":5},{"damage":4,"enemies":"Centurion and Healer","floor":31,"turns":5},{"damage":0,"enemies":"Collector","floor":33,"turns":3},{"damage":21,"enemies":"3 Darklings","floor":35,"turns":5},{"damage":5,"enemies":"Orb Walker","floor":36,"turns":3},{"damage":20,"enemies":"Sphere and 2 Shapes","floor":38,"turns":5},{"damage":0,"enemies":"Mind Bloom Boss Battle","floor":41,"turns":4},{"damage":6,"enemies":"Giant Head","floor":44,"turns":4},{"damage":17,"enemies":"Jaw Worm Horde","floor":46,"turns":4},{"damage":12,"enemies":"Spire Growth","floor":47,"turns":3},{"damage":3,"enemies":"Writhing Mass","floor":48,"turns":6},{"damage":64,"enemies":"Time Eater","floor":50,"turns":6}],"seed_played":"3654556142312052677","potions_obtained":[{"floor":2,"key":"Block Potion"},{"floor":4,"key":"Explosive Potion"},{"floor":16,"key":"Dexterity Potion"},{"floor":20,"key":"Weak Potion"},{"floor":22,"key":"Weak Potion"},{"floor":30,"key":"LiquidBronze"},{"floor":35,"key":"GhostInAJar"},{"floor":47,"key":"Fruit Juice"},{"floor":48,"key":"Swift Potion"}],"is_trial":false,"path_per_floor":["M","M","M","M","?","R","M","E","T","?","M","M","R","?","R","B",null,"M","$","M","M","M","R","$","?","T","R","$","R","M","M","R","B",null,"M","M","?","M","?","R","?","R","T","E","R","M","M","M","R","B",null],"character_chosen":"THE_SILENT","items_purchased":["Noxious Fumes","TheAbacus","Bouncing Flask","Catalyst"],"campfire_rested":1,"item_purchase_floors":[19,19,24,28],"current_hp_per_floor":[70,65,63,59,42,42,42,23,23,23,35,47,47,47,47,40,70,65,65,63,63,63,63,63,63,63,63,63,63,52,48,48,48,70,49,44,44,36,36,36,36,36,36,42,42,37,42,39,61,23],"gold":462,"neow_bonus":"ONE_RARE_RELIC","is_prod":false,"is_daily":false,"chose_seed":false,"campfire_upgraded":10,"win_rate":0,"timestamp":1552059035,"path_taken":["M","M","M","M","?","R","M","E","T","?","?","M","R","?","R","BOSS","M","$","M","M","M","R","$","?","T","R","$","R","?","M","R","BOSS","M","M","?","M","?","R","?","R","T","E","R","?","M","M","R","BOSS"],"build_version":"2019-01-23","purchased_purges":2,"victory":true,"max_hp_per_floor":[70,70,70,70,70,70,70,70,70,70,70,70,70,70,70,70,70,70,70,70,70,70,70,70,70,70,70,70,70,70,70,70,70,70,70,70,70,70,70,70,70,70,70,70,70,70,75,75,75,75],"card_choices":[{"not_picked":["Dagger Throw","Dodge and Roll"],"picked":"Deadly Poison","floor":1},{"not_picked":["Blade Dance","Prepared"],"picked":"Dodge and Roll","floor":2},{"not_picked":["Blade Dance","Skewer","Sucker Punch"],"picked":"SKIP","floor":3},{"not_picked":["Flying Knee","Dodge and Roll"],"picked":"Backstab","floor":4},{"not_picked":["Dagger Spray","Escape Plan"],"picked":"Deflect","floor":7},{"not_picked":["PiercingWail","Bullet Time"],"picked":"Glass Knife","floor":8},{"not_picked":["Caltrops","Dagger Throw"],"picked":"Deflect","floor":11},{"not_picked":["Blade Dance","Accuracy"],"picked":"Prepared","floor":12},{"not_picked":["Glass Knife","Storm of Steel"],"picked":"After Image","floor":16},{"not_picked":[],"picked":"Flying Knee+1","floor":18},{"not_picked":[],"picked":"PiercingWail","floor":20},{"not_picked":["Leg Sweep"],"picked":"SKIP","floor":21},{"not_picked":["Skewer"],"picked":"SKIP","floor":22},{"not_picked":[],"picked":"Catalyst","floor":30},{"not_picked":[],"picked":"All Out Attack","floor":31},{"not_picked":["All Out Attack"],"picked":"SKIP","floor":35},{"not_picked":[],"picked":"Quick Slash+1","floor":36},{"not_picked":[],"picked":"All Out Attack+1","floor":38},{"not_picked":[],"picked":"Bane+1","floor":41},{"not_picked":["Dagger Spray+1"],"picked":"SKIP","floor":44},{"not_picked":[],"picked":"Poisoned Stab+1","floor":46},{"not_picked":[],"picked":"Backflip+1","floor":47},{"not_picked":[],"picked":"Poisoned Stab+1","floor":48}],"player_experience":765672,"relics_obtained":[{"floor":8,"key":"Bag of Preparation"},{"floor":9,"key":"Meat on the Bone"},{"floor":26,"key":"The Specimen"},{"floor":41,"key":"Gambling Chip"},{"floor":43,"key":"Whetstone"},{"floor":44,"key":"Pantograph"}],"event_choices":[{"damage_healed":0,"gold_gain":0,"player_choice":"Take Damage","damage_taken":17,"relics_obtained":["Golden Idol"],"max_hp_gain":0,"max_hp_loss":0,"event_name":"Golden Idol","floor":5,"gold_loss":0},{"damage_healed":0,"gold_gain":100,"player_choice":"Pray","damage_taken":0,"max_hp_gain":0,"max_hp_loss":0,"event_name":"Golden Shrine","floor":10,"gold_loss":0},{"damage_healed":0,"gold_gain":175,"player_choice":"AGREE","damage_taken":0,"max_hp_gain":0,"max_hp_loss":0,"event_name":"Liars Game","floor":14,"gold_loss":0,"cards_obtained":["Doubt"]},{"damage_healed":0,"gold_gain":0,"player_choice":"Forge","damage_taken":0,"max_hp_gain":0,"max_hp_loss":0,"event_name":"Accursed Blacksmith","floor":25,"gold_loss":0,"cards_upgraded":["Bouncing Flask"]},{"damage_healed":0,"gold_gain":0,"player_choice":"Ignored","damage_taken":0,"max_hp_gain":0,"max_hp_loss":0,"event_name":"Tomb of Lord Red Mask","floor":37,"gold_loss":0},{"cards_removed":["Defend_G"],"damage_healed":0,"gold_gain":0,"player_choice":"Removed Skill","damage_taken":0,"max_hp_gain":0,"max_hp_loss":0,"event_name":"Falling","floor":39,"gold_loss":0},{"damage_healed":0,"gold_gain":0,"player_choice":"Fight","damage_taken":0,"max_hp_gain":0,"max_hp_loss":0,"event_name":"MindBloom","floor":41,"gold_loss":0}],"is_beta":false,"boss_relics":[{"not_picked":["WristBlade","Astrolabe"],"picked":"Busted Crown"},{"not_picked":["Runic Dome","Runic Pyramid"],"picked":"White Beast Statue"}],"items_purged_floors":[19,24],"is_endless":false,"potions_floor_spawned":[2,4,16,20,22,30,35,36,38,41,44,46,47,48],"ascension_level":0}