{"gold_per_floor":[119,137,151,164,20,83,83,103,128,128,156,170,91,124,124,226,226,241,241,260,260,274,304,304,95,119,131,151,151,165,179,179,275,275,293,303,15,415,432,432,432],"floor_reached":41,"playtime":3400,"items_purged":["Strike_G","Strike_G","Decay"],"score":509,"play_id":"e9d35ff0-c175-47af-bacc-a45b590ba435","local_time":"20190225151538","is_ascension_mode":true,"campfire_choices":[{"floor":10,"key":"REST"},{"floor":15,"key":"REST"},{"floor":24,"key":"REST"},{"floor":29,"key":"REST"},{"floor":32,"key":"REST"},{"floor":40,"key":"REST"}],"neow_cost":"NONE","seed_source_timestamp":662158614308000,"circlet_count":0,"master_deck":["Defend_G","Defend_G","Defend_G+1","Defend_G","Defend_G","Strike_G","Survivor","Neutralize+1","Poisoned Stab","Flying Knee","Dagger Spray","Venomology","Caltrops","Crippling Poison","Deadly Poison+1","Poisoned Stab","Noxious Fumes","Skewer","After Image","Blade Dance+1","Expertise+1","Bouncing Flask","Dodge and Roll","Prepared+1","Noxious Fumes","Leg Sweep","Underhanded Strike+1","Dash+1","Accuracy","Dagger Throw+1","Caltrops+1","Adrenaline","Corpse Explosion","Wraith Form v2","Caltrops","Doppelganger","Dodge and Roll+1","Terror","Sadistic Nature","Backstab+1","Well Laid Plans+1"],"relics":["Ring of the Snake","Tiny Chest","Dream Catcher","Snake Skull","Cursed Key","Nloth\u0027s Gift","Oddly Smooth Stone","Omamori","Orrery","Old Coin"],"potions_floor_usage":[6,8,11,12,14,16,16,16,18,23,28,28,31,33,36,38],"damage_taken":[{"damage":0,"enemies":"2 Louse","floor":1,"turns":3},{"damage":1,"enemies":"Cultist","floor":2,"turns":4},{"damage":2,"enemies":"Small Slimes","floor":3,"turns":5},{"damage":0,"enemies":"Red Slaver","floor":4,"turns":4},{"damage":18,"enemies":"Gremlin Nob","floor":6,"turns":5},{"damage":18,"enemies":"Exordium Thugs","floor":8,"turns":7},{"damage":31,"enemies":"3 Sentries","floor":11,"turns":8},{"damage":0,"enemies":"2 Fungi Beasts","floor":12,"turns":3},{"damage":19,"enemies":"Gremlin Nob","floor":14,"turns":4},{"damage":3,"enemies":"Slime Boss","floor":16,"turns":8},{"damage":19,"enemies":"Chosen","floor":18,"turns":5},{"damage":21,"enemies":"Spheric Guardian","floor":20,"turns":5},{"damage":11,"enemies":"Snake Plant","floor":22,"turns":4},{"damage":14,"enemies":"Gremlin Leader","floor":23,"turns":5},{"damage":0,"enemies":"Centurion and Healer","floor":27,"turns":5},{"damage":4,"enemies":"3 Cultists","floor":28,"turns":5},{"damage":1,"enemies":"Chosen and Byrds","floor":30,"turns":5},{"damage":8,"enemies":"Sentry and Sphere","floor":31,"turns":6},{"damage":15,"enemies":"Collector","floor":33,"turns":8},{"damage":29,"enemies":"3 Darklings","floor":35,"turns":5},{"damage":7,"enemies":"3 Shapes","floor":36,"turns":3},{"damage":6,"enemies":"Mind Bloom Boss Battle","floor":38,"turns":5},{"damage":12,"enemies":"Writhing Mass","floor":39,"turns":5},{"damage":60,"enemies":"Reptomancer","floor":41,"turns":3}],"seed_played":"5348807507702041589","potions_obtained":[{"floor":3,"key":"EssenceOfSteel"},{"floor":4,"key":"Dexterity Potion"},{"floor":8,"key":"SpeedPotion"},{"floor":14,"key":"Swift Potion"},{"floor":16,"key":"FairyPotion"},{"floor":18,"key":"Energy Potion"},{"floor":23,"key":"Weak Potion"},{"floor":30,"key":"Swift Potion"},{"floor":31,"key":"Dexterity Potion"},{"floor":36,"key":"AttackPotion"}],"is_trial":false,"path_per_floor":["M","M","M","M","$","E","?","M","T","R","E","M","$","E","R","B",null,"M","?","M","?","M","E","R","$","T","M","M","R","M","M","R","B",null,"M","M","$","?","M","R","E"],"character_chosen":"THE_SILENT","items_purchased":["Caltrops","Noxious Fumes","Noxious Fumes","Leg Sweep","Sadistic Nature"],"campfire_rested":6,"item_purchase_floors":[5,13,25,25,37],"current_hp_per_floor":[70,69,67,67,67,49,49,31,31,52,21,21,21,2,23,20,70,51,51,30,30,19,5,26,26,26,26,22,43,42,34,55,40,70,41,34,34,28,16,37,0],"gold":432,"neow_bonus":"UPGRADE_CARD","is_prod":false,"is_daily":false,"chose_seed":false,"campfire_upgraded":0,"win_rate":0,"timestamp":1551104138,"path_taken":["M","M","M","M","$","E","?","M","T","R","E","M","?","E","R","BOSS","M","?","M","?","M","E","R","$","T","?","M","R","M","M","R","BOSS","M","M","$","?","M","R","E"],"build_version":"2019-01-23","purchased_purges":3,"victory":false,"max_hp_per_floor":[70,70,70,70,70,70,70,70,70,70,70,70,70,70,70,70,70,70,70,70,70,70,70,70,70,70,70,70,70,70,70,70,70,70,70,70,70,70,70,70,70],"card_choices":[{"not_picked":["Concentrate","Deflect"],"picked":"Poisoned Stab","floor":1},{"not_picked":["Underhanded Strike","Cloak And Dagger"],"picked":"Flying Knee","floor":2},{"not_picked":["Blade Dance","PiercingWail"],"picked":"Dagger Spray","floor":3},{"not_picked":["PiercingWail","Quick Slash"],"picked":"Venomology","floor":4},{"not_picked":["Terror","Flying Knee"],"picked":"Crippling Poison","floor":6},{"not_picked":["Bane","Concentrate"],"picked":"Deadly Poison","floor":8},{"not_picked":["Unload","Flying Knee"],"picked":"Poisoned Stab","floor":11},{"not_picked":["Caltrops","Deflect","Predator"],"picked":"SKIP","floor":12},{"not_picked":["Deadly Poison","Poisoned Stab","Blade Dance"],"picked":"SKIP","floor":14},{"not_picked":["Blade Dance","Cloak And Dagger"],"picked":"Skewer","floor":15},{"not_picked":["Phantasmal Killer","Malaise"],"picked":"After Image","floor":16},{"not_picked":["Tactician","Masterful Stab"],"picked":"Blade Dance+1","floor":18},{"not_picked":["Calculated Gamble","Quick Slash"],"picked":"Expertise+1","floor":20},{"not_picked":["Sucker Punch","Bane+1"],"picked":"Bouncing Flask","floor":22},{"not_picked":["Corpse Explosion","Dagger Throw"],"picked":"Dodge and Roll","floor":23},{"not_picked":["Concentrate+1","Noxious Fumes"],"picked":"Prepared+1","floor":24},{"not_picked":["Deflect","Expertise"],"picked":"Underhanded Strike+1","floor":27},{"not_picked":["Underhanded Strike","Crippling Poison"],"picked":"Dash+1","floor":28},{"not_picked":["Deadly Poison","Underhanded Strike"],"picked":"Accuracy","floor":29},{"not_picked":["All Out Attack","PiercingWail+1"],"picked":"Dagger Throw+1","floor":30},{"not_picked":["Underhanded Strike+1","Leg Sweep"],"picked":"Caltrops+1","floor":31},{"not_picked":["Accuracy","Flying Knee"],"picked":"Adrenaline","floor":32},{"not_picked":["Phantasmal Killer","Storm of Steel"],"picked":"Corpse Explosion","floor":33},{"not_picked":["Finisher","Unload"],"picked":"Wraith Form v2","floor":34},{"not_picked":["Prepared","Reflex"],"picked":"Caltrops","floor":34},{"not_picked":["Eviscerate","Slice"],"picked":"Doppelganger","floor":34},{"not_picked":["Reflex+1","Bouncing Flask"],"picked":"Dodge and Roll+1","floor":35},{"not_picked":["Dodge and Roll","PiercingWail+1"],"picked":"Terror","floor":36},{"not_picked":["PiercingWail","Cloak And Dagger"],"picked":"Backstab+1","floor":38},{"not_picked":["Prepared","Deflect+1","Dagger Spray"],"picked":"SKIP","floor":39},{"not_picked":["Poisoned Stab","Dagger Throw"],"picked":"Well Laid Plans+1","floor":40}],"player_experience":270796,"relics_obtained":[{"floor":6,"key":"Tiny Chest"},{"floor":9,"key":"War Paint"},{"floor":11,"key":"Dream Catcher"},{"floor":14,"key":"Snake Skull"},{"floor":23,"key":"Oddly Smooth Stone"},{"floor":26,"key":"Omamori"},{"floor":38,"key":"Old Coin"}],"event_choices":[{"cards_removed":["Strike_G"],"damage_healed":0,"gold_gain":0,"player_choice":"Offered Basic","damage_taken":0,"max_hp_gain":0,"max_hp_loss":0,"event_name":"Bonfire Elementals","floor":7,"gold_loss":0},{"cards_removed":["Strike_G"],"damage_healed":0,"gold_gain":0,"player_choice":"Elegance","damage_taken":0,"max_hp_gain":0,"max_hp_loss":0,"event_name":"Back to Basics","floor":19,"gold_loss":0},{"damage_healed":0,"gold_gain":0,"player_choice":"Traded Relic","damage_taken":0,"relics_obtained":["Nloth\u0027s Gift"],"max_hp_gain":0,"max_hp_loss":0,"event_name":"N\u0027loth","floor":21,"relics_lost":["War Paint"],"gold_loss":0},{"damage_healed":0,"gold_gain":0,"player_choice":"Fight","damage_taken":0,"max_hp_gain":0,"max_hp_loss":0,"event_name":"MindBloom","floor":38,"gold_loss":0}],"is_beta":false,"boss_relics":[{"not_picked":["Calling Bell","Busted Crown"],"picked":"Cursed Key"},{"not_picked":["White Beast Statue","Runic Dome"],"picked":"Orrery"}],"items_purged_floors":[5,25,37],"is_endless":false,"potions_floor_spawned":[3,4,8,14,16,18,23,30,31,35,36],"killed_by":"Reptomancer","ascension_level":1}