{"gold_per_floor":[109,86,100,375,392,392,409,419,419,52,68,78,78,97,97,193,193,210,220,620,620,82,108,108,124,124,124],"floor_reached":27,"playtime":1128,"items_purged":["Regret","Strike_R"],"score":252,"play_id":"e795f4a0-03fe-4ea1-a997-df70afb28378","local_time":"20190407000939","is_ascension_mode":false,"campfire_choices":[{"data":"Body Slam","floor":6,"key":"SMITH"},{"data":"Flame Barrier","floor":15,"key":"SMITH"},{"data":"Strike_R","floor":24,"key":"PURGE"}],"neow_cost":"NONE","seed_source_timestamp":29706067315868,"circlet_count":0,"master_deck":["Strike_R","Strike_R","Strike_R","Defend_R","Defend_R","Defend_R","Defend_R","Bash","Cleave","Flex","Shrug It Off","Body Slam+1","Metallicize","Whirlwind","Flame Barrier+1","Spot Weakness","Burning Pact","Barricade","Juggernaut","Evolve+1","Entrench","Seeing Red","Apotheosis","Pommel Strike","Entrench"],"relics":["Burning Blood","Bronze Scales","The Courier","Bag of Marbles","PreservedInsect","Mark of Pain","Old Coin","Matryoshka","Gremlin Horn","Art of War","Peace Pipe","Ancient Tea Set","Dodecahedron"],"potions_floor_usage":[16,20,20,20,23,23,25],"damage_taken":[{"damage":0,"enemies":"Small Slimes","floor":1,"turns":3},{"damage":1,"enemies":"Cultist","floor":3,"turns":3},{"damage":3,"enemies":"Jaw Worm","floor":5,"turns":3},{"damage":27,"enemies":"Exordium Wildlife","floor":7,"turns":6},{"damage":12,"enemies":"Exordium Thugs","floor":8,"turns":5},{"damage":2,"enemies":"Looter","floor":11,"turns":3},{"damage":0,"enemies":"3 Louse","floor":12,"turns":1},{"damage":0,"enemies":"2 Fungi Beasts","floor":14,"turns":3},{"damage":23,"enemies":"Hexaghost","floor":16,"turns":12},{"damage":20,"enemies":"2 Thieves","floor":18,"turns":3},{"damage":2,"enemies":"Chosen","floor":19,"turns":5},{"damage":12,"enemies":"Colosseum Slavers","floor":20,"turns":5},{"damage":36,"enemies":"Colosseum Nobs","floor":20,"turns":4},{"damage":19,"enemies":"Gremlin Leader","floor":23,"turns":4},{"damage":0,"enemies":"3 Cultists","floor":25,"turns":1},{"damage":29,"enemies":"Shelled Parasite and Fungi","floor":27,"turns":2}],"seed_played":"-2609639870746489039","potions_obtained":[{"floor":7,"key":"Swift Potion"},{"floor":8,"key":"EssenceOfSteel"},{"floor":12,"key":"SpeedPotion"},{"floor":19,"key":"LiquidBronze"},{"floor":20,"key":"Fire Potion"},{"floor":21,"key":"SteroidPotion"},{"floor":21,"key":"Energy Potion"},{"floor":21,"key":"PowerPotion"},{"floor":23,"key":"Energy Potion"}],"is_trial":false,"path_per_floor":["M","$","M","?","M","R","M","M","T","$","M","M","T","M","R","B",null,"M","M","?","?","$","E","R","M","T","M"],"character_chosen":"IRONCLAD","items_purchased":["Flex","Bag of Marbles","PreservedInsect","Flame Barrier","Apotheosis","Gremlin Horn","Art of War"],"campfire_rested":0,"item_purchase_floors":[2,10,10,10,22,22,22],"current_hp_per_floor":[80,80,80,80,80,80,59,53,53,53,57,63,63,69,69,52,80,66,70,34,34,34,21,21,27,27,0],"gold":124,"neow_bonus":"RANDOM_COMMON_RELIC","is_prod":false,"is_daily":false,"chose_seed":false,"campfire_upgraded":2,"win_rate":0,"timestamp":1554566979,"path_taken":["M","$","M","?","M","R","M","?","T","$","M","M","?","M","R","BOSS","M","M","?","?","$","E","R","M","T","?"],"build_version":"2019-01-23","purchased_purges":2,"victory":false,"max_hp_per_floor":[80,80,80,80,80,80,80,80,80,80,80,80,80,80,80,80,80,80,80,80,80,80,80,80,80,80,80],"card_choices":[{"not_picked":["Thunderclap","Armaments"],"picked":"Cleave","floor":1},{"not_picked":["Wild Strike","Shockwave"],"picked":"Shrug It Off","floor":3},{"not_picked":["Searing Blow","Combust"],"picked":"Body Slam","floor":5},{"not_picked":["Clash","True Grit"],"picked":"Metallicize","floor":7},{"not_picked":["Thunderclap","Perfected Strike"],"picked":"Whirlwind","floor":8},{"not_picked":["Clothesline","Iron Wave"],"picked":"Spot Weakness","floor":11},{"not_picked":["Corruption","Warcry"],"picked":"Burning Pact","floor":12},{"not_picked":["Perfected Strike","Clash"],"picked":"Barricade","floor":14},{"not_picked":["Bludgeon","Fiend Fire"],"picked":"Juggernaut","floor":16},{"not_picked":["Anger+1","Havoc"],"picked":"Evolve+1","floor":18},{"not_picked":["Perfected Strike","Pommel Strike"],"picked":"Entrench","floor":19},{"not_picked":["Havoc","Iron Wave"],"picked":"Seeing Red","floor":20},{"not_picked":["Shockwave","Fiend Fire"],"picked":"Pommel Strike","floor":23},{"not_picked":["Sword Boomerang","Battle Trance"],"picked":"Entrench","floor":25}],"player_experience":927189,"relics_obtained":[{"floor":9,"key":"The Courier"},{"floor":20,"key":"Old Coin"},{"floor":20,"key":"Matryoshka"},{"floor":23,"key":"Peace Pipe"},{"floor":26,"key":"Ancient Tea Set"},{"floor":26,"key":"Dodecahedron"}],"event_choices":[{"damage_healed":0,"gold_gain":275,"player_choice":"Desecrate","damage_taken":0,"max_hp_gain":0,"max_hp_loss":0,"event_name":"Golden Shrine","floor":4,"gold_loss":0,"cards_obtained":["Regret"]},{"damage_healed":0,"gold_gain":0,"player_choice":"Fight","damage_taken":0,"max_hp_gain":0,"max_hp_loss":0,"event_name":"Colosseum","floor":20,"gold_loss":0},{"damage_healed":0,"gold_gain":0,"player_choice":"Fought Nobs","damage_taken":0,"max_hp_gain":0,"max_hp_loss":0,"event_name":"Colosseum","floor":20,"gold_loss":0},{"damage_healed":0,"gold_gain":0,"player_choice":"Got Potions","damage_taken":0,"max_hp_gain":0,"max_hp_loss":0,"event_name":"Lab","floor":21,"gold_loss":0}],"is_beta":false,"boss_relics":[{"not_picked":["Velvet Choker","Philosopher\u0027s Stone"],"picked":"Mark of Pain"}],"items_purged_floors":[10,22],"is_endless":false,"potions_floor_spawned":[7,8,12,14,19,20,23],"killed_by":"Shelled Parasite and Fungi","ascension_level":0}