{"gold_per_floor":[109,126,14,14,27,27,61,74,74,74,74,74,92,104,104,204,204,221,221,238,253,253],"floor_reached":22,"playtime":1024,"items_purged":[],"score":226,"play_id":"933c6d2e-ecc0-43f1-a909-f23afd1fde22","local_time":"20190310231041","is_ascension_mode":true,"campfire_choices":[{"data":"Defragment","floor":6,"key":"SMITH"},{"data":"Lockon","floor":12,"key":"SMITH"},{"data":"Loop","floor":15,"key":"SMITH"}],"neow_cost":"PERCENT_DAMAGE","seed_source_timestamp":181829158189241,"circlet_count":0,"master_deck":["Strike_B","Strike_B","Strike_B","Defend_B","Defend_B","Defend_B","Zap","Dualcast","Self Repair","Self Repair","Melter","Defragment+1","Loop+1","Lockon+1","Ball Lightning","Ball Lightning","White Noise","BootSequence","Echo Form","Force Field","Cold Snap","Coolheaded+1"],"relics":["Cracked Core","Turnip","Gremlin Horn","Bottled Flame","Black Star"],"potions_floor_usage":[8,14,16],"damage_taken":[{"damage":6,"enemies":"Cultist","floor":1,"turns":3},{"damage":0,"enemies":"Small Slimes","floor":2,"turns":3},{"damage":0,"enemies":"2 Louse","floor":5,"turns":2},{"damage":35,"enemies":"Gremlin Nob","floor":7,"turns":4},{"damage":11,"enemies":"Looter","floor":8,"turns":2},{"damage":16,"enemies":"Lots of Slimes","floor":13,"turns":2},{"damage":12,"enemies":"2 Fungi Beasts","floor":14,"turns":2},{"damage":41,"enemies":"Hexaghost","floor":16,"turns":6},{"damage":0,"enemies":"Spheric Guardian","floor":18,"turns":2},{"damage":31,"enemies":"3 Byrds","floor":20,"turns":5},{"damage":24,"enemies":"Snake Plant","floor":21,"turns":5},{"damage":48,"enemies":"3 Cultists","floor":22,"turns":4}],"seed_played":"-1555925132250179192","potions_obtained":[{"floor":1,"key":"Ancient Potion"},{"floor":4,"key":"Fire Potion"},{"floor":4,"key":"Energy Potion"},{"floor":14,"key":"Regen Potion"}],"is_trial":false,"path_per_floor":["M","M","$","?","M","R","E","M","T","$","T","R","M","M","R","B",null,"M","?","M","M","M"],"character_chosen":"DEFECT","items_purchased":["Loop","Lockon"],"campfire_rested":0,"item_purchase_floors":[3,3],"current_hp_per_floor":[62,75,75,75,75,75,54,57,57,57,57,57,55,50,50,23,75,75,75,51,48,0],"gold":253,"neow_bonus":"TRANSFORM_TWO_CARDS","is_prod":false,"is_daily":false,"chose_seed":false,"campfire_upgraded":3,"win_rate":0,"timestamp":1552277441,"path_taken":["M","M","?","?","?","R","E","M","T","$","?","R","?","M","R","BOSS","M","?","M","M","M"],"build_version":"2019-01-23","purchased_purges":0,"victory":false,"max_hp_per_floor":[75,75,75,75,75,75,75,75,75,75,75,75,75,75,75,75,75,75,75,75,75,75],"card_choices":[{"not_picked":["Rip and Tear","Go for the Eyes"],"picked":"Melter","floor":1},{"not_picked":["Sweeping Beam","Barrage"],"picked":"Defragment","floor":2},{"not_picked":["Glacier","Sweeping Beam"],"picked":"Ball Lightning","floor":5},{"not_picked":["Reinforced Body","Conserve Battery"],"picked":"Ball Lightning","floor":7},{"not_picked":["Hologram","Ball Lightning"],"picked":"White Noise","floor":8},{"not_picked":["Cold Snap","Beam Cell","Coolheaded"],"picked":"SKIP","floor":13},{"not_picked":["Beam Cell","Sweeping Beam"],"picked":"BootSequence","floor":14},{"not_picked":["Machine Learning","Rainbow"],"picked":"Echo Form","floor":16},{"not_picked":["Stack+1","Steam Power+1","Rebound"],"picked":"SKIP","floor":18},{"not_picked":["Sweeping Beam","Steam"],"picked":"Cold Snap","floor":20},{"not_picked":["Hologram+1","Stack+1"],"picked":"Coolheaded+1","floor":21}],"player_experience":268619,"relics_obtained":[{"floor":7,"key":"Turnip"},{"floor":9,"key":"Gremlin Horn"},{"floor":11,"key":"Bottled Flame"}],"event_choices":[{"damage_healed":0,"gold_gain":0,"player_choice":"Got Potions","damage_taken":0,"max_hp_gain":0,"max_hp_loss":0,"event_name":"Lab","floor":4,"gold_loss":0},{"damage_healed":0,"gold_gain":0,"player_choice":"Read","damage_taken":0,"max_hp_gain":0,"max_hp_loss":0,"event_name":"The Library","floor":19,"gold_loss":0,"cards_obtained":["Force Field"]}],"is_beta":false,"boss_relics":[{"not_picked":["Runic Pyramid","Philosopher\u0027s Stone"],"picked":"Black Star"}],"items_purged_floors":[],"is_endless":false,"potions_floor_spawned":[1,5,7,14],"killed_by":"3 Cultists","ascension_level":4}