{"gold_per_floor":[116,116,136,147,164,164,181,181,207,127,127,153,169,184,184,280,280,300,310,310,48,48,73,89,89,89,89,16,31,46,46],"floor_reached":31,"playtime":3211,"items_purged":[],"score":259,"play_id":"465005d2-4e6e-41b4-8f19-233d1e78d073","local_time":"20190210152114","is_ascension_mode":false,"campfire_choices":[{"data":"Bash","floor":6,"key":"SMITH"},{"data":"Anger","floor":8,"key":"SMITH"},{"data":"Corruption","floor":11,"key":"SMITH"},{"floor":15,"key":"REST"},{"data":"Bludgeon","floor":25,"key":"SMITH"}],"neow_cost":"PERCENT_DAMAGE","seed_source_timestamp":1035531973465000,"circlet_count":0,"master_deck":["Strike_R+1","Strike_R+1","Strike_R+1","Strike_R+1","Defend_R+1","Defend_R+1","Defend_R+1","Defend_R+1","Bash+1","Heavy Blade","Corruption+1","Anger+1","Shrug It Off","Perfected Strike","Inflame","Dual Wield","Headbutt","Anger","Bludgeon+1","True Grit","Whirlwind","Reckless Charge","Impatience","Warcry","Iron Wave","Metallicize+1","Battle Trance","True Grit+1"],"relics":["Burning Blood","Incense Burner","FaceOfCleric","Regal Pillow","War Paint","Lizard Tail","Blood Vial","MutagenicStrength","Anchor","Frozen Egg 2"],"potions_floor_usage":[16,16,18,24],"damage_taken":[{"damage":7,"enemies":"Small Slimes","floor":1,"turns":6},{"damage":5,"enemies":"Cultist","floor":3,"turns":4},{"damage":0,"enemies":"2 Louse","floor":4,"turns":4},{"damage":15,"enemies":"Exordium Thugs","floor":5,"turns":6},{"damage":9,"enemies":"Large Slime","floor":7,"turns":6},{"damage":28,"enemies":"3 Sentries","floor":12,"turns":10},{"damage":23,"enemies":"Gremlin Gang","floor":13,"turns":5},{"damage":0,"enemies":"2 Fungi Beasts","floor":14,"turns":3},{"damage":41,"enemies":"Slime Boss","floor":16,"turns":10},{"damage":18,"enemies":"Spheric Guardian","floor":18,"turns":4},{"damage":15,"enemies":"Shell Parasite","floor":19,"turns":6},{"damage":65,"enemies":"Book of Stabbing","floor":23,"turns":7},{"damage":25,"enemies":"Snake Plant","floor":24,"turns":5},{"damage":17,"enemies":"Shelled Parasite and Fungi","floor":29,"turns":7},{"damage":21,"enemies":"Cultist and Chosen","floor":30,"turns":7},{"damage":36,"enemies":"Snecko","floor":31,"turns":4}],"seed_played":"1957772444156219265","potions_obtained":[{"floor":3,"key":"Fire Potion"},{"floor":5,"key":"Energy Potion"},{"floor":7,"key":"Swift Potion"},{"floor":23,"key":"BloodPotion"},{"floor":24,"key":"Explosive Potion"},{"floor":29,"key":"Poison Potion"}],"is_trial":false,"path_per_floor":["M","?","M","M","M","R","M","R","T","$","R","E","M","M","R","B",null,"M","M","?","$","?","E","M","R","T","?","$","M","M","M"],"character_chosen":"IRONCLAD","items_purchased":["Inflame","Blood Vial","Reckless Charge","Impatience","Metallicize+1"],"campfire_rested":1,"item_purchase_floors":[10,21,21,21,28],"current_hp_per_floor":[55,55,57,64,56,56,54,54,54,54,54,33,17,24,65,31,88,77,69,69,69,69,13,52,52,52,52,52,44,32,0],"gold":46,"neow_bonus":"ONE_RARE_RELIC","is_prod":false,"is_daily":false,"chose_seed":false,"campfire_upgraded":4,"win_rate":0.0,"timestamp":1549808474,"path_taken":["M","?","?","M","M","R","M","R","T","$","R","E","M","M","R","BOSS","M","M","?","?","?","E","M","R","T","?","$","?","M","M"],"build_version":"2019-01-23","purchased_purges":0,"victory":false,"max_hp_per_floor":[80,80,81,82,83,83,84,84,84,84,84,85,86,87,87,88,88,89,90,90,90,90,91,92,92,92,92,92,93,94,94],"card_choices":[{"not_picked":["Thunderclap","Headbutt"],"picked":"Heavy Blade","floor":1},{"not_picked":["Pummel","Headbutt"],"picked":"Corruption","floor":3},{"not_picked":["Headbutt","Twin Strike"],"picked":"Anger","floor":4},{"not_picked":["Thunderclap","Power Through"],"picked":"Shrug It Off","floor":5},{"not_picked":["True Grit","Thunderclap"],"picked":"Perfected Strike","floor":7},{"not_picked":["Cleave","Burning Pact"],"picked":"Dual Wield","floor":12},{"not_picked":["Burning Pact","Brutality"],"picked":"Headbutt","floor":13},{"not_picked":["Feel No Pain","Clothesline"],"picked":"Anger","floor":14},{"not_picked":["Barricade","Fiend Fire"],"picked":"Bludgeon","floor":16},{"not_picked":["Sword Boomerang","Clothesline+1"],"picked":"True Grit","floor":18},{"not_picked":["Headbutt","Heavy Blade+1"],"picked":"Whirlwind","floor":19},{"not_picked":["Pummel+1","Heavy Blade+1"],"picked":"Warcry","floor":23},{"not_picked":["Rupture","Thunderclap"],"picked":"Iron Wave","floor":24},{"not_picked":["Body Slam","Power Through+1"],"picked":"Battle Trance","floor":29},{"not_picked":["Searing Blow","Heavy Blade"],"picked":"True Grit+1","floor":30}],"player_experience":8045,"relics_obtained":[{"floor":9,"key":"Regal Pillow"},{"floor":12,"key":"War Paint"},{"floor":23,"key":"Anchor"},{"floor":26,"key":"Frozen Egg 2"}],"event_choices":[{"damage_healed":0,"gold_gain":0,"player_choice":"Trade","damage_taken":0,"relics_obtained":["FaceOfCleric"],"max_hp_gain":0,"max_hp_loss":0,"event_name":"FaceTrader","floor":2,"gold_loss":0},{"cards_removed":["Strike_R"],"damage_healed":0,"gold_gain":0,"player_choice":"Offered Basic","damage_taken":0,"max_hp_gain":0,"max_hp_loss":0,"event_name":"Bonfire Elementals","floor":20,"gold_loss":0},{"damage_healed":0,"gold_gain":0,"player_choice":"Inject Mutagens","damage_taken":0,"relics_obtained":["MutagenicStrength"],"max_hp_gain":0,"max_hp_loss":0,"event_name":"Drug Dealer","floor":22,"gold_loss":0},{"damage_healed":0,"gold_gain":0,"player_choice":"Simplicity","damage_taken":0,"max_hp_gain":0,"max_hp_loss":0,"event_name":"Back to Basics","floor":27,"gold_loss":0,"cards_upgraded":["Strike_R","Strike_R","Strike_R","Strike_R","Defend_R","Defend_R"]}],"is_beta":false,"boss_relics":[{"not_picked":["Fusion Hammer","White Beast Statue"],"picked":"Lizard Tail"}],"items_purged_floors":[],"is_endless":false,"potions_floor_spawned":[3,5,7,12,13,23,24,29],"killed_by":"Snecko","ascension_level":0}