{"gold_per_floor":[118,131,131,141,159,194,194,194],"floor_reached":8,"playtime":368,"items_purged":[],"score":90,"play_id":"69532509-a630-4dad-a234-3e6827e81c2f","local_time":"20190311155249","is_ascension_mode":true,"campfire_choices":[{"data":"Bludgeon","floor":7,"key":"SMITH"}],"neow_cost":"CURSE","seed_source_timestamp":632977790628700,"circlet_count":0,"master_deck":["AscendersBane","Strike_R","Strike_R","Strike_R","Strike_R","Strike_R","Defend_R","Defend_R","Defend_R","Defend_R","Bash","Parasite","Bludgeon+1","Battle Trance","Evolve","Shrug It Off","Headbutt"],"relics":["Burning Blood","Strawberry","Juzu Bracelet"],"potions_floor_usage":[],"damage_taken":[{"damage":18,"enemies":"Jaw Worm","floor":1,"turns":6},{"damage":12,"enemies":"2 Louse","floor":2,"turns":4},{"damage":10,"enemies":"Small Slimes","floor":4,"turns":3},{"damage":14,"enemies":"Blue Slaver","floor":5,"turns":5},{"damage":30,"enemies":"3 Sentries","floor":6,"turns":15},{"damage":28,"enemies":"Gremlin Nob","floor":8,"turns":3}],"seed_played":"-6075452201384090930","potions_obtained":[{"floor":5,"key":"Dexterity Potion"},{"floor":6,"key":"GamblersBrew"}],"is_trial":false,"path_per_floor":["M","M","?","M","M","E","R","E"],"character_chosen":"IRONCLAD","items_purchased":[],"campfire_rested":0,"item_purchase_floors":[],"current_hp_per_floor":[60,54,58,54,46,22,22,0],"gold":194,"neow_bonus":"THREE_RARE_CARDS","is_prod":false,"is_daily":false,"chose_seed":false,"campfire_upgraded":1,"win_rate":0,"timestamp":1552315969,"path_taken":["M","M","?","M","M","E","R","E"],"build_version":"2019-01-23","purchased_purges":0,"victory":false,"max_hp_per_floor":[80,80,87,87,87,87,87,87],"card_choices":[{"not_picked":["Brutality","Impervious"],"picked":"Bludgeon","floor":0},{"not_picked":["Warcry","Intimidate","Fire Breathing"],"picked":"SKIP","floor":1},{"not_picked":["Perfected Strike","Clothesline"],"picked":"Battle Trance","floor":2},{"not_picked":["Blood for Blood","Body Slam"],"picked":"Evolve","floor":4},{"not_picked":["Bloodletting","Warcry"],"picked":"Shrug It Off","floor":5},{"not_picked":["Sever Soul","Sentinel"],"picked":"Headbutt","floor":6}],"player_experience":546713,"relics_obtained":[{"floor":6,"key":"Juzu Bracelet"}],"event_choices":[{"damage_healed":0,"gold_gain":0,"player_choice":"Success","damage_taken":3,"relics_obtained":["Strawberry"],"max_hp_gain":0,"max_hp_loss":0,"event_name":"Scrap Ooze","floor":3,"gold_loss":0}],"is_beta":false,"boss_relics":[],"items_purged_floors":[],"is_endless":false,"potions_floor_spawned":[5,6],"killed_by":"Gremlin Nob","ascension_level":11}