{"gold_per_floor":[111,111,11,11,27,27,27,45,69,91,118,118,39,52,52,153,153,169,184,99,24,34,34,60,60,86,86,111,129,129,129,129,226,226,238,60,1059,1059,1069,1081,350,350,427,427,443,455,470,502,502,502],"floor_reached":51,"playtime":2620,"items_purged":["Strike_R","Strike_R","Normality"],"score":1063,"play_id":"4299da2c-228e-455f-9e46-406438a65511","local_time":"20190409225243","is_ascension_mode":true,"campfire_choices":[{"data":"Uppercut","floor":6,"key":"SMITH"},{"data":"Armaments","floor":12,"key":"SMITH"},{"data":"Spot Weakness","floor":15,"key":"SMITH"},{"data":"Shockwave","floor":23,"key":"SMITH"},{"data":"Inflame","floor":27,"key":"SMITH"},{"data":"Defend_R","floor":30,"key":"SMITH"},{"data":"J.A.X.","floor":32,"key":"SMITH"},{"floor":42,"key":"RECALL"},{"data":"Defend_R","floor":44,"key":"SMITH"},{"data":"Limit Break","floor":49,"key":"SMITH"}],"neow_cost":"NONE","seed_source_timestamp":335393627500600,"circlet_count":0,"master_deck":["Strike_R","Strike_R","Strike_R","Defend_R","Defend_R+1","Defend_R+1","Defend_R+1","Bash+1","Shrug It Off+1","Armaments+1","Uppercut+1","Anger+1","Spot Weakness+1","Thunderclap+1","Inflame+1","Clothesline+1","Reaper+1","Metallicize+1","Flex+1","Shockwave+1","Cleave+1","Reaper+1","Uppercut+1","J.A.X.+1","Exhume+1","Rampage+1","Normality","Whirlwind+1","Disarm+1","Second Wind+1","Heavy Blade+1","Limit Break+1"],"relics":["Burning Blood","Pen Nib","Molten Egg 2","Bronze Scales","Odd Mushroom","Happy Flower","Velvet Choker","Gambling Chip","War Paint","Vajra","Self Forming Clay","Runic Pyramid","Lee\u0027s Waffle","Dodecahedron","Omamori","Gremlin Horn","PreservedInsect"],"potions_floor_usage":[10,14,22,24],"damage_taken":[{"damage":16,"enemies":"Small Slimes","floor":1,"turns":4},{"damage":0,"enemies":"Cultist","floor":5,"turns":4},{"damage":0,"enemies":"2 Louse","floor":8,"turns":3},{"damage":18,"enemies":"The Mushroom Lair","floor":10,"turns":4},{"damage":14,"enemies":"Lagavulin","floor":11,"turns":5},{"damage":14,"enemies":"Exordium Thugs","floor":14,"turns":4},{"damage":1,"enemies":"Slime Boss","floor":16,"turns":7},{"damage":0,"enemies":"Spheric Guardian","floor":18,"turns":3},{"damage":6,"enemies":"Shell Parasite","floor":19,"turns":3},{"damage":3,"enemies":"Snecko","floor":22,"turns":3},{"damage":28,"enemies":"Book of Stabbing","floor":24,"turns":4},{"damage":0,"enemies":"Gremlin Leader","floor":28,"turns":4},{"damage":5,"enemies":"Centurion and Healer","floor":29,"turns":5},{"damage":13,"enemies":"Champ","floor":33,"turns":9},{"damage":38,"enemies":"3 Darklings","floor":35,"turns":5},{"damage":16,"enemies":"Orb Walker","floor":39,"turns":5},{"damage":56,"enemies":"4 Shapes","floor":40,"turns":3},{"damage":41,"enemies":"Spire Growth","floor":45,"turns":5},{"damage":39,"enemies":"Maw","floor":46,"turns":8},{"damage":12,"enemies":"Writhing Mass","floor":47,"turns":5},{"damage":43,"enemies":"Giant Head","floor":48,"turns":7},{"damage":21,"enemies":"Time Eater","floor":50,"turns":8}],"seed_played":"346585617942002865","potions_obtained":[{"floor":8,"key":"Strength Potion"},{"floor":11,"key":"SkillPotion"},{"floor":18,"key":"AttackPotion"},{"floor":22,"key":"Poison Potion"},{"floor":29,"key":"LiquidBronze"},{"floor":35,"key":"EssenceOfSteel"},{"floor":39,"key":"BloodPotion"}],"is_trial":false,"path_per_floor":["M","?","$","?","M","R","T","M","T","?","E","R","$","M","R","B",null,"M","M","?","$","M","R","E","?","T","R","E","M","R","?","R","B",null,"M","$","?","?","M","M","$","R","T","R","M","M","M","E","R","B",null],"character_chosen":"IRONCLAD","items_purchased":["Armaments","Inflame","Shockwave","Rampage+1","Lee\u0027s Waffle","Dodecahedron","Omamori"],"campfire_rested":0,"item_purchase_floors":[3,13,21,36,41,41,41],"current_hp_per_floor":[70,70,70,58,64,64,64,70,70,58,50,50,50,42,42,47,78,84,84,84,84,88,88,66,66,66,66,88,88,88,88,88,81,86,88,88,88,88,88,43,95,95,95,95,81,84,95,95,95,95],"gold":502,"neow_bonus":"TEN_PERCENT_HP_BONUS","is_prod":false,"is_daily":false,"chose_seed":false,"campfire_upgraded":9,"win_rate":0,"timestamp":1554843163,"path_taken":["M","?","?","?","M","R","?","?","T","?","E","R","$","M","R","BOSS","M","M","?","$","M","R","E","?","T","R","E","?","R","?","R","BOSS","M","$","?","?","M","M","$","R","T","R","M","?","M","E","R","BOSS"],"build_version":"2019-01-23","purchased_purges":3,"victory":true,"max_hp_per_floor":[88,88,88,88,88,88,88,88,88,88,88,88,88,88,88,88,88,88,88,88,88,88,88,88,88,88,88,88,88,88,88,88,88,88,88,88,88,88,88,88,95,95,95,95,95,95,95,95,95,95],"card_choices":[{"not_picked":["Body Slam","Anger"],"picked":"Shrug It Off","floor":1},{"not_picked":["Shrug It Off","Clash"],"picked":"Uppercut","floor":5},{"not_picked":["Exhume","Ghostly Armor"],"picked":"Anger+1","floor":8},{"not_picked":["Clash+1","Havoc"],"picked":"Spot Weakness","floor":10},{"not_picked":["Wild Strike+1","Blood for Blood+1"],"picked":"Thunderclap+1","floor":11},{"not_picked":["Armaments","Flex"],"picked":"Clothesline+1","floor":14},{"not_picked":["Offering","Barricade"],"picked":"Reaper+1","floor":16},{"not_picked":["Havoc","Dual Wield"],"picked":"Metallicize+1","floor":18},{"not_picked":["Pummel+1","Ghostly Armor"],"picked":"Flex+1","floor":19},{"not_picked":["True Grit","Pommel Strike+1","Clothesline+1"],"picked":"SKIP","floor":22},{"not_picked":["Searing Blow+1","Flex"],"picked":"Cleave+1","floor":24},{"not_picked":["Wild Strike+1","Cleave+1","Dropkick+1"],"picked":"SKIP","floor":28},{"not_picked":["Anger+1","Rupture+1"],"picked":"Uppercut+1","floor":29},{"not_picked":["Berserk","Impervious"],"picked":"Exhume","floor":33},{"not_picked":["Perfected Strike+1","Headbutt+1","Twin Strike+1"],"picked":"SKIP","floor":35},{"not_picked":["Sword Boomerang+1","Iron Wave+1"],"picked":"Whirlwind+1","floor":39},{"not_picked":["True Grit","Body Slam+1","Battle Trance"],"picked":"SKIP","floor":40},{"not_picked":["Uppercut+1","Ghostly Armor"],"picked":"Disarm+1","floor":45},{"not_picked":["Clothesline+1","Feed+1"],"picked":"Second Wind+1","floor":46},{"not_picked":["Ghostly Armor+1","Clothesline+1"],"picked":"Heavy Blade+1","floor":47},{"not_picked":["Sever Soul+1","Clash+1"],"picked":"Limit Break","floor":48}],"player_experience":584282,"relics_obtained":[{"floor":7,"key":"Molten Egg 2"},{"floor":9,"key":"Bronze Scales"},{"floor":10,"key":"Odd Mushroom"},{"floor":11,"key":"Happy Flower"},{"floor":24,"key":"War Paint"},{"floor":26,"key":"Vajra"},{"floor":28,"key":"Self Forming Clay"},{"floor":43,"key":"Gremlin Horn"},{"floor":48,"key":"PreservedInsect"}],"event_choices":[{"damage_healed":0,"gold_gain":0,"player_choice":"Upgraded","damage_taken":0,"max_hp_gain":0,"max_hp_loss":0,"event_name":"Upgrade Shrine","floor":2,"gold_loss":0,"cards_upgraded":["Bash"]},{"damage_healed":0,"gold_gain":0,"player_choice":"Success","damage_taken":12,"relics_obtained":["Pen Nib"],"max_hp_gain":0,"max_hp_loss":0,"event_name":"Scrap Ooze","floor":4,"gold_loss":0},{"damage_healed":0,"gold_gain":0,"player_choice":"Fought Mushrooms","damage_taken":0,"max_hp_gain":0,"max_hp_loss":0,"event_name":"Mushrooms","floor":10,"gold_loss":0},{"damage_healed":0,"gold_gain":0,"player_choice":"Obtained Relic","damage_taken":0,"relics_obtained":["Gambling Chip"],"max_hp_gain":0,"max_hp_loss":0,"event_name":"Addict","floor":20,"gold_loss":85},{"damage_healed":0,"gold_gain":0,"player_choice":"Copied","damage_taken":0,"max_hp_gain":0,"max_hp_loss":0,"event_name":"Duplicator","floor":25,"gold_loss":0,"cards_obtained":["Reaper"]},{"damage_healed":0,"gold_gain":0,"player_choice":"Obtain J.A.X.","damage_taken":0,"max_hp_gain":0,"max_hp_loss":0,"event_name":"Drug Dealer","floor":31,"gold_loss":0,"cards_obtained":["J.A.X."]},{"damage_healed":0,"gold_gain":999,"player_choice":"Gold","damage_taken":0,"max_hp_gain":0,"max_hp_loss":0,"event_name":"MindBloom","floor":37,"gold_loss":0,"cards_obtained":["Normality","Normality"]},{"damage_healed":0,"gold_gain":0,"player_choice":"Forge","damage_taken":0,"max_hp_gain":0,"max_hp_loss":0,"event_name":"Accursed Blacksmith","floor":38,"gold_loss":0,"cards_upgraded":["Exhume"]}],"is_beta":false,"boss_relics":[{"not_picked":["Black Blood","Sozu"],"picked":"Velvet Choker"},{"not_picked":["Pandora\u0027s Box","Philosopher\u0027s Stone"],"picked":"Runic Pyramid"}],"items_purged_floors":[3,36,41],"is_endless":false,"potions_floor_spawned":[8,11,18,22,29,35,39,46],"ascension_level":7}