{"gold_per_floor":[112,128,78,88,100,100,125,125,125,135,135,162,162,177,177,275,275,287,298,298,298,315,341,341,361,361,374,374,401,61,86,86,185,185,202,202,213,231,241,274,274,305,377,377,429,429,6,20,20,20],"floor_reached":51,"playtime":3639,"items_purged":[],"score":1049,"play_id":"735b7ae2-d87e-4869-94fc-bcde4f5f7ba7","local_time":"20190331232400","is_ascension_mode":true,"campfire_choices":[{"data":"Doom and Gloom","floor":6.0,"key":"SMITH"},{"data":"Self Repair","floor":8.0,"key":"SMITH"},{"data":"Dualcast","floor":15.0,"key":"SMITH"},{"floor":24.0,"key":"REST"},{"floor":28.0,"key":"REST"},{"floor":32.0,"key":"REST"},{"data":"White Noise","floor":41.0,"key":"SMITH"},{"floor":46.0,"key":"REST"},{"data":"Capacitor","floor":49.0,"key":"SMITH"}],"neow_cost":"CURSE","seed_source_timestamp":214140880772799,"circlet_count":0,"master_deck":["Strike_B","Strike_B","Strike_B","Strike_B","Defend_B","Defend_B","Defend_B+1","Defend_B+1","Zap","Dualcast+1","Self Repair+1","Doom and Gloom+1","White Noise+1","Ball Lightning","White Noise+1","Coolheaded+1","Seek+1","Electrodynamics","Coolheaded+1","Loop+1","Coolheaded+1","Hologram+1","Leap+1","Leap+1","Force Field+1","Capacitor+1","Seek+1","Redo+1","White Noise+1","Streamline+1","Leap+1","Self Repair","Redo+1"],"special_seed":0,"relics":["Cracked Core","FossilizedHelix","Toxic Egg 2","Bottled Flame","Art of War","Philosopher\u0027s Stone","Turnip","Mercury Hourglass","Mummified Hand","Bronze Scales","Strawberry","Black Star","Bag of Preparation","Juzu Bracelet","Boot","Anchor","Symbiotic Virus","Dead Branch","Bag of Marbles","War Paint"],"potions_floor_usage":[50,50],"damage_taken":[{"damage":11.0,"enemies":"Jaw Worm","floor":1.0,"turns":4.0},{"damage":0.0,"enemies":"Small Slimes","floor":2.0,"turns":3.0},{"damage":0.0,"enemies":"Cultist","floor":4.0,"turns":3.0},{"damage":22.0,"enemies":"Lots of Slimes","floor":5.0,"turns":3.0},{"damage":0.0,"enemies":"Gremlin Nob","floor":7.0,"turns":3.0},{"damage":0.0,"enemies":"Blue Slaver","floor":10.0,"turns":2.0},{"damage":0.0,"enemies":"Lagavulin","floor":12.0,"turns":3.0},{"damage":0.0,"enemies":"Gremlin Gang","floor":14.0,"turns":1.0},{"damage":46.0,"enemies":"The Guardian","floor":16.0,"turns":10.0},{"damage":10.0,"enemies":"3 Byrds","floor":18.0,"turns":2.0},{"damage":12.0,"enemies":"2 Thieves","floor":19.0,"turns":3.0},{"damage":9.0,"enemies":"Snake Plant","floor":22.0,"turns":3.0},{"damage":41.0,"enemies":"Slavers","floor":23.0,"turns":3.0},{"damage":8.0,"enemies":"Cultist and Chosen","floor":25.0,"turns":4.0},{"damage":21.0,"enemies":"Shelled Parasite and Fungi","floor":27.0,"turns":4.0},{"damage":46.0,"enemies":"Book of Stabbing","floor":29.0,"turns":5.0},{"damage":0.0,"enemies":"Champ","floor":33.0,"turns":8.0},{"damage":0.0,"enemies":"3 Shapes","floor":35.0,"turns":3.0},{"damage":0.0,"enemies":"Orb Walker","floor":37.0,"turns":2.0},{"damage":0.0,"enemies":"Sphere and 2 Shapes","floor":38.0,"turns":3.0},{"damage":3.0,"enemies":"Spire Growth","floor":39.0,"turns":4.0},{"damage":19.0,"enemies":"Nemesis","floor":40.0,"turns":5.0},{"damage":69.0,"enemies":"Giant Head","floor":42.0,"turns":9.0},{"damage":0.0,"enemies":"2 Orb Walkers","floor":45.0,"turns":4.0},{"damage":0.0,"enemies":"Maw","floor":48.0,"turns":6.0},{"damage":60,"enemies":"Awakened One","floor":50,"turns":8}],"seed_played":"8147713524908661184","potions_obtained":[{"floor":2.0,"key":"Poison Potion"},{"floor":7.0,"key":"LiquidBronze"},{"floor":10.0,"key":"FocusPotion"},{"floor":16.0,"key":"PowerPotion"},{"floor":22.0,"key":"Ancient Potion"},{"floor":23.0,"key":"Regen Potion"},{"floor":25.0,"key":"Energy Potion"},{"floor":35.0,"key":"FearPotion"},{"floor":37.0,"key":"EssenceOfSteel"},{"floor":39.0,"key":"Fire Potion"}],"is_trial":false,"path_per_floor":["M","M","?","M","M","R","E","R","T","M","$","E","?","M","R","B",null,"M","M","?","?","M","E","R","M","T","M","R","E","$","T","R","B",null,"M","?","M","M","M","E","R","E","T","?","?","R","$","M","R","B",null],"character_chosen":"DEFECT","items_purchased":["Bronze Scales","Leap+1","Force Field+1","Capacitor","PowerPotion","Bag of Marbles","War Paint","Self Repair"],"campfire_rested":4,"item_purchase_floors":[30,30,30,30,47,47,47,47],"current_hp_per_floor":[57,64,64,71,56,56,56,56,56,56,56,66,71,71,71,35,69,69,67,52,52,53,22,47,61,61,50,75,39,39,46,73,83,90,90,90,92,92,92,83,83,24,24,24,34,60,60,77,77,34],"gold":20,"neow_bonus":"ONE_RARE_RELIC","is_prod":false,"is_daily":false,"chose_seed":false,"campfire_upgraded":5,"win_rate":0,"timestamp":1554092640,"path_taken":["M","M","?","M","M","R","E","R","T","M","?","E","?","M","R","BOSS","M","M","?","?","M","E","R","?","T","M","R","E","$","?","R","BOSS","M","?","M","?","M","E","R","E","T","?","?","R","$","M","R","BOSS"],"build_version":"2019-01-23","purchased_purges":0,"victory":true,"max_hp_per_floor":[75,75,75,75,75,75,75,75,75,75,75,75,80,80,80,80,80,80,80,85,85,85,85,85,85,85,85,85,85,85,92,92,92,92,92,92,92,92,92,92,92,92,92,87,87,87,87,87,87,87],"card_choices":[{"not_picked":["Turbo","Stack"],"picked":"Self Repair","floor":1.0},{"not_picked":["Double Energy","Stack"],"picked":"Doom and Gloom","floor":2.0},{"not_picked":["Fusion","Rebound","Compile Driver"],"picked":"SKIP","floor":4.0},{"not_picked":["Compile Driver","Conserve Battery"],"picked":"White Noise","floor":5.0},{"not_picked":["Compile Driver","Conserve Battery"],"picked":"Ball Lightning","floor":7.0},{"not_picked":["Lockon","Steam Power+1"],"picked":"White Noise+1","floor":10.0},{"not_picked":["Beam Cell","Barrage"],"picked":"Coolheaded+1","floor":12.0},{"not_picked":["Streamline","Ball Lightning"],"picked":"Seek+1","floor":14.0},{"not_picked":["Amplify+1","All For One"],"picked":"Electrodynamics","floor":16.0},{"not_picked":["Rebound","Compile Driver"],"picked":"Coolheaded+1","floor":18.0},{"not_picked":["Storm","Double Energy+1"],"picked":"Loop+1","floor":19.0},{"not_picked":["Rebound","Aggregate+1"],"picked":"Coolheaded+1","floor":22.0},{"not_picked":["Genetic Algorithm+1","Electrodynamics"],"picked":"Hologram+1","floor":23.0},{"not_picked":["Steam Power+1","Rip and Tear+1","Gash"],"picked":"SKIP","floor":25.0},{"not_picked":["Rebound","Stack+1","Fusion+1"],"picked":"SKIP","floor":27.0},{"not_picked":["Fusion+1","Hello World"],"picked":"Leap+1","floor":29.0},{"not_picked":["All For One","Creative AI"],"picked":"Seek+1","floor":33.0},{"not_picked":["Reinforced Body+1","Cold Snap+1"],"picked":"Redo+1","floor":35.0},{"not_picked":["Genetic Algorithm+1","Force Field+1"],"picked":"White Noise+1","floor":37.0},{"not_picked":["Compile Driver","Ball Lightning+1","Steam+1"],"picked":"SKIP","floor":38.0},{"not_picked":["Steam+1","Rebound"],"picked":"Streamline+1","floor":39.0},{"not_picked":["FTL","Undo+1","Rebound+1"],"picked":"SKIP","floor":40.0},{"not_picked":["Beam Cell+1","Rebound+1","Amplify+1"],"picked":"SKIP","floor":42.0},{"not_picked":["Hello World+1","Sweeping Beam+1"],"picked":"Leap+1","floor":45.0},{"not_picked":["Ball Lightning","Rebound+1"],"picked":"Redo+1","floor":48.0}],"player_experience":376177,"relics_obtained":[{"floor":7.0,"key":"Toxic Egg 2"},{"floor":9.0,"key":"Bottled Flame"},{"floor":12.0,"key":"Art of War"},{"floor":23.0,"key":"Turnip"},{"floor":26.0,"key":"Mercury Hourglass"},{"floor":29.0,"key":"Mummified Hand"},{"floor":31.0,"key":"Strawberry"},{"floor":40.0,"key":"Bag of Preparation"},{"floor":40.0,"key":"Juzu Bracelet"},{"floor":42.0,"key":"Boot"},{"floor":42.0,"key":"Anchor"},{"floor":43.0,"key":"Symbiotic Virus"},{"floor":45.0,"key":"Dead Branch"}],"event_choices":[{"cards_removed":["Normality"],"damage_healed":0.0,"max_hp_gain":0.0,"max_hp_loss":0.0,"gold_gain":0.0,"event_name":"The Cleric","player_choice":"Card Removal","floor":3.0,"gold_loss":50.0,"damage_taken":0.0},{"damage_healed":0.0,"max_hp_gain":5.0,"max_hp_loss":0.0,"gold_gain":0.0,"event_name":"Big Fish","player_choice":"Donut","floor":13.0,"gold_loss":0.0,"damage_taken":0.0},{"damage_healed":0.0,"max_hp_gain":5.0,"max_hp_loss":0.0,"gold_gain":0.0,"event_name":"Forgotten Altar","player_choice":"Shed Blood","floor":20.0,"gold_loss":0.0,"damage_taken":20.0},{"damage_healed":0.0,"max_hp_gain":0.0,"max_hp_loss":0.0,"gold_gain":0.0,"event_name":"N\u0027loth","player_choice":"Ignored","floor":21.0,"gold_loss":0.0,"damage_taken":0.0},{"damage_healed":0.0,"max_hp_gain":0.0,"max_hp_loss":0.0,"gold_gain":0.0,"event_name":"Match and Keep!","player_choice":"0 cards matched","floor":36.0,"gold_loss":0.0,"damage_taken":0.0,"cards_obtained":[]},{"damage_healed":0.0,"max_hp_gain":0.0,"max_hp_loss":5.0,"gold_gain":0.0,"event_name":"Winding Halls","player_choice":"Max HP","floor":44.0,"gold_loss":0.0,"damage_taken":0.0},{"damage_healed":0.0,"max_hp_gain":0.0,"max_hp_loss":0.0,"gold_gain":0.0,"event_name":"Mysterious Sphere","player_choice":"Fight","floor":45.0,"gold_loss":0.0,"damage_taken":0.0}],"is_beta":false,"boss_relics":[{"not_picked":["White Beast Statue","Ectoplasm"],"picked":"Philosopher\u0027s Stone"},{"not_picked":["Coffee Dripper","Runic Pyramid"],"picked":"Black Star"}],"items_purged_floors":[],"is_endless":false,"potions_floor_spawned":[2,7,10,16,22,23,25,35,37,39],"ascension_level":6}