{"gold_per_floor":[219,219,44,74,114,114,114,114,138,200,200,239,272,290,290,411,411,427,427,427,469,123,123,180,180,205,216,59,59,95,131,131,230,230,249,249,249,249,374,389,402,402,402,232,232,263,263,299,299,299],"floor_reached":51,"playtime":1859,"items_purged":["Strike_R","Strike_R","Normality"],"score":837,"play_id":"0aedc363-7da9-446d-9807-b730baba24f1","local_time":"20190104203202","is_ascension_mode":true,"campfire_choices":[{"data":"Shrug It Off","floor":6,"key":"SMITH"},{"data":"HandOfGreed","floor":8,"key":"SMITH"},{"data":"Armaments","floor":11,"key":"SMITH"},{"data":"Headbutt","floor":15,"key":"SMITH"},{"data":"Limit Break","floor":23,"key":"SMITH"},{"data":"Uppercut","floor":25,"key":"SMITH"},{"data":"Whirlwind","floor":29,"key":"SMITH"},{"data":"Inflame","floor":32,"key":"SMITH"},{"floor":42,"key":"REST"},{"floor":45,"key":"REST"},{"floor":47,"key":"REST"},{"floor":49,"key":"REST"}],"neow_cost":"NONE","seed_source_timestamp":384948204486200,"circlet_count":0,"master_deck":["Strike_R","Defend_R","Defend_R","Defend_R","Defend_R","Bash","Headbutt+1","HandOfGreed+1","Twin Strike","Shrug It Off+1","Armaments+1","Sword Boomerang","Limit Break+1","RitualDagger","Armaments+1","Uppercut+1","Heavy Blade+1","Parasite","Whirlwind+1","Inflame+1","Metallicize","Immolate","Blind","Secret Weapon","Madness","Madness","Flame Barrier","True Grit+1","Inflame","Spot Weakness","Seeing Red+1"],"relics":["Burning Blood","Boot","Pear","Cursed Key","Pen Nib","Sling","Matryoshka","Strawberry","Smiling Mask","Fusion Hammer","Charon\u0027s Ashes","Dodecahedron","Paper Frog","Ancient Tea Set"],"potions_floor_usage":[13,16,16,24,24,27,30,34,40,50],"damage_taken":[{"damage":8,"enemies":"2 Louse","floor":1,"turns":3},{"damage":9,"enemies":"Jaw Worm","floor":4,"turns":5},{"damage":1,"enemies":"Cultist","floor":5,"turns":3},{"damage":12,"enemies":"Exordium Wildlife","floor":10,"turns":3},{"damage":11,"enemies":"Exordium Thugs","floor":12,"turns":4},{"damage":23,"enemies":"Lagavulin","floor":13,"turns":6},{"damage":0,"enemies":"Large Slime","floor":14,"turns":3},{"damage":26,"enemies":"The Guardian","floor":16,"turns":11},{"damage":17,"enemies":"Spheric Guardian","floor":18,"turns":4},{"damage":3,"enemies":"Chosen","floor":21,"turns":4},{"damage":23,"enemies":"Slavers","floor":24,"turns":4},{"damage":14,"enemies":"Snake Plant","floor":27,"turns":4},{"damage":0,"enemies":"Sentry and Sphere","floor":30,"turns":3},{"damage":7,"enemies":"Centurion and Healer","floor":31,"turns":4},{"damage":24,"enemies":"Champ","floor":33,"turns":7},{"damage":12,"enemies":"3 Darklings","floor":35,"turns":3},{"damage":10,"enemies":"Mind Bloom Boss Battle","floor":39,"turns":7},{"damage":8,"enemies":"Orb Walker","floor":40,"turns":2},{"damage":27,"enemies":"Maw","floor":41,"turns":7},{"damage":19,"enemies":"Giant Head","floor":46,"turns":6},{"damage":26,"enemies":"Spire Growth","floor":48,"turns":3},{"damage":80,"enemies":"Donu and Deca","floor":50,"turns":7}],"seed_played":"-6919249194973318656","potions_obtained":[{"floor":1,"key":"Block Potion"},{"floor":5,"key":"Block Potion"},{"floor":12,"key":"Explosive Potion"},{"floor":14,"key":"AttackPotion"},{"floor":16,"key":"Fire Potion"},{"floor":18,"key":"LiquidBronze"},{"floor":24,"key":"Fruit Juice"},{"floor":33,"key":"Fruit Juice"},{"floor":39,"key":"PowerPotion"},{"floor":41,"key":"PowerPotion"},{"floor":48,"key":"GamblersBrew"}],"is_trial":false,"path_per_floor":["M","?","$","M","M","R","?","R","T","M","R","M","E","M","R","B",null,"M","?","?","M","$","R","E","R","T","M","$","R","M","M","R","B",null,"M","?","?","?","?","M","M","R","T","$","R","E","R","M","R","B",null],"character_chosen":"IRONCLAD","items_purchased":["HandOfGreed","Uppercut","Sling","Whirlwind","Inflame","Inflame","SteroidPotion"],"campfire_rested":4,"item_purchase_floors":[3,22,22,28,28,44,44],"current_hp_per_floor":[78,71,71,68,73,73,73,73,73,67,67,62,55,61,61,41,90,79,73,73,76,76,76,64,64,71,63,63,63,69,68,68,50,107,101,96,83,83,79,77,56,88,88,88,107,94,107,87,107,33],"gold":299,"neow_bonus":"HUNDRED_GOLD","is_prod":false,"is_daily":false,"chose_seed":false,"campfire_upgraded":8,"win_rate":0,"timestamp":1546630322,"path_taken":["M","?","$","M","M","R","?","R","T","?","R","M","E","M","R","BOSS","M","?","?","M","?","R","E","R","T","M","$","R","M","?","R","BOSS","M","?","?","?","?","?","M","R","T","$","R","E","R","M","R","BOSS"],"build_version":"2019-01-03v3","purchased_purges":3,"victory":true,"max_hp_per_floor":[80,80,80,80,80,80,80,80,80,80,80,80,90,90,90,90,90,90,90,90,90,90,90,95,95,102,102,102,102,102,102,102,102,107,107,107,107,107,107,107,107,107,107,107,107,107,107,107,107,107],"card_choices":[{"not_picked":["Thunderclap","Twin Strike"],"picked":"Headbutt","floor":1},{"not_picked":["Thunderclap","Body Slam"],"picked":"Twin Strike","floor":4},{"not_picked":["Armaments","Heavy Blade"],"picked":"Shrug It Off","floor":5},{"not_picked":["Warcry","Thunderclap"],"picked":"Armaments","floor":10},{"not_picked":["Headbutt","Perfected Strike"],"picked":"Sword Boomerang","floor":12},{"not_picked":["Wild Strike","Infernal Blade","Power Through"],"picked":"SKIP","floor":13},{"not_picked":["Disarm","Twin Strike","Ghostly Armor"],"picked":"SKIP","floor":14},{"not_picked":["Double Tap","Feed"],"picked":"Limit Break","floor":16},{"not_picked":["Wild Strike","Dual Wield","Body Slam+1"],"picked":"SKIP","floor":18},{"not_picked":["Anger+1","Sword Boomerang"],"picked":"Armaments+1","floor":21},{"not_picked":["Intimidate","Clash"],"picked":"Heavy Blade+1","floor":24},{"not_picked":["Searing Blow+1","Heavy Blade","Clothesline+1"],"picked":"SKIP","floor":27},{"not_picked":["Iron Wave","Pommel Strike","Armaments"],"picked":"SKIP","floor":30},{"not_picked":["Twin Strike","Double Tap"],"picked":"Metallicize","floor":31},{"not_picked":["Exhume","Limit Break"],"picked":"Immolate","floor":33},{"not_picked":["Seeing Red","Rampage+1","Clash+1"],"picked":"SKIP","floor":35},{"not_picked":["Dramatic Entrance","Madness"],"picked":"Blind","floor":36},{"not_picked":["PanicButton","Discovery"],"picked":"Secret Weapon","floor":36},{"not_picked":["Cleave","Rage"],"picked":"Flame Barrier","floor":39},{"not_picked":["Perfected Strike+1","Body Slam+1","Havoc+1"],"picked":"SKIP","floor":40},{"not_picked":["Searing Blow","Pommel Strike+1"],"picked":"True Grit+1","floor":41},{"not_picked":["Havoc+1","Pommel Strike"],"picked":"Spot Weakness","floor":46},{"not_picked":["Bloodletting","True Grit"],"picked":"Seeing Red+1","floor":48}],"player_experience":335132,"relics_obtained":[{"floor":9,"key":"Boot"},{"floor":13,"key":"Pear"},{"floor":24,"key":"Matryoshka"},{"floor":26,"key":"Strawberry"},{"floor":26,"key":"Smiling Mask"},{"floor":39,"key":"Charon\u0027s Ashes"},{"floor":43,"key":"Dodecahedron"},{"floor":43,"key":"Paper Frog"},{"floor":46,"key":"Ancient Tea Set"}],"event_choices":[{"cards_removed":["Strike_R"],"damage_healed":0,"gold_gain":0,"player_choice":"Card Removal","damage_taken":7,"max_hp_gain":0,"max_hp_loss":0,"event_name":"Golden Wing","floor":2,"gold_loss":0},{"cards_removed":["Strike_R"],"damage_healed":0,"gold_gain":0,"player_choice":"Purged","damage_taken":0,"max_hp_gain":0,"max_hp_loss":0,"event_name":"Purifier","floor":7,"gold_loss":0},{"damage_healed":0,"gold_gain":0,"player_choice":"Joined the Cult","damage_taken":6,"max_hp_gain":0,"max_hp_loss":0,"event_name":"Nest","floor":19,"gold_loss":0,"cards_obtained":["RitualDagger"]},{"damage_healed":0,"gold_gain":0,"player_choice":"Opened","damage_taken":0,"relics_obtained":["Pen Nib"],"max_hp_gain":0,"max_hp_loss":0,"event_name":"The Mausoleum","floor":20,"gold_loss":0},{"damage_healed":0,"gold_gain":0,"player_choice":"Memory 2","damage_taken":5,"max_hp_gain":0,"max_hp_loss":0,"event_name":"SensoryStone","floor":36,"gold_loss":0},{"damage_healed":0,"gold_gain":0,"player_choice":"Embrace Madness","damage_taken":13,"max_hp_gain":0,"max_hp_loss":0,"event_name":"Winding Halls","floor":37,"gold_loss":0,"cards_obtained":["Madness","Madness"]},{"damage_healed":0,"gold_gain":0,"player_choice":"Ignored","damage_taken":0,"max_hp_gain":0,"max_hp_loss":0,"event_name":"Tomb of Lord Red Mask","floor":38,"gold_loss":0},{"damage_healed":0,"gold_gain":0,"player_choice":"Fight","damage_taken":0,"max_hp_gain":0,"max_hp_loss":0,"event_name":"MindBloom","floor":39,"gold_loss":0}],"is_beta":false,"boss_relics":[{"not_picked":["Black Blood","Runic Dome"],"picked":"Cursed Key"},{"not_picked":["Coffee Dripper","Orrery"],"picked":"Fusion Hammer"}],"items_purged_floors":[22,28,44],"is_endless":false,"potions_floor_spawned":[1,5,12,14,16,18,24,33,39,41,48],"ascension_level":2}