{"gold_per_floor":[109,184,202,31,31,31,62,62,62,88,107,107,107,123,123,224,224,237,249,26,26,26,26,54,54,54,24,24,38,55,55,55,155,155,168,181,128,144,156,187,206,239,239,253,15,42,42,56,56,56],"floor_reached":51,"playtime":4045,"items_purged":["Normality"],"score":777,"play_id":"56b3ebdf-6551-4b30-a403-be95edc59e2e","local_time":"20181011172508","is_ascension_mode":true,"campfire_choices":[{"data":"Zap","floor":6,"key":"SMITH"},{"data":"Defragment","floor":8,"key":"SMITH"},{"floor":12,"key":"REST"},{"data":"White Noise","floor":15,"key":"SMITH"},{"floor":23,"key":"REST"},{"data":"Defragment","floor":25,"key":"SMITH"},{"data":"Defragment","floor":28,"key":"SMITH"},{"floor":32,"key":"REST"},{"data":"Buffer","floor":47,"key":"SMITH"},{"data":"Auto Shields","floor":49,"key":"SMITH"}],"neow_cost":"TEN_PERCENT_HP_LOSS","seed_source_timestamp":29232836032000,"circlet_count":0,"master_deck":["Zap+1","Dualcast","Barrage","Conserve Battery+1","Defragment+1","Leap","Tempest","White Noise+1","Reboot","Auto Shields+1","Ball Lightning","Leap","Defragment+1","Defragment+1","Consume+1","BootSequence+1","Buffer+1","Sweeping Beam","Leap","Recycle","Chill","Ball Lightning","Cold Snap","Go for the Eyes","Hello World+1","Self Repair","Conserve Battery+1","Redo+1","Chill+1","Reinforced Body+1"],"relics":["Cracked Core","Ginger","Oddly Smooth Stone","Regal Pillow","Peace Pipe","Juzu Bracelet","Calling Bell","Centennial Puzzle","Kunai","Calipers","Happy Flower","Lantern","Bronze Scales","Pandora\u0027s Box","Blood Vial","Boot","Omamori","Pocketwatch","Bottled Flame","The Courier"],"potions_floor_usage":[16,19,19,24,30,33,33,33,40,42,50,50,50],"damage_taken":[{"damage":1,"enemies":"Jaw Worm","floor":1,"turns":4},{"damage":0,"enemies":"Small Slimes","floor":3,"turns":2},{"damage":12,"enemies":"3 Sentries","floor":7,"turns":6},{"damage":8,"enemies":"Gremlin Nob","floor":10,"turns":4},{"damage":0,"enemies":"2 Louse","floor":11,"turns":3},{"damage":0,"enemies":"Looter","floor":14,"turns":3},{"damage":7,"enemies":"The Guardian","floor":16,"turns":10},{"damage":16,"enemies":"Shell Parasite","floor":18,"turns":7},{"damage":24,"enemies":"2 Thieves","floor":19,"turns":3},{"damage":22,"enemies":"Gremlin Leader","floor":24,"turns":6},{"damage":16,"enemies":"Centurion and Healer","floor":29,"turns":6},{"damage":11,"enemies":"Snake Plant","floor":30,"turns":4},{"damage":38,"enemies":"Collector","floor":33,"turns":8},{"damage":6,"enemies":"3 Darklings","floor":35,"turns":5},{"damage":11,"enemies":"3 Shapes","floor":36,"turns":3},{"damage":0,"enemies":"Sphere and 2 Shapes","floor":38,"turns":6},{"damage":0,"enemies":"3 Darklings","floor":39,"turns":6},{"damage":7,"enemies":"Nemesis","floor":40,"turns":7},{"damage":0,"enemies":"Reptomancer","floor":41,"turns":6},{"damage":0,"enemies":"Giant Head","floor":42,"turns":13},{"damage":0,"enemies":"4 Shapes","floor":44,"turns":4},{"damage":20,"enemies":"2 Orb Walkers","floor":46,"turns":8},{"damage":0,"enemies":"Sphere and 2 Shapes","floor":48,"turns":6},{"damage":19,"enemies":"Awakened One","floor":50,"turns":17}],"seed_played":"-4304084246052328451","potions_obtained":[{"floor":3,"key":"Weak Potion"},{"floor":7,"key":"Explosive Potion"},{"floor":11,"key":"Explosive Potion"},{"floor":16,"key":"SteroidPotion"},{"floor":24,"key":"Fire Potion"},{"floor":27,"key":"Fire Potion"},{"floor":27,"key":"Dexterity Potion"},{"floor":30,"key":"FocusPotion"},{"floor":33,"key":"FearPotion"},{"floor":36,"key":"Weak Potion"},{"floor":39,"key":"AttackPotion"},{"floor":41,"key":"SteroidPotion"},{"floor":42,"key":"EssenceOfSteel"},{"floor":46,"key":"Poison Potion"}],"is_trial":false,"path_per_floor":["M","?","M","$","?","R","E","R","T","E","M","R","?","M","R","B",null,"M","M","$","?","?","R","E","R","T","?","R","M","M","?","R","B",null,"M","M","?","M","M","E","M","E","T","M","$","E","R","M","R","B"],"character_chosen":"DEFECT","items_purchased":["Oddly Smooth Stone","Conserve Battery","Ball Lightning","Leap","Defragment","Bottled Flame"],"campfire_rested":3,"item_purchase_floors":[4,4,20,20,20,45],"current_hp_per_floor":[67,56,56,56,42,42,30,30,30,22,22,57,50,50,50,43,68,52,28,28,28,28,63,41,41,41,41,41,25,14,14,49,11,68,62,51,51,60,68,68,68,68,68,68,68,48,48,57,57,47],"gold":56,"neow_bonus":"ONE_RARE_RELIC","is_prod":false,"is_daily":false,"chose_seed":false,"campfire_upgraded":7,"win_rate":0,"timestamp":1539271508,"path_taken":["M","?","M","$","?","R","E","R","T","E","M","R","?","M","R","BOSS","M","M","$","?","?","R","E","R","T","?","R","M","M","?","R","BOSS","M","M","?","M","M","E","M","E","T","M","$","E","R","M","R","BOSS"],"build_version":"2018-10-04v2","purchased_purges":1,"victory":true,"max_hp_per_floor":[68,68,68,68,68,68,68,68,68,68,68,68,68,68,68,68,68,68,68,68,68,68,68,68,68,68,68,68,68,68,68,68,68,68,68,68,68,68,68,68,68,68,68,68,68,68,68,68,68,68],"card_choices":[{"not_picked":["Cold Snap","Sweeping Beam"],"picked":"Barrage","floor":1},{"not_picked":["Hologram","Go for the Eyes","Rip and Tear"],"picked":"SKIP","floor":3},{"not_picked":["Glacier","Static Discharge"],"picked":"Defragment","floor":7},{"not_picked":["Cold Snap","Gash"],"picked":"Leap","floor":10},{"not_picked":["Fusion","Leap"],"picked":"Tempest","floor":11},{"not_picked":["Go for the Eyes","Scrape"],"picked":"White Noise","floor":14},{"not_picked":["Fission","Hyperbeam"],"picked":"Reboot","floor":16},{"not_picked":["Steam","Barrage","Capacitor"],"picked":"SKIP","floor":18},{"not_picked":["Coolheaded+1","Machine Learning"],"picked":"Auto Shields","floor":19},{"not_picked":["Streamline","Rebound"],"picked":"Defragment","floor":24},{"not_picked":["Chill","Auto Shields"],"picked":"Consume+1","floor":29},{"not_picked":["Hologram","Double Energy"],"picked":"BootSequence+1","floor":30},{"not_picked":["Echo Form","Reboot"],"picked":"Buffer","floor":33},{"not_picked":["Melter+1","Doom and Gloom+1"],"picked":"Hello World+1","floor":35},{"not_picked":["Beam Cell+1","Leap"],"picked":"Self Repair","floor":36},{"not_picked":["Compile Driver+1","Biased Cognition"],"picked":"Conserve Battery+1","floor":38},{"not_picked":["Beam Cell+1","Streamline+1"],"picked":"Redo+1","floor":39},{"not_picked":["Redo","Doom and Gloom"],"picked":"Chill+1","floor":40},{"not_picked":["Compile Driver","Cold Snap+1","Turbo"],"picked":"SKIP","floor":41},{"not_picked":["Compile Driver","Cold Snap+1","Turbo"],"picked":"SKIP","floor":41},{"not_picked":["Rebound+1","Heatsinks","Streamline"],"picked":"SKIP","floor":42},{"not_picked":["Cold Snap+1","Loop"],"picked":"Reinforced Body+1","floor":44},{"not_picked":["Heatsinks+1","Turbo","Multi-Cast"],"picked":"SKIP","floor":46},{"not_picked":["Self Repair+1","Ball Lightning","Streamline"],"picked":"SKIP","floor":48}],"player_experience":119762,"relics_obtained":[{"floor":7,"key":"Regal Pillow"},{"floor":9,"key":"Peace Pipe"},{"floor":10,"key":"Juzu Bracelet"},{"floor":17,"key":"Centennial Puzzle"},{"floor":17,"key":"Kunai"},{"floor":17,"key":"Calipers"},{"floor":24,"key":"Happy Flower"},{"floor":26,"key":"Lantern"},{"floor":40,"key":"Boot"},{"floor":42,"key":"Omamori"},{"floor":43,"key":"Pocketwatch"},{"floor":46,"key":"The Courier"}],"event_choices":[{"event_name":"World of Goop","player_choice":"Gather Gold","floor":2,"damage_taken":0},{"event_name":"Shining Light","player_choice":"Entered Light","floor":5,"damage_taken":0},{"event_name":"Golden Wing","player_choice":"Card Removal","floor":13,"damage_taken":0},{"event_name":"Beggar","player_choice":"Ignored","floor":21,"damage_taken":0},{"event_name":"Fountain of Cleansing","player_choice":"Removed Curse","floor":22,"damage_taken":0},{"event_name":"The Woman in Blue","player_choice":"Bought 2 Potions","floor":27,"damage_taken":0},{"event_name":"The Mausoleum","player_choice":"Yes","floor":31,"damage_taken":0},{"event_name":"WeMeetAgain","player_choice":"Gold","floor":37,"damage_taken":0}],"is_beta":false,"boss_relics":[{"not_picked":["Eternal Feather","Tiny House"],"picked":"Calling Bell"},{"not_picked":["FrozenCore","Black Star"],"picked":"Pandora\u0027s Box"}],"items_purged_floors":[20],"is_endless":false,"potions_floor_spawned":[3,7,11,16,24,30,33,36,39,41,42,46],"ascension_level":1}