{"gold_per_floor":[114,131,150,150,2,2,15,15,61,91,166,16,27,37,37,134,134,150,68,68,82,95,95,130,130,212,242,64,80,80,96,96,191,191,207,168,168,168,89,124,124,143,143,243,343,372,388,406,406,406],"floor_reached":51,"playtime":3950,"items_purged":["Strike_G","Pain"],"score":939,"play_id":"697e7be6-e019-404f-b30f-6d9f3c927bc7","local_time":"20190318230911","is_ascension_mode":true,"campfire_choices":[{"data":"Noxious Fumes","floor":6,"key":"SMITH"},{"data":"Footwork","floor":8,"key":"SMITH"},{"data":"Dodge and Roll","floor":15,"key":"SMITH"},{"data":"Backstab","floor":23,"key":"SMITH"},{"data":"Deadly Poison","floor":25,"key":"SMITH"},{"data":"Escape Plan","floor":32,"key":"SMITH"},{"floor":41,"key":"REST"},{"floor":49,"key":"RECALL"}],"neow_cost":"NONE","seed_source_timestamp":186789573821000,"circlet_count":0,"master_deck":["Defend_G+1","Defend_G+1","Defend_G+1","Defend_G+1","Defend_G+1","Strike_G+1","Survivor","Neutralize+1","Footwork+1","Deadly Poison+1","Poisoned Stab","Dodge and Roll+1","Noxious Fumes+1","Dash","Backstab+1","Adrenaline","Escape Plan+1","Crippling Poison","Blur","A Thousand Cuts","Backstab","Well Laid Plans","Predator","Wraith Form v2","PiercingWail+1","Backstab+1","Infinite Blades","Endless Agony+1","Leg Sweep","Footwork+1","After Image","Blade Dance+1","Accuracy","Burst","Crippling Poison","Finesse","Footwork","Acrobatics+1","Shame","Blade Dance+1","Distraction+1","Dagger Spray+1","Poisoned Stab+1"],"relics":["Ring of the Snake","Pen Nib","Oddly Smooth Stone","Cursed Key","Shuriken","Molten Egg 2","Bottled Lightning","Fusion Hammer","Du-Vu Doll","Ornamental Fan","Torii","Blue Candle"],"potions_floor_usage":[10,22,31,50],"damage_taken":[{"damage":0,"enemies":"Cultist","floor":1,"turns":4},{"damage":0,"enemies":"2 Louse","floor":2,"turns":6},{"damage":1,"enemies":"Jaw Worm","floor":3,"turns":4},{"damage":1,"enemies":"Exordium Wildlife","floor":7,"turns":4},{"damage":15,"enemies":"Lagavulin","floor":10,"turns":7},{"damage":0,"enemies":"Looter","floor":13,"turns":3},{"damage":0,"enemies":"Red Slaver","floor":14,"turns":3},{"damage":2,"enemies":"Hexaghost","floor":16,"turns":9},{"damage":0,"enemies":"Chosen","floor":18,"turns":5},{"damage":0,"enemies":"Shell Parasite","floor":21,"turns":5},{"damage":3,"enemies":"Centurion and Healer","floor":22,"turns":6},{"damage":0,"enemies":"Book of Stabbing","floor":24,"turns":7},{"damage":3,"enemies":"Gremlin Leader","floor":27,"turns":6},{"damage":9,"enemies":"Snake Plant","floor":29,"turns":3},{"damage":0,"enemies":"Sentry and Sphere","floor":31,"turns":4},{"damage":0,"enemies":"Champ","floor":33,"turns":13},{"damage":0,"enemies":"3 Shapes","floor":35,"turns":5},{"damage":7,"enemies":"Nemesis","floor":40,"turns":7},{"damage":4,"enemies":"Orb Walker","floor":42,"turns":4},{"damage":0,"enemies":"Mind Bloom Boss Battle","floor":44,"turns":4},{"damage":1,"enemies":"Giant Head","floor":46,"turns":8},{"damage":0,"enemies":"Jaw Worm Horde","floor":47,"turns":4},{"damage":0,"enemies":"Transient","floor":48,"turns":5},{"damage":15,"enemies":"Awakened One","floor":50,"turns":10}],"seed_played":"8603036839081240195","potions_obtained":[{"floor":1,"key":"Swift Potion"},{"floor":7,"key":"EssenceOfSteel"},{"floor":13,"key":"Block Potion"},{"floor":16,"key":"Fire Potion"},{"floor":18,"key":"AttackPotion"},{"floor":24,"key":"Energy Potion"},{"floor":33,"key":"Energy Potion"},{"floor":42,"key":"Explosive Potion"},{"floor":44,"key":"FairyPotion"}],"is_trial":false,"path_per_floor":["M","M","M","?","$","R","M","R","T","E","?","$","M","M","R","B",null,"M","$","?","M","M","R","E","R","T","E","$","M","?","M","R","B",null,"M","$","?","?","$","E","R","M","T","?","?","E","M","M","R","B",null],"character_chosen":"THE_SILENT","items_purchased":["Noxious Fumes","Dash","Escape Plan","Well Laid Plans","Endless Agony+1","Accuracy","Footwork"],"campfire_rested":1,"item_purchase_floors":[5,5,12,19,28,36,39],"current_hp_per_floor":[70,70,69,69,69,69,68,68,68,53,46,46,46,46,46,44,70,70,70,70,70,67,67,67,67,67,64,64,55,55,55,55,55,70,70,70,66,66,66,59,66,62,62,62,62,61,61,61,61,46],"gold":406,"neow_bonus":"UPGRADE_CARD","is_prod":false,"is_daily":false,"chose_seed":false,"campfire_upgraded":6,"win_rate":0,"timestamp":1552946951,"path_taken":["M","M","M","?","$","R","M","R","T","E","?","$","M","M","R","BOSS","M","$","?","M","M","R","E","R","T","E","$","M","?","M","R","BOSS","M","$","?","?","$","E","R","?","T","?","?","E","M","M","R","BOSS"],"build_version":"2019-01-23","purchased_purges":2,"victory":true,"max_hp_per_floor":[70,70,70,70,70,70,70,70,70,70,70,70,70,70,70,70,70,70,70,70,70,70,70,70,70,70,70,70,70,70,70,70,70,70,70,70,66,66,66,66,66,66,66,66,66,66,66,66,66,66],"card_choices":[{"not_picked":["Dodge and Roll","Flying Knee"],"picked":"Footwork","floor":1},{"not_picked":["Bane","Concentrate"],"picked":"Deadly Poison","floor":2},{"not_picked":["Blade Dance","Underhanded Strike"],"picked":"Poisoned Stab","floor":3},{"not_picked":["Deadly Poison","Blade Dance"],"picked":"Backstab","floor":7},{"not_picked":["Deadly Poison","Tactician"],"picked":"Adrenaline","floor":10},{"not_picked":["Masterful Stab","Caltrops"],"picked":"Crippling Poison","floor":13},{"not_picked":["Dagger Spray","Blade Dance"],"picked":"Blur","floor":14},{"not_picked":["Storm of Steel","Grand Finale"],"picked":"A Thousand Cuts","floor":16},{"not_picked":["Quick Slash","PiercingWail"],"picked":"Backstab","floor":18},{"not_picked":["Poisoned Stab","Acrobatics+1"],"picked":"PiercingWail+1","floor":21},{"not_picked":["Blade Dance","PiercingWail"],"picked":"Backstab+1","floor":22},{"not_picked":["Underhanded Strike","Bullet Time","Cloak And Dagger"],"picked":"SKIP","floor":24},{"not_picked":["Setup","Quick Slash+1"],"picked":"Infinite Blades","floor":27},{"not_picked":["Flying Knee+1","Quick Slash+1"],"picked":"Leg Sweep","floor":29},{"not_picked":["Riddle With Holes+1","PiercingWail+1"],"picked":"Footwork+1","floor":31},{"not_picked":["Doppelganger","Wraith Form v2"],"picked":"After Image","floor":33},{"not_picked":["Sucker Punch+1","Eviscerate+1"],"picked":"Blade Dance+1","floor":35},{"not_picked":["Poisoned Stab+1","Deflect"],"picked":"Acrobatics+1","floor":40},{"not_picked":["Quick Slash+1","PiercingWail+1","Dodge and Roll"],"picked":"SKIP","floor":42},{"not_picked":["Dodge and Roll+1","Bane+1"],"picked":"Blade Dance+1","floor":44},{"not_picked":["Blade Dance","Heel Hook+1"],"picked":"Distraction+1","floor":46},{"not_picked":["Expertise+1","Deadly Poison+1"],"picked":"Dagger Spray+1","floor":47},{"not_picked":["Acrobatics+1","Bane+1"],"picked":"Poisoned Stab+1","floor":48}],"player_experience":403247,"relics_obtained":[{"floor":9,"key":"Pen Nib"},{"floor":10,"key":"Oddly Smooth Stone"},{"floor":24,"key":"Shuriken"},{"floor":26,"key":"Molten Egg 2"},{"floor":27,"key":"Bottled Lightning"},{"floor":40,"key":"Du-Vu Doll"},{"floor":43,"key":"Ornamental Fan"},{"floor":44,"key":"Torii"},{"floor":46,"key":"Blue Candle"}],"event_choices":[{"damage_healed":0,"gold_gain":0,"cards_transformed":["Strike_G"],"player_choice":"Change","damage_taken":0,"max_hp_gain":0,"max_hp_loss":0,"event_name":"Living Wall","floor":4,"gold_loss":0,"cards_obtained":["Dodge and Roll"]},{"damage_healed":0,"gold_gain":75,"player_choice":"Touch","damage_taken":7,"max_hp_gain":0,"max_hp_loss":0,"event_name":"FaceTrader","floor":11,"gold_loss":0},{"damage_healed":0,"gold_gain":0,"cards_transformed":["Strike_G","Strike_G"],"player_choice":"Became Test Subject","damage_taken":0,"max_hp_gain":0,"max_hp_loss":0,"event_name":"Drug Dealer","floor":20,"gold_loss":0,"cards_obtained":["Predator","Wraith Form v2"]},{"damage_healed":0,"gold_gain":0,"player_choice":"Simplicity","damage_taken":0,"max_hp_gain":0,"max_hp_loss":0,"event_name":"Back to Basics","floor":30,"gold_loss":0,"cards_upgraded":["Defend_G","Defend_G","Defend_G","Defend_G","Defend_G","Strike_G"]},{"damage_healed":0,"gold_gain":0,"player_choice":"Max HP","damage_taken":0,"max_hp_gain":0,"max_hp_loss":4,"event_name":"Winding Halls","floor":37,"gold_loss":0},{"damage_healed":0,"gold_gain":0,"player_choice":"3 cards matched","damage_taken":0,"max_hp_gain":0,"max_hp_loss":0,"event_name":"Match and Keep!","floor":38,"gold_loss":0,"cards_obtained":["Burst","Crippling Poison","Finesse"]},{"damage_healed":0,"gold_gain":0,"player_choice":"Fight","damage_taken":0,"max_hp_gain":0,"max_hp_loss":0,"event_name":"MindBloom","floor":44,"gold_loss":0},{"damage_healed":0,"gold_gain":100,"player_choice":"Pray","damage_taken":0,"max_hp_gain":0,"max_hp_loss":0,"event_name":"Golden Shrine","floor":45,"gold_loss":0}],"is_beta":false,"boss_relics":[{"not_picked":["Black Star","Sozu"],"picked":"Cursed Key"},{"not_picked":["Calling Bell","Lizard Tail"],"picked":"Fusion Hammer"}],"items_purged_floors":[12,28],"is_endless":false,"potions_floor_spawned":[1,7,13,16,18,24,27,29,33,42,44,46,48],"ascension_level":3}