{"gold_per_floor":[110,127,0,0,0,13,23,57,57,57,81,94,108,13,13,114,114,133,233,252,252,264,264,274,274,274,290,290,290,305,29,29,29],"floor_reached":33,"playtime":3372,"items_purged":[],"score":274,"play_id":"f6b2ef48-84cb-43f9-8f30-56ffa8c5d32f","local_time":"20180922152538","is_ascension_mode":false,"campfire_choices":[{"data":"Backstab","floor":10,"key":"SMITH"},{"floor":15,"key":"REST"},{"floor":23,"key":"REST"},{"floor":29,"key":"REST"},{"floor":32,"key":"REST"}],"neow_cost":"","seed_source_timestamp":27041685491072,"circlet_count":0,"master_deck":["Defend_G","Defend_G","Defend_G","Defend_G","Defend_G","Strike_G","Strike_G","Strike_G","Strike_G","Strike_G","Survivor","Neutralize","Deadly Poison","Prepared","Infinite Blades","Dagger Spray","Blade Dance","Infinite Blades","Backstab+1","Slice","Bouncing Flask","Bane+1","PiercingWail","Bane+1","Endless Agony+1","After Image","Finisher+1","Sucker Punch+1","Dodge and Roll","Writhe","Catalyst","PiercingWail","Decay","Dagger Spray+1","PiercingWail","Infinite Blades"],"relics":["Ring of the Snake","Sundial","Molten Egg 2","Juzu Bracelet","WristBlade","Paper Crane","Happy Flower","Letter Opener","Nloth\u0027s Gift","Pantograph"],"potions_floor_usage":[8,24,30,33],"damage_taken":[{"damage":1,"enemies":"Cultist","floor":1,"turns":4},{"damage":4,"enemies":"Jaw Worm","floor":2,"turns":5},{"damage":0,"enemies":"2 Louse","floor":6,"turns":2},{"damage":1,"enemies":"2 Fungi Beasts","floor":7,"turns":2},{"damage":11,"enemies":"Lagavulin","floor":8,"turns":5},{"damage":5,"enemies":"Looter","floor":12,"turns":3},{"damage":4,"enemies":"Red Slaver","floor":13,"turns":2},{"damage":5,"enemies":"Slime Boss","floor":16,"turns":9},{"damage":13,"enemies":"Shell Parasite","floor":18,"turns":3},{"damage":7,"enemies":"Colosseum Slavers","floor":19,"turns":3},{"damage":27,"enemies":"Colosseum Nobs","floor":19,"turns":4},{"damage":5,"enemies":"Chosen","floor":20,"turns":3},{"damage":15,"enemies":"Snecko","floor":22,"turns":5},{"damage":11,"enemies":"Sentry and Sphere","floor":24,"turns":7},{"damage":6,"enemies":"Snake Plant","floor":27,"turns":4},{"damage":9,"enemies":"Centurion and Healer","floor":30,"turns":5},{"damage":105,"enemies":"Collector","floor":33,"turns":7}],"seed_played":"-7982384127827369928","potions_obtained":[{"floor":1,"key":"Poison Potion"},{"floor":8,"key":"SpeedPotion"},{"floor":16,"key":"GamblersBrew"},{"floor":20,"key":"Energy Potion"},{"floor":30,"key":"Regen Potion"}],"is_trial":false,"path_per_floor":["M","M","$","?","?","M","M","E","T","R","T","M","M","$","R","B",null,"M","?","M","?","M","R","M","?","T","M","?","R","M","$","R"],"character_chosen":"THE_SILENT","items_purchased":["Infinite Blades","Dagger Spray","Bane+1","Endless Agony+1","Infinite Blades","Pantograph"],"campfire_rested":4,"item_purchase_floors":[3,3,14,14,31,31],"current_hp_per_floor":[69,65,65,65,70,70,69,58,58,58,58,53,49,49,71,66,75,62,28,23,23,8,30,19,19,19,13,13,35,26,26,48,0],"gold":29,"neow_bonus":"","is_prod":false,"is_daily":false,"chose_seed":false,"campfire_upgraded":1,"win_rate":0.0,"timestamp":1537622738,"path_taken":["M","M","?","?","?","M","?","E","T","R","?","M","M","?","R","BOSS","M","?","M","?","M","R","M","?","T","M","?","R","M","$","R","BOSS"],"build_version":"2018-09-20","purchased_purges":0,"victory":false,"max_hp_per_floor":[70,70,70,70,75,75,75,75,75,75,75,75,75,75,75,75,75,75,75,75,75,75,75,75,75,75,75,75,75,75,75,75,75],"card_choices":[{"not_picked":["Riddle With Holes","Dagger Spray"],"picked":"Deadly Poison","floor":1},{"not_picked":["Calculated Gamble","Slice"],"picked":"Prepared","floor":2},{"not_picked":["Bane","Crippling Poison"],"picked":"Backstab","floor":6},{"not_picked":["Outmaneuver","Quick Slash"],"picked":"Slice","floor":7},{"not_picked":["Expertise","Prepared"],"picked":"Bouncing Flask","floor":8},{"not_picked":["Heel Hook+1","Underhanded Strike+1"],"picked":"Bane+1","floor":12},{"not_picked":["Skewer+1","Predator+1"],"picked":"PiercingWail","floor":13},{"not_picked":["Glass Knife+1","Phantasmal Killer"],"picked":"After Image","floor":16},{"not_picked":["Acrobatics","Outmaneuver+1"],"picked":"Finisher+1","floor":18},{"not_picked":["Reflex","Quick Slash+1"],"picked":"Sucker Punch+1","floor":19},{"not_picked":["Flying Knee+1","Bouncing Flask"],"picked":"Dodge and Roll","floor":20},{"not_picked":["Slice+1","Flying Knee+1"],"picked":"Catalyst","floor":22},{"not_picked":["Well Laid Plans","Eviscerate+1"],"picked":"PiercingWail","floor":24},{"not_picked":["Eviscerate+1","PiercingWail"],"picked":"Dagger Spray+1","floor":27},{"not_picked":["Prepared+1","Outmaneuver"],"picked":"PiercingWail","floor":30}],"player_experience":18911,"relics_obtained":[{"floor":8,"key":"Sundial"},{"floor":9,"key":"Molten Egg 2"},{"floor":11,"key":"Juzu Bracelet"},{"floor":19,"key":"Unceasing Top"},{"floor":19,"key":"Paper Crane"},{"floor":26,"key":"Letter Opener"}],"event_choices":[{"event_name":"Match and Keep!","player_choice":"2 cards matched","floor":4,"damage_taken":0},{"event_name":"Big Fish","player_choice":"Donut","floor":5,"damage_taken":0},{"event_name":"Colosseum","player_choice":"Fight","floor":19,"damage_taken":0},{"event_name":"Colosseum","player_choice":"Fought Nobs","floor":19,"damage_taken":0},{"event_name":"The Mausoleum","player_choice":"Yes","floor":21,"damage_taken":0},{"event_name":"Forgotten Altar","player_choice":"Smashed Altar","floor":25,"damage_taken":0},{"event_name":"N\u0027loth","player_choice":"Traded a Unceasing Top","floor":28,"damage_taken":0}],"is_beta":false,"boss_relics":[{"not_picked":["Runic Pyramid","Ectoplasm"],"picked":"WristBlade"}],"items_purged_floors":[],"is_endless":false,"potions_floor_spawned":[1,8,16,19,20,30],"killed_by":"Collector","ascension_level":0}