{"gold_per_floor":[117,133,133,147,167,197,197,224,224,224,252,252,286,302,302,377,377,389,400,450,375,385,385,414,414,414,22,22,22,22,41,41,41],"floor_reached":33,"playtime":1271,"items_purged":["Strike_G"],"score":542,"play_id":"1c722fe4-011f-474c-9807-cd43dca3be60","local_time":"20190217211524","is_ascension_mode":true,"campfire_choices":[{"floor":7,"key":"REST"},{"data":"Cloak And Dagger","floor":12,"key":"SMITH"},{"data":"Glass Knife","floor":15,"key":"SMITH"},{"data":"Footwork","floor":23,"key":"SMITH"},{"floor":25,"key":"REST"},{"data":"Caltrops","floor":28,"key":"SMITH"},{"floor":32,"key":"REST"}],"neow_cost":"NONE","seed_source_timestamp":219337137320500,"circlet_count":0,"master_deck":["AscendersBane","Defend_G+1","Defend_G+1","Defend_G+1","Defend_G+1","Defend_G+1","Strike_G+1","Strike_G+1","Strike_G+1","Strike_G+1","Survivor","Neutralize","Riddle With Holes","Cloak And Dagger+1","Dash","Dagger Spray","Glass Knife+1","PiercingWail","Dagger Spray","Dash","Bullet Time","Deflect","Footwork+1","PiercingWail","Finisher","Blade Dance","Caltrops+1","Blade Dance+1","Footwork"],"relics":["Ring of the Snake","Boot","Darkstone Periapt","Oddly Smooth Stone","Pantograph","Matryoshka","Lantern","Mummified Hand","Bag of Marbles","Lizard Tail","Ginger","Ninja Scroll","Dream Catcher","Anchor"],"potions_floor_usage":[8,11,13,16,22,33,33],"damage_taken":[{"damage":4,"enemies":"Small Slimes","floor":1,"turns":4},{"damage":0,"enemies":"Jaw Worm","floor":2,"turns":4},{"damage":0,"enemies":"Cultist","floor":4,"turns":4},{"damage":0,"enemies":"3 Louse","floor":5,"turns":3},{"damage":10,"enemies":"Gremlin Nob","floor":6,"turns":4},{"damage":16,"enemies":"Lagavulin","floor":8,"turns":8},{"damage":24,"enemies":"Gremlin Nob","floor":11,"turns":5},{"damage":2,"enemies":"Lagavulin","floor":13,"turns":7},{"damage":0,"enemies":"Exordium Thugs","floor":14,"turns":3},{"damage":44,"enemies":"Hexaghost","floor":16,"turns":13},{"damage":30,"enemies":"Spheric Guardian","floor":18,"turns":8},{"damage":1,"enemies":"2 Thieves","floor":19,"turns":2},{"damage":21,"enemies":"Cultist and Chosen","floor":22,"turns":6},{"damage":10,"enemies":"Slavers","floor":24,"turns":7},{"damage":9,"enemies":"Snake Plant","floor":31,"turns":5},{"damage":70,"enemies":"Collector","floor":33,"turns":12}],"seed_played":"-9068113207333154114","potions_obtained":[{"floor":4,"key":"Regen Potion"},{"floor":6,"key":"SmokeBomb"},{"floor":8,"key":"Regen Potion"},{"floor":11,"key":"SkillPotion"},{"floor":14,"key":"Dexterity Potion"},{"floor":16,"key":"EssenceOfSteel"},{"floor":18,"key":"Energy Potion"},{"floor":24,"key":"GhostInAJar"},{"floor":31,"key":"SkillPotion"}],"is_trial":false,"path_per_floor":["M","M","?","M","M","E","R","E","T","?","E","R","E","M","R","B",null,"M","M","?","$","M","R","E","R","T","$","R","$","?","M","R","B"],"character_chosen":"THE_SILENT","items_purchased":["Finisher","Blade Dance","Caltrops","Anchor"],"campfire_rested":3,"item_purchase_floors":[27,27,27,27],"current_hp_per_floor":[55,55,29,29,29,19,38,37,37,37,27,27,25,25,25,6,51,21,20,20,20,33,33,23,42,42,42,42,42,42,33,52,0],"gold":41,"neow_bonus":"RANDOM_COMMON_RELIC","is_prod":false,"is_daily":false,"chose_seed":false,"campfire_upgraded":4,"win_rate":0,"timestamp":1550434524,"path_taken":["M","M","?","M","M","E","R","E","T","?","E","R","E","?","R","BOSS","M","M","?","?","M","R","E","R","T","$","R","$","?","M","R","BOSS"],"build_version":"2019-01-23","purchased_purges":1,"victory":false,"max_hp_per_floor":[66,66,66,66,66,66,66,66,66,66,66,66,66,66,66,66,66,66,66,66,66,66,66,66,66,66,66,66,66,66,66,66,66],"card_choices":[{"not_picked":["Bane","Quick Slash"],"picked":"Riddle With Holes","floor":1},{"not_picked":["Deflect","Blade Dance"],"picked":"Cloak And Dagger","floor":2},{"not_picked":["Calculated Gamble","Skewer"],"picked":"Dash","floor":4},{"not_picked":["Endless Agony","Masterful Stab"],"picked":"Dagger Spray","floor":5},{"not_picked":["Prepared","Terror"],"picked":"Glass Knife","floor":6},{"not_picked":["Leg Sweep","Crippling Poison"],"picked":"PiercingWail","floor":8},{"not_picked":["Underhanded Strike","Acrobatics","Escape Plan"],"picked":"SKIP","floor":11},{"not_picked":["Heel Hook","Flechettes"],"picked":"Dagger Spray","floor":13},{"not_picked":["Distraction","All Out Attack"],"picked":"Dash","floor":14},{"not_picked":["Wraith Form v2","Tools of the Trade"],"picked":"Bullet Time","floor":16},{"not_picked":["Crippling Poison","Accuracy"],"picked":"Deflect","floor":18},{"not_picked":["Quick Slash","Deadly Poison"],"picked":"Footwork","floor":19},{"not_picked":["Sucker Punch","Blur"],"picked":"PiercingWail","floor":22},{"not_picked":["Slice+1","Unload","Poisoned Stab"],"picked":"SKIP","floor":24},{"not_picked":["Dagger Throw","Predator"],"picked":"Blade Dance+1","floor":31},{"not_picked":["Blade Dance","Concentrate"],"picked":"Footwork","floor":32}],"player_experience":515022,"relics_obtained":[{"floor":6,"key":"Oddly Smooth Stone"},{"floor":8,"key":"Pantograph"},{"floor":9,"key":"Matryoshka"},{"floor":11,"key":"Mummified Hand"},{"floor":13,"key":"Bag of Marbles"},{"floor":24,"key":"Ginger"},{"floor":26,"key":"Ninja Scroll"},{"floor":26,"key":"Dream Catcher"}],"event_choices":[{"damage_healed":0,"gold_gain":0,"player_choice":"Success","damage_taken":26,"relics_obtained":["Darkstone Periapt"],"max_hp_gain":0,"max_hp_loss":0,"event_name":"Scrap Ooze","floor":3,"gold_loss":0},{"damage_healed":0,"gold_gain":0,"player_choice":"Gave Potion","damage_taken":0,"relics_obtained":["Lantern"],"max_hp_gain":0,"max_hp_loss":0,"event_name":"WeMeetAgain","floor":10,"gold_loss":0},{"damage_healed":0,"gold_gain":50,"player_choice":"Stole From Cult","damage_taken":0,"max_hp_gain":0,"max_hp_loss":0,"event_name":"Nest","floor":20,"gold_loss":0},{"damage_healed":0,"gold_gain":0,"player_choice":"Simplicity","damage_taken":0,"max_hp_gain":0,"max_hp_loss":0,"event_name":"Back to Basics","floor":30,"gold_loss":0,"cards_upgraded":["Defend_G","Defend_G","Defend_G","Defend_G","Defend_G","Strike_G","Strike_G","Strike_G","Strike_G"]}],"is_beta":false,"boss_relics":[{"not_picked":["Tiny House","Ectoplasm"],"picked":"Lizard Tail"}],"items_purged_floors":[21],"is_endless":false,"potions_floor_spawned":[4,6,8,11,14,16,18,24,31],"killed_by":"Collector","ascension_level":17}