{"gold_per_floor":[218,235,90,265,285,318,318,346,369,369,17,43,56,67,67,165,165,184,184,184,30,41,41,41,41,41,41,41,74,90,103,103,202,202,222,236,247,247,262,262,262,262,286,286,286,301,311,25,25,25],"floor_reached":51,"playtime":2052,"items_purged":["Strike_B"],"score":675,"play_id":"430296f1-e144-4735-9802-935d43688c1b","local_time":"20190303232537","is_ascension_mode":false,"campfire_choices":[{"data":"Defragment","floor":7,"key":"SMITH"},{"data":"Static Discharge","floor":10,"key":"SMITH"},{"floor":15,"key":"REST"},{"floor":23,"key":"REST"},{"data":"White Noise","floor":25,"key":"SMITH"},{"data":"Zap","floor":28,"key":"SMITH"},{"floor":32,"key":"REST"},{"floor":40,"key":"REST"},{"data":"Dualcast","floor":42,"key":"SMITH"},{"data":"Electrodynamics","floor":44,"key":"SMITH"},{"floor":49,"key":"REST"}],"neow_cost":"NONE","seed_source_timestamp":721256849271246,"circlet_count":0,"master_deck":["Defend_B","Defend_B","Defend_B","Defend_B","Zap+1","Dualcast+1","Gash","Defragment+1","Doubt","Static Discharge+1","White Noise+1","Lockon+1","Core Surge","Electrodynamics+1","Gash","Barrage","Sunder+1","Defragment+1","Hologram+1","Steam+1","Rebound+1","Biased Cognition","Force Field+1","Parasite","Rebound+1","White Noise+1","Conserve Battery+1","Apotheosis+1","Conserve Battery+1","Steam+1"],"relics":["Cracked Core","Bag of Marbles","PreservedInsect","Regal Pillow","DataDisk","Anchor","Odd Mushroom","Empty Cage","Potion Belt","Dream Catcher","Toxic Egg 2","Busted Crown","Blood Vial"],"potions_floor_usage":[6,12,14,29,29,33,33,39,47,50,50,50,50],"damage_taken":[{"damage":1,"enemies":"Cultist","floor":1,"turns":3},{"damage":1,"enemies":"Jaw Worm","floor":2,"turns":3},{"damage":0,"enemies":"2 Louse","floor":5,"turns":3},{"damage":27,"enemies":"Gremlin Nob","floor":6,"turns":4},{"damage":16,"enemies":"Lagavulin","floor":8,"turns":6},{"damage":0,"enemies":"The Mushroom Lair","floor":12,"turns":2},{"damage":10,"enemies":"Exordium Thugs","floor":13,"turns":3},{"damage":5,"enemies":"Lots of Slimes","floor":14,"turns":3},{"damage":24,"enemies":"The Guardian","floor":16,"turns":7},{"damage":15,"enemies":"2 Thieves","floor":18,"turns":2},{"damage":16,"enemies":"Chosen","floor":22,"turns":4},{"damage":24,"enemies":"Slavers","floor":29,"turns":3},{"damage":14,"enemies":"Centurion and Healer","floor":30,"turns":4},{"damage":17,"enemies":"Snake Plant","floor":31,"turns":3},{"damage":10,"enemies":"Collector","floor":33,"turns":5},{"damage":8,"enemies":"Orb Walker","floor":35,"turns":3},{"damage":18,"enemies":"3 Darklings","floor":36,"turns":3},{"damage":31,"enemies":"Jaw Worm Horde","floor":37,"turns":3},{"damage":12,"enemies":"Writhing Mass","floor":39,"turns":5},{"damage":15,"enemies":"Sphere and 2 Shapes","floor":46,"turns":3},{"damage":2,"enemies":"4 Shapes","floor":47,"turns":6},{"damage":52,"enemies":"Awakened One","floor":50,"turns":11}],"seed_played":"-5219163698269549753","potions_obtained":[{"floor":1,"key":"PowerPotion"},{"floor":2,"key":"LiquidBronze"},{"floor":8,"key":"SteroidPotion"},{"floor":12,"key":"FocusPotion"},{"floor":18,"key":"Swift Potion"},{"floor":30,"key":"SpeedPotion"},{"floor":31,"key":"Swift Potion"},{"floor":33,"key":"FocusPotion"},{"floor":35,"key":"Strength Potion"},{"floor":36,"key":"Explosive Potion"},{"floor":39,"key":"Strength Potion"}],"is_trial":false,"path_per_floor":["M","M","$","?","M","E","R","E","T","R","$","?","M","M","R","B",null,"M","?","?","$","M","R","$","R","T","?","R","E","M","M","R","B",null,"M","M","M","?","M","R","?","R","T","R","?","M","M","$","R","B",null],"character_chosen":"DEFECT","items_purchased":["Defragment","DataDisk","Anchor","PowerPotion","Potion Belt","Apotheosis+1","SkillPotion","Conserve Battery+1"],"campfire_rested":5,"item_purchase_floors":[3,11,11,11,21,48,48,48],"current_hp_per_floor":[74,73,73,73,73,46,46,30,30,30,30,30,20,15,52,28,75,60,60,53,53,37,74,74,74,74,74,74,50,36,19,56,46,75,67,49,18,18,6,43,43,43,43,43,43,30,30,30,67,17],"gold":25,"neow_bonus":"HUNDRED_GOLD","is_prod":false,"is_daily":false,"chose_seed":false,"campfire_upgraded":6,"win_rate":0,"timestamp":1551626737,"path_taken":["M","M","$","?","M","E","R","E","T","R","$","?","M","M","R","BOSS","M","?","?","$","?","R","?","R","T","?","R","E","?","M","R","BOSS","M","M","M","?","M","R","?","R","T","R","?","M","?","$","R","BOSS"],"build_version":"2019-01-23","purchased_purges":1,"victory":true,"max_hp_per_floor":[75,75,75,75,75,75,75,75,75,75,75,75,75,75,75,75,75,75,75,75,75,75,75,75,75,75,75,75,75,75,75,75,75,75,75,75,75,75,75,75,75,75,75,75,75,75,75,75,75,75],"card_choices":[{"not_picked":["Blizzard","Redo"],"picked":"Gash","floor":1},{"not_picked":["Consume","Compile Driver","Turbo"],"picked":"SKIP","floor":2},{"not_picked":["Glacier","Force Field"],"picked":"Static Discharge","floor":5},{"not_picked":["Sweeping Beam","Storm"],"picked":"White Noise","floor":6},{"not_picked":["Hello World","Barrage"],"picked":"Double Energy","floor":8},{"not_picked":["Glacier","Cold Snap"],"picked":"White Noise","floor":12},{"not_picked":["Hologram","Stack"],"picked":"Lockon","floor":13},{"not_picked":["Sunder","Chaos"],"picked":"Core Surge","floor":14},{"not_picked":["Echo Form","Machine Learning"],"picked":"Electrodynamics","floor":16},{"not_picked":["Heatsinks","Compile Driver"],"picked":"Gash","floor":18},{"not_picked":["Gash","Steam"],"picked":"Sunder+1","floor":22},{"not_picked":["Leap","Go for the Eyes"],"picked":"Defragment+1","floor":29},{"not_picked":["Streamline","Static Discharge+1"],"picked":"Hologram+1","floor":30},{"not_picked":["Tempest+1","Rip and Tear"],"picked":"Steam+1","floor":31},{"not_picked":["Barrage","Aggregate+1"],"picked":"Rebound+1","floor":32},{"not_picked":["Meteor Strike","Multi-Cast+1"],"picked":"Biased Cognition","floor":33},{"not_picked":["Rip and Tear+1"],"picked":"SKIP","floor":35},{"not_picked":["Coolheaded+1"],"picked":"SKIP","floor":36},{"not_picked":[],"picked":"Force Field+1","floor":37},{"not_picked":[],"picked":"Rebound+1","floor":39},{"not_picked":[],"picked":"White Noise+1","floor":40},{"not_picked":["Undo+1"],"picked":"SKIP","floor":46},{"not_picked":["Undo+1"],"picked":"SKIP","floor":47},{"not_picked":[],"picked":"Steam+1","floor":49}],"player_experience":744300,"relics_obtained":[{"floor":6,"key":"Bag of Marbles"},{"floor":8,"key":"PreservedInsect"},{"floor":9,"key":"Regal Pillow"},{"floor":12,"key":"Odd Mushroom"},{"floor":26,"key":"Dream Catcher"},{"floor":29,"key":"Toxic Egg 2"},{"floor":43,"key":"Blood Vial"}],"event_choices":[{"damage_healed":0,"gold_gain":175,"player_choice":"AGREE","damage_taken":0,"max_hp_gain":0,"max_hp_loss":0,"event_name":"Liars Game","floor":4,"gold_loss":0,"cards_obtained":["Doubt"]},{"damage_healed":0,"gold_gain":0,"player_choice":"Fought Mushrooms","damage_taken":0,"max_hp_gain":0,"max_hp_loss":0,"event_name":"Mushrooms","floor":12,"gold_loss":0},{"damage_healed":0,"gold_gain":0,"cards_transformed":["Strike_B","Double Energy"],"player_choice":"Became Test Subject","damage_taken":0,"max_hp_gain":0,"max_hp_loss":0,"event_name":"Drug Dealer","floor":19,"gold_loss":0,"cards_obtained":["Stack","Barrage"]},{"damage_healed":0,"gold_gain":0,"player_choice":"","damage_taken":7,"max_hp_gain":0,"max_hp_loss":0,"event_name":"Knowing Skull","floor":20,"potions_obtained":[],"gold_loss":0,"cards_obtained":[]},{"damage_healed":0,"gold_gain":0,"player_choice":"Upgraded","damage_taken":0,"max_hp_gain":0,"max_hp_loss":0,"event_name":"Upgrade Shrine","floor":27,"gold_loss":0,"cards_upgraded":["Lockon"]},{"damage_healed":0,"gold_gain":0,"player_choice":"Ignored","damage_taken":0,"max_hp_gain":0,"max_hp_loss":0,"event_name":"Tomb of Lord Red Mask","floor":38,"gold_loss":0},{"cards_removed":["White Noise"],"damage_healed":0,"gold_gain":0,"player_choice":"Removed Skill","damage_taken":0,"max_hp_gain":0,"max_hp_loss":0,"event_name":"Falling","floor":41,"gold_loss":0},{"damage_healed":0,"gold_gain":0,"cards_transformed":["Stack"],"player_choice":"Transformed","damage_taken":0,"max_hp_gain":0,"max_hp_loss":0,"event_name":"Transmorgrifier","floor":45,"gold_loss":0,"cards_obtained":["Conserve Battery"]}],"is_beta":false,"boss_relics":[{"not_picked":["Coffee Dripper","Orrery"],"picked":"Empty Cage"},{"not_picked":["Nuclear Battery","Black Star"],"picked":"Busted Crown"}],"items_purged_floors":[3],"is_endless":false,"potions_floor_spawned":[1,2,8,12,13,18,30,31,33,35,36,39],"ascension_level":0}