{"gold_per_floor":[213,224,240,240,210,239,254,267,343,343,368,368,383,394,394,494,494,507,507,524,524,524,550,564,663,663,663],"floor_reached":27,"playtime":1111,"items_purged":[],"score":257,"play_id":"4d2f995d-ee0a-4a4f-8914-21f10ba04364","local_time":"20190405011325","is_ascension_mode":true,"campfire_choices":[{"floor":10,"key":"REST"},{"floor":12,"key":"REST"},{"data":"Caltrops","floor":15,"key":"SMITH"}],"neow_cost":"NONE","seed_source_timestamp":93413190925860,"circlet_count":0,"master_deck":["Defend_G","Defend_G","Defend_G","Defend_G","Strike_G","Strike_G","Survivor","Neutralize","Deflect+1","Bouncing Flask+1","Deadly Poison","Well Laid Plans","Caltrops+1","Bouncing Flask","Glass Knife","Deadly Poison+1","Calculated Gamble+1","Catalyst+1","Escape Plan+1","Dagger Throw","Corpse Explosion","PiercingWail+1","Cloak And Dagger"],"relics":["Ring of the Snake","Ninja Scroll","Bottled Flame","Ice Cream","Astrolabe","Centennial Puzzle","Ornamental Fan"],"potions_floor_usage":[6,16,23],"damage_taken":[{"damage":0,"enemies":"Small Slimes","floor":1,"turns":4},{"damage":2,"enemies":"Jaw Worm","floor":2,"turns":4},{"damage":0,"enemies":"Cultist","floor":3,"turns":3},{"damage":22,"enemies":"Gremlin Nob","floor":6,"turns":4},{"damage":0,"enemies":"Large Slime","floor":7,"turns":5},{"damage":2,"enemies":"Blue Slaver","floor":8,"turns":3},{"damage":18,"enemies":"Lagavulin","floor":11,"turns":5},{"damage":4,"enemies":"2 Fungi Beasts","floor":13,"turns":3},{"damage":2,"enemies":"Looter","floor":14,"turns":2},{"damage":23,"enemies":"Hexaghost","floor":16,"turns":7},{"damage":6,"enemies":"Shell Parasite","floor":18,"turns":4},{"damage":0,"enemies":"Spheric Guardian","floor":20,"turns":2},{"damage":17,"enemies":"Slavers","floor":23,"turns":3},{"damage":8,"enemies":"Snecko","floor":24,"turns":3},{"damage":33,"enemies":"Gremlin Leader","floor":27,"turns":2}],"seed_played":"-7133210603763021047","potions_obtained":[{"floor":5,"key":"AttackPotion"},{"floor":5,"key":"LiquidBronze"},{"floor":6,"key":"Ancient Potion"},{"floor":7,"key":"EssenceOfSteel"},{"floor":8,"key":"Dexterity Potion"},{"floor":20,"key":"Explosive Potion"}],"is_trial":false,"path_per_floor":["M","M","M","?","?","E","M","M","T","R","E","R","M","M","R","B",null,"M","?","M","?","?","E","M","?","T","E"],"character_chosen":"THE_SILENT","items_purchased":[],"campfire_rested":2,"item_purchase_floors":[],"current_hp_per_floor":[70,68,68,54,54,32,32,30,30,51,33,54,50,48,48,25,70,64,64,64,64,51,34,26,26,26,0],"gold":663,"neow_bonus":"HUNDRED_GOLD","is_prod":false,"is_daily":false,"chose_seed":false,"campfire_upgraded":1,"win_rate":0,"timestamp":1554444805,"path_taken":["M","M","M","?","?","E","M","M","T","R","E","R","M","?","R","BOSS","M","?","M","?","?","E","M","?","T","E"],"build_version":"2019-01-23","purchased_purges":0,"victory":false,"max_hp_per_floor":[70,70,70,70,70,70,70,70,70,70,70,70,70,70,70,70,70,70,70,70,70,75,75,75,75,75,75],"card_choices":[{"not_picked":["Quick Slash","Blade Dance"],"picked":"Deflect","floor":1},{"not_picked":["Tactician","Calculated Gamble"],"picked":"Blade Dance","floor":2},{"not_picked":["Tactician","Bane"],"picked":"Bouncing Flask","floor":3},{"not_picked":["Dagger Throw","Choke","Underhanded Strike"],"picked":"SKIP","floor":6},{"not_picked":["Acrobatics","Slice","Dagger Spray"],"picked":"SKIP","floor":7},{"not_picked":["Acrobatics","Eviscerate"],"picked":"Deadly Poison","floor":8},{"not_picked":["Dodge and Roll","Tools of the Trade"],"picked":"Well Laid Plans","floor":11},{"not_picked":["Dagger Spray","Outmaneuver"],"picked":"Caltrops","floor":13},{"not_picked":["Sucker Punch","Heel Hook"],"picked":"Bouncing Flask","floor":14},{"not_picked":["Night Terror","Wraith Form v2"],"picked":"Glass Knife","floor":16},{"not_picked":["Slice","Bane+1"],"picked":"Escape Plan+1","floor":18},{"not_picked":["Blade Dance","Sucker Punch"],"picked":"PiercingWail+1","floor":20},{"not_picked":["Acrobatics","Night Terror","Outmaneuver"],"picked":"SKIP","floor":23},{"not_picked":["Dodge and Roll","Quick Slash+1"],"picked":"Cloak And Dagger","floor":24}],"player_experience":409183,"relics_obtained":[{"floor":6,"key":"Ninja Scroll"},{"floor":9,"key":"Bottled Flame"},{"floor":11,"key":"Ice Cream"},{"floor":23,"key":"Centennial Puzzle"},{"floor":26,"key":"Ornamental Fan"}],"event_choices":[{"damage_healed":0,"gold_gain":0,"player_choice":"Entered Light","damage_taken":14,"max_hp_gain":0,"max_hp_loss":0,"event_name":"Shining Light","floor":4,"gold_loss":0,"cards_upgraded":["Deflect","Bouncing Flask"]},{"damage_healed":0,"gold_gain":0,"player_choice":"Bought 2 Potions","damage_taken":0,"max_hp_gain":0,"max_hp_loss":0,"event_name":"The Woman in Blue","floor":5,"gold_loss":0},{"damage_healed":0,"gold_gain":0,"cards_transformed":["Strike_G","Blade Dance"],"player_choice":"Became Test Subject","damage_taken":0,"max_hp_gain":0,"max_hp_loss":0,"event_name":"Drug Dealer","floor":19,"gold_loss":0,"cards_obtained":["Dagger Throw","Corpse Explosion"]},{"damage_healed":0,"gold_gain":0,"player_choice":"Ignored","damage_taken":0,"max_hp_gain":0,"max_hp_loss":0,"event_name":"Ghosts","floor":21,"gold_loss":0},{"damage_healed":0,"gold_gain":0,"player_choice":"Shed Blood","damage_taken":18,"max_hp_gain":5,"max_hp_loss":0,"event_name":"Forgotten Altar","floor":22,"gold_loss":0},{"damage_healed":0,"gold_gain":99,"player_choice":"Stole From Cult","damage_taken":0,"max_hp_gain":0,"max_hp_loss":0,"event_name":"Nest","floor":25,"gold_loss":0}],"is_beta":false,"boss_relics":[{"not_picked":["Coffee Dripper","Fusion Hammer"],"picked":"Astrolabe"}],"items_purged_floors":[],"is_endless":false,"potions_floor_spawned":[6,7,8,11,14,20],"killed_by":"Gremlin Leader","ascension_level":1}