{"gold_per_floor":[117,117,132,152,152,152,175,219,219,219,238,92,92,92,92,221,221,237,237,237,137,137,137],"floor_reached":23,"playtime":704,"items_purged":["Strike_G","Clumsy"],"score":243,"play_id":"a527a489-d897-40ae-b147-467e73e024f5","local_time":"20190109205443","is_ascension_mode":true,"campfire_choices":[{"data":"Noxious Fumes","floor":6,"key":"SMITH"},{"data":"Catalyst","floor":10,"key":"SMITH"},{"data":"Footwork","floor":13,"key":"SMITH"},{"floor":15,"key":"REST"}],"neow_cost":"NONE","seed_source_timestamp":42671980308500,"circlet_count":0,"master_deck":["Defend_G","Defend_G","Defend_G","Defend_G","Defend_G","Strike_G","Strike_G","Strike_G","Strike_G","Survivor","Neutralize+1","Catalyst+1","Noxious Fumes+1","Riddle With Holes","Dagger Spray","Dodge and Roll","Deflect","Footwork+1","Corpse Explosion","Caltrops","Backflip"],"relics":["Ring of the Snake","Bloody Idol","Potion Belt","Omamori","Calling Bell","Dream Catcher","Matryoshka","Dead Branch"],"potions_floor_usage":[8,16,22],"damage_taken":[{"damage":0,"enemies":"Jaw Worm","floor":1,"turns":4},{"damage":0,"enemies":"Cultist","floor":3,"turns":4},{"damage":8,"enemies":"Small Slimes","floor":4,"turns":3},{"damage":9,"enemies":"Blue Slaver","floor":7,"turns":4},{"damage":22,"enemies":"Gremlin Nob","floor":8,"turns":5},{"damage":0,"enemies":"Looter","floor":11,"turns":4},{"damage":3,"enemies":"The Guardian","floor":16,"turns":11},{"damage":12,"enemies":"3 Byrds","floor":18,"turns":4},{"damage":26,"enemies":"Colosseum Slavers","floor":22,"turns":5},{"damage":26,"enemies":"Book of Stabbing","floor":23,"turns":6}],"seed_played":"-8590536396353382164","potions_obtained":[{"floor":4,"key":"PowerPotion"},{"floor":7,"key":"GhostInAJar"},{"floor":18,"key":"Dexterity Potion"}],"is_trial":false,"path_per_floor":["M","?","M","M","?","R","M","E","T","R","M","$","R","$","R","B",null,"M","?","?","$","?","E"],"character_chosen":"THE_SILENT","items_purchased":["Footwork"],"campfire_rested":1,"item_purchase_floors":[12],"current_hp_per_floor":[63,63,63,55,55,55,46,24,24,24,24,24,24,24,43,40,59,47,47,47,47,21,0],"gold":137,"neow_bonus":"UPGRADE_CARD","is_prod":false,"is_daily":false,"chose_seed":false,"campfire_upgraded":3,"win_rate":0,"timestamp":1547063683,"path_taken":["M","?","M","M","?","R","?","E","T","R","M","?","R","$","R","BOSS","M","?","?","$","?","E"],"build_version":"2019-01-03v4","purchased_purges":2,"victory":false,"max_hp_per_floor":[70,65,65,65,65,65,65,65,65,65,65,65,65,65,65,65,65,65,65,65,65,65,65],"card_choices":[{"not_picked":["Deadly Poison","Distraction"],"picked":"Catalyst","floor":1},{"not_picked":["Deadly Poison","Backflip"],"picked":"Noxious Fumes","floor":3},{"not_picked":["Blade Dance","Slice","Poisoned Stab"],"picked":"SKIP","floor":4},{"not_picked":["Cloak And Dagger","Masterful Stab","Finisher"],"picked":"SKIP","floor":7},{"not_picked":["Caltrops","Doppelganger"],"picked":"Dodge and Roll","floor":8},{"not_picked":["Dagger Throw","Underhanded Strike"],"picked":"Deflect","floor":11},{"not_picked":["Envenom","Malaise"],"picked":"Corpse Explosion","floor":16},{"not_picked":["Flying Knee+1","Dagger Throw+1"],"picked":"Caltrops","floor":18}],"player_experience":359496,"relics_obtained":[{"floor":8,"key":"Potion Belt"},{"floor":9,"key":"Omamori"},{"floor":17,"key":"Dream Catcher"},{"floor":17,"key":"Matryoshka"},{"floor":17,"key":"Dead Branch"}],"event_choices":[{"damage_healed":0,"gold_gain":0,"player_choice":"Lose Max HP","damage_taken":0,"relics_obtained":["Golden Idol"],"max_hp_gain":0,"max_hp_loss":5,"event_name":"Golden Idol","floor":2,"gold_loss":0},{"damage_healed":0,"gold_gain":0,"player_choice":"2 cards matched","damage_taken":0,"max_hp_gain":0,"max_hp_loss":0,"event_name":"Match and Keep!","floor":5,"gold_loss":0,"cards_obtained":["Riddle With Holes","Dagger Spray"]},{"damage_healed":0,"gold_gain":0,"player_choice":"Read","damage_taken":0,"max_hp_gain":0,"max_hp_loss":0,"event_name":"The Library","floor":19,"gold_loss":0,"cards_obtained":["Backflip"]},{"damage_healed":0,"gold_gain":0,"player_choice":"Gave Idol","damage_taken":0,"relics_obtained":["Bloody Idol"],"max_hp_gain":0,"max_hp_loss":0,"event_name":"Forgotten Altar","floor":20,"relics_lost":["Golden Idol"],"gold_loss":0},{"damage_healed":0,"gold_gain":0,"player_choice":"Fight","damage_taken":0,"max_hp_gain":0,"max_hp_loss":0,"event_name":"Colosseum","floor":22,"gold_loss":0},{"damage_healed":0,"gold_gain":0,"player_choice":"Fled From Nobs","damage_taken":0,"max_hp_gain":0,"max_hp_loss":0,"event_name":"Colosseum","floor":22,"gold_loss":0}],"is_beta":false,"boss_relics":[{"not_picked":["Busted Crown","HoveringKite"],"picked":"Calling Bell"}],"items_purged_floors":[12,21],"is_endless":false,"potions_floor_spawned":[4,7,18],"killed_by":"Book of Stabbing","ascension_level":6}