{"gold_per_floor":[219,219,233,36,51,51,226,226,307,322,338,42,81,81,81,182,182,192,113,133,152,59,59,87,87,113,113],"floor_reached":27,"playtime":2198,"items_purged":["Strike_R","Strike_R"],"score":223,"play_id":"d5acd9ba-3830-4f70-abeb-52565a63d2be","local_time":"20190215204727","is_ascension_mode":false,"campfire_choices":[{"data":"Whirlwind","floor":6,"key":"SMITH"},{"data":"Metallicize","floor":8,"key":"SMITH"},{"data":"Uppercut","floor":15,"key":"SMITH"},{"floor":23,"key":"REST"}],"neow_cost":"NONE","seed_source_timestamp":237702927106300,"circlet_count":0,"master_deck":["Strike_R+1","Strike_R+1","Defend_R","Defend_R","Defend_R","Defend_R","Bash","Whirlwind+1","Flame Barrier","Shrug It Off","Metallicize+1","Shrug It Off","Doubt","Heavy Blade","Uppercut+1","Shrug It Off","Transmutation","Thunderclap","Second Wind","Barricade","True Grit","Battle Trance","Sword Boomerang+1","Infernal Blade","Inflame","Iron Wave"],"relics":["Burning Blood","Gremlin Horn","Sozu","Matryoshka","Anchor","Regal Pillow"],"potions_floor_usage":[13,21],"damage_taken":[{"damage":6,"enemies":"2 Louse","floor":1,"turns":3},{"damage":12,"enemies":"Jaw Worm","floor":3,"turns":4},{"damage":0,"enemies":"Small Slimes","floor":5,"turns":4},{"damage":1,"enemies":"Exordium Wildlife","floor":10,"turns":10},{"damage":0,"enemies":"2 Fungi Beasts","floor":11,"turns":3},{"damage":2,"enemies":"Red Slaver","floor":13,"turns":4},{"damage":30,"enemies":"Slime Boss","floor":16,"turns":15},{"damage":0,"enemies":"Shell Parasite","floor":18,"turns":10},{"damage":11,"enemies":"Spheric Guardian","floor":20,"turns":6},{"damage":75,"enemies":"3 Cultists","floor":21,"turns":7},{"damage":15,"enemies":"Gremlin Leader","floor":24,"turns":7},{"damage":23,"enemies":"Slavers","floor":27,"turns":2}],"seed_played":"418339942265470671","potions_obtained":[{"floor":3,"key":"Strength Potion"},{"floor":10,"key":"Regen Potion"}],"is_trial":false,"path_per_floor":["M","?","M","$","M","R","?","R","T","M","M","$","M","?","R","B",null,"M","$","M","M","$","R","E","?","T","E"],"character_chosen":"IRONCLAD","items_purchased":["Shrug It Off","Metallicize","Shrug It Off","Transmutation","Battle Trance","Inflame","Iron Wave"],"campfire_rested":1,"item_purchase_floors":[4,4,12,12,19,22,22],"current_hp_per_floor":[80,64,58,58,64,64,64,64,64,69,75,75,79,79,79,55,80,80,80,75,18,18,42,33,18,18,0],"gold":113,"neow_bonus":"HUNDRED_GOLD","is_prod":false,"is_daily":false,"chose_seed":false,"campfire_upgraded":3,"win_rate":0,"timestamp":1550260047,"path_taken":["M","?","M","$","M","R","?","R","T","M","M","$","M","?","R","BOSS","M","$","M","M","$","R","E","?","T","E"],"build_version":"2019-01-23","purchased_purges":2,"victory":false,"max_hp_per_floor":[80,80,80,80,80,80,80,80,80,80,80,80,80,80,80,80,80,80,80,80,80,80,80,80,85,85,85],"card_choices":[{"not_picked":["Sword Boomerang","Fire Breathing"],"picked":"Whirlwind","floor":1},{"not_picked":["Wild Strike","Havoc"],"picked":"Flame Barrier","floor":3},{"not_picked":["Clash","Armaments"],"picked":"Shrug It Off","floor":5},{"not_picked":["Headbutt","Iron Wave"],"picked":"Heavy Blade","floor":10},{"not_picked":["Clothesline","Wild Strike"],"picked":"Uppercut","floor":11},{"not_picked":["Reckless Charge","Carnage"],"picked":"Thunderclap","floor":13},{"not_picked":["Bludgeon","Limit Break"],"picked":"Barricade","floor":16},{"not_picked":["Shrug It Off","Inflame"],"picked":"True Grit","floor":18},{"not_picked":["Pommel Strike","Clash"],"picked":"Sword Boomerang+1","floor":20},{"not_picked":["Flame Barrier+1","Rampage"],"picked":"Infernal Blade","floor":21},{"not_picked":["Immolate","Sword Boomerang","Pommel Strike"],"picked":"SKIP","floor":24}],"player_experience":114029,"relics_obtained":[{"floor":9,"key":"Gremlin Horn"},{"floor":24,"key":"Matryoshka"},{"floor":26,"key":"Anchor"},{"floor":26,"key":"Regal Pillow"}],"event_choices":[{"damage_healed":0,"gold_gain":0,"player_choice":"Entered Light","damage_taken":16,"max_hp_gain":0,"max_hp_loss":0,"event_name":"Shining Light","floor":2,"gold_loss":0,"cards_upgraded":["Strike_R","Strike_R"]},{"damage_healed":0,"gold_gain":175,"player_choice":"AGREE","damage_taken":0,"max_hp_gain":0,"max_hp_loss":0,"event_name":"Liars Game","floor":7,"gold_loss":0,"cards_obtained":["Doubt"]},{"damage_healed":0,"gold_gain":0,"cards_transformed":["Strike_R"],"player_choice":"Change","damage_taken":0,"max_hp_gain":0,"max_hp_loss":0,"event_name":"Living Wall","floor":14,"gold_loss":0,"cards_obtained":["Second Wind"]},{"damage_healed":0,"gold_gain":0,"player_choice":"Shed Blood","damage_taken":20,"max_hp_gain":5,"max_hp_loss":0,"event_name":"Forgotten Altar","floor":25,"gold_loss":0}],"is_beta":false,"boss_relics":[{"not_picked":["Coffee Dripper","White Beast Statue"],"picked":"Sozu"}],"items_purged_floors":[4,12],"is_endless":false,"potions_floor_spawned":[3,10],"killed_by":"Slavers","ascension_level":0}