{"gold_per_floor":[113,78,40,215,42,42,67,67,93,103,114,114,133,145,145,250,250,261,277,277,202,202],"floor_reached":22,"playtime":899,"items_purged":["Doubt"],"score":258,"play_id":"501c0637-b677-491c-9e7a-0e6cea3ffc79","local_time":"20190412234736","is_ascension_mode":true,"campfire_choices":[{"data":"Uppercut","floor":6,"key":"SMITH"},{"data":"Flame Barrier","floor":8,"key":"SMITH"},{"data":"Clothesline","floor":12,"key":"SMITH"},{"floor":15,"key":"REST"}],"neow_cost":"PERCENT_DAMAGE","seed_source_timestamp":190693992013200,"circlet_count":0,"master_deck":["Strike_R","Strike_R","Strike_R","Strike_R","Defend_R","Defend_R","Defend_R","Defend_R","Bash","Jack Of All Trades","Jack Of All Trades","Uppercut+1","Thunderclap","Inflame","Flame Barrier+1","Clothesline+1","Disarm","Impervious","Fire Breathing","Berserk","Flex+1","Inflame"],"relics":["Burning Blood","Bag of Marbles","Bronze Scales","Snecko Eye","Nilry\u0027s Codex"],"potions_floor_usage":[16,16],"damage_taken":[{"damage":4,"enemies":"2 Louse","floor":1,"turns":3},{"damage":47,"enemies":"3 Sentries","floor":7,"turns":9},{"damage":0,"enemies":"Jaw Worm","floor":10,"turns":3},{"damage":0,"enemies":"Small Slimes","floor":11,"turns":3},{"damage":9,"enemies":"Looter","floor":13,"turns":2},{"damage":8,"enemies":"3 Louse","floor":14,"turns":3},{"damage":5,"enemies":"Hexaghost","floor":16,"turns":8},{"damage":9,"enemies":"3 Byrds","floor":18,"turns":3},{"damage":34,"enemies":"Spheric Guardian","floor":19,"turns":6},{"damage":29,"enemies":"Centurion and Healer","floor":22,"turns":3}],"seed_played":"-2071494961517558580","potions_obtained":[{"floor":7,"key":"FearPotion"},{"floor":13,"key":"Energy Potion"},{"floor":14,"key":"EssenceOfSteel"}],"is_trial":false,"path_per_floor":["M","?","$","?","$","R","E","R","T","M","M","R","M","M","R","B",null,"M","M","?","?","M"],"character_chosen":"IRONCLAD","items_purchased":["Uppercut","Thunderclap","Inflame"],"campfire_rested":1,"item_purchase_floors":[3,5,5],"current_hp_per_floor":[53,73,73,73,73,73,32,32,32,38,44,44,41,39,63,64,76,73,45,29,29,0],"gold":202,"neow_bonus":"RANDOM_COLORLESS_2","is_prod":false,"is_daily":false,"chose_seed":false,"campfire_upgraded":3,"win_rate":0,"timestamp":1555105656,"path_taken":["M","?","$","?","$","R","E","R","T","M","M","R","M","M","R","BOSS","M","M","?","?","M"],"build_version":"2019-01-23","purchased_purges":1,"victory":false,"max_hp_per_floor":[80,80,80,80,80,80,80,80,80,80,80,80,80,80,80,80,80,80,80,80,80,80],"card_choices":[{"not_picked":["Perfected Strike","Body Slam","Warcry"],"picked":"SKIP","floor":1},{"not_picked":["Cleave","Clothesline"],"picked":"Flame Barrier","floor":7},{"not_picked":["Pommel Strike","Flex"],"picked":"Clothesline","floor":10},{"not_picked":["Battle Trance","Flame Barrier"],"picked":"Disarm","floor":11},{"not_picked":["Dual Wield","Heavy Blade"],"picked":"Impervious","floor":13},{"not_picked":["Shrug It Off","Carnage"],"picked":"Fire Breathing","floor":14},{"not_picked":["Brutality","Impervious"],"picked":"Berserk","floor":16},{"not_picked":["Perfected Strike","Pommel Strike"],"picked":"Flex+1","floor":18},{"not_picked":["Warcry","Heavy Blade"],"picked":"Inflame","floor":19}],"player_experience":593801,"relics_obtained":[{"floor":7,"key":"Bag of Marbles"},{"floor":9,"key":"Bronze Scales"},{"floor":20,"key":"Nilry\u0027s Codex"}],"event_choices":[{"damage_healed":20,"gold_gain":0,"player_choice":"Healed","damage_taken":0,"max_hp_gain":0,"max_hp_loss":0,"event_name":"The Cleric","floor":2,"gold_loss":35},{"damage_healed":0,"gold_gain":175,"player_choice":"AGREE","damage_taken":0,"max_hp_gain":0,"max_hp_loss":0,"event_name":"Liars Game","floor":4,"gold_loss":0,"cards_obtained":["Doubt"]},{"damage_healed":0,"gold_gain":0,"player_choice":"Obtained Book","damage_taken":16,"max_hp_gain":0,"max_hp_loss":0,"event_name":"Cursed Tome","floor":20,"gold_loss":0},{"cards_removed":["Strike_R"],"damage_healed":0,"gold_gain":0,"player_choice":"Gave Gold","damage_taken":0,"max_hp_gain":0,"max_hp_loss":0,"event_name":"Beggar","floor":21,"gold_loss":75}],"is_beta":false,"boss_relics":[{"not_picked":["Fusion Hammer","Lizard Tail"],"picked":"Snecko Eye"}],"items_purged_floors":[5],"is_endless":false,"potions_floor_spawned":[7,13,14],"killed_by":"Centurion and Healer","ascension_level":8}