{"gold_per_floor":[119,134,146,164,89,89,104,117,117,117,117,117,117,140,140,140],"floor_reached":16,"playtime":612,"items_purged":["Strike_G"],"score":113,"play_id":"03605005-968d-4274-bc41-32b5ea250661","local_time":"20190407233244","is_ascension_mode":true,"campfire_choices":[{"data":"Setup","floor":6,"key":"SMITH"},{"data":"Dash","floor":10,"key":"SMITH"},{"data":"Flying Knee","floor":13,"key":"SMITH"},{"data":"Blur","floor":15,"key":"SMITH"}],"neow_cost":"NONE","seed_source_timestamp":114403659018955,"circlet_count":0,"master_deck":["Defend_G","Defend_G","Defend_G","Defend_G","Defend_G","Strike_G","Strike_G","Strike_G","Strike_G","Survivor","Neutralize+1","Setup+1","Flying Knee+1","Leg Sweep","Wraith Form v2","Dash+1","Blur+1","Deadly Poison"],"relics":["Ring of the Snake","Anchor","Golden Idol"],"potions_floor_usage":[7,16,16],"damage_taken":[{"damage":7,"enemies":"2 Louse","floor":1,"turns":3},{"damage":2,"enemies":"Small Slimes","floor":2,"turns":4},{"damage":3,"enemies":"Jaw Worm","floor":3,"turns":4},{"damage":9,"enemies":"Large Slime","floor":4,"turns":10},{"damage":5,"enemies":"Gremlin Gang","floor":7,"turns":8},{"damage":0,"enemies":"2 Fungi Beasts","floor":8,"turns":5},{"damage":0,"enemies":"Looter","floor":14,"turns":3},{"damage":36,"enemies":"Slime Boss","floor":16,"turns":7}],"seed_played":"-6698326677655519239","potions_obtained":[{"floor":2,"key":"Block Potion"},{"floor":7,"key":"SmokeBomb"},{"floor":8,"key":"AttackPotion"},{"floor":14,"key":"Fire Potion"}],"is_trial":false,"path_per_floor":["M","M","M","M","$","R","M","M","T","R","?","?","R","M","R","B"],"character_chosen":"THE_SILENT","items_purchased":[],"campfire_rested":0,"item_purchase_floors":[],"current_hp_per_floor":[63,61,58,49,49,49,44,44,44,44,44,27,27,27,27,0],"gold":140,"neow_bonus":"UPGRADE_CARD","is_prod":false,"is_daily":false,"chose_seed":false,"campfire_upgraded":4,"win_rate":0,"timestamp":1554651164,"path_taken":["M","M","M","M","$","R","M","M","T","R","?","?","R","M","R","BOSS"],"build_version":"2019-01-23","purchased_purges":1,"victory":false,"max_hp_per_floor":[70,70,70,70,70,70,70,70,70,70,70,70,70,70,70,70],"card_choices":[{"not_picked":["Prepared","Concentrate"],"picked":"Setup","floor":1},{"not_picked":["Flechettes","Dagger Throw"],"picked":"Flying Knee","floor":2},{"not_picked":["Dagger Throw","Sucker Punch"],"picked":"Leg Sweep","floor":3},{"not_picked":["Sucker Punch","Dagger Throw"],"picked":"Wraith Form v2","floor":4},{"not_picked":["Eviscerate","Bane"],"picked":"Dash","floor":7},{"not_picked":["Blade Dance","Leg Sweep"],"picked":"Blur","floor":8},{"not_picked":["Expertise","PiercingWail"],"picked":"Deadly Poison","floor":14}],"player_experience":951373,"relics_obtained":[{"floor":9,"key":"Anchor"}],"event_choices":[{"damage_healed":0,"gold_gain":0,"player_choice":"Searched \u00270\u0027 times","damage_taken":0,"max_hp_gain":0,"max_hp_loss":0,"event_name":"Dead Adventurer","floor":11,"gold_loss":0},{"damage_healed":0,"gold_gain":0,"player_choice":"Take Damage","damage_taken":17,"relics_obtained":["Golden Idol"],"max_hp_gain":0,"max_hp_loss":0,"event_name":"Golden Idol","floor":12,"gold_loss":0}],"is_beta":false,"boss_relics":[],"items_purged_floors":[5],"is_endless":false,"potions_floor_spawned":[2,7,8,14],"killed_by":"Slime Boss","ascension_level":4}