{"gold_per_floor":[367,367,377,377,97,127,127,127,127,127,155,155,12,77,77,179,179,199,218,218,236,251,282,12,28,28,28,56,56,89,40,40,140,140,151,51,71,90,90,90,119,119,145,155,167,167,177,177,177,177],"floor_reached":50,"playtime":6493,"items_purged":["Regret","Normality"],"score":614,"play_id":"ced80c36-8483-4942-903a-19ab9e923bff","local_time":"20190224153904","is_ascension_mode":true,"campfire_choices":[{"floor":8,"key":"REST"},{"floor":10,"key":"REST"},{"data":"Shrug It Off","floor":12,"key":"SMITH"},{"floor":15,"key":"REST"},{"data":"Pommel Strike","floor":27,"key":"SMITH"},{"floor":29,"key":"REST"},{"floor":32,"key":"REST"},{"floor":40,"key":"RECALL"},{"data":"Flame Barrier","floor":46,"key":"SMITH"},{"floor":49,"key":"REST"}],"neow_cost":"TEN_PERCENT_HP_LOSS","seed_source_timestamp":735144079224905,"circlet_count":0,"master_deck":["Strike_R","Strike_R","Strike_R","Defend_R","Defend_R","Defend_R","Defend_R","Bash","Thunderclap","Headbutt","Shrug It Off+1","Battle Trance","Hemokinesis","Disarm","Pommel Strike","Shrug It Off","Juggernaut+1","Shockwave","Cleave","Pommel Strike+1","Bloodletting","Shrug It Off","Rupture+1","Body Slam+1","Metallicize+1","Exhume","Blood for Blood+1","Flame Barrier+1","Barricade+1","Metallicize+1","Ghostly Armor","Secret Weapon","Panacea","Whirlwind","Decay","Hemokinesis+1","Armaments"],"relics":["Burning Blood","Dream Catcher","Frozen Egg 2","Vajra","Anchor","Regal Pillow","Question Card","Bag of Preparation","Ancient Tea Set","Cursed Key","Letter Opener","Centennial Puzzle","Gremlin Horn","Turnip","Snecko Eye","Shuriken","Red Skull"],"potions_floor_usage":[16,23,33,33,38,45,50,50],"damage_taken":[{"damage":6,"enemies":"Jaw Worm","floor":1,"turns":3},{"damage":7,"enemies":"Small Slimes","floor":3,"turns":5},{"damage":48,"enemies":"Lagavulin","floor":6,"turns":8},{"damage":33,"enemies":"Gremlin Nob","floor":11,"turns":5},{"damage":17,"enemies":"3 Sentries","floor":14,"turns":7},{"damage":24,"enemies":"Slime Boss","floor":16,"turns":9},{"damage":12,"enemies":"3 Byrds","floor":18,"turns":5},{"damage":3,"enemies":"Chosen","floor":19,"turns":4},{"damage":7,"enemies":"Snecko","floor":21,"turns":5},{"damage":12,"enemies":"Centurion and Healer","floor":22,"turns":5},{"damage":5,"enemies":"Slavers","floor":23,"turns":5},{"damage":6,"enemies":"Snake Plant","floor":25,"turns":4},{"damage":52,"enemies":"Gremlin Leader","floor":28,"turns":5},{"damage":7,"enemies":"Book of Stabbing","floor":30,"turns":5},{"damage":30,"enemies":"Collector","floor":33,"turns":7},{"damage":0,"enemies":"3 Darklings","floor":35,"turns":6},{"damage":5,"enemies":"3 Shapes","floor":37,"turns":2},{"damage":20,"enemies":"Sphere and 2 Shapes","floor":38,"turns":6},{"damage":0,"enemies":"Nemesis","floor":41,"turns":11},{"damage":5,"enemies":"Transient","floor":44,"turns":5},{"damage":0,"enemies":"Jaw Worm Horde","floor":45,"turns":2},{"damage":25,"enemies":"Sphere and 2 Shapes","floor":47,"turns":6},{"damage":71,"enemies":"Donu and Deca","floor":50,"turns":4}],"seed_played":"-7699853565887994142","potions_obtained":[{"floor":11,"key":"LiquidBronze"},{"floor":14,"key":"SmokeBomb"},{"floor":19,"key":"Strength Potion"},{"floor":20,"key":"EssenceOfSteel"},{"floor":20,"key":"Block Potion"},{"floor":35,"key":"Weak Potion"},{"floor":38,"key":"LiquidBronze"},{"floor":44,"key":"Explosive Potion"},{"floor":47,"key":"SpeedPotion"}],"is_trial":false,"path_per_floor":["M","?","M","?","$","E","?","R","T","R","E","R","$","?","R","B",null,"M","M","?","M","M","E","$","M","T","R","E","R","E","$","R","B",null,"M","$","M","M","?","R","E","?","T","M","M","R","M","?","R","B"],"character_chosen":"IRONCLAD","items_purchased":["Vajra","Shrug It Off","Bag of Preparation","Shrug It Off","Centennial Puzzle","Rupture+1","Poison Potion"],"campfire_rested":6,"item_purchase_floors":[5,5,13,24,24,24,31],"current_hp_per_floor":[72,54,53,53,53,11,4,25,25,61,34,34,34,23,59,41,72,66,69,69,68,62,63,63,63,63,63,17,53,52,52,72,48,72,72,72,72,58,53,53,59,59,59,60,66,66,47,47,68,0],"gold":177,"neow_bonus":"TWO_FIFTY_GOLD","is_prod":false,"is_daily":false,"chose_seed":false,"campfire_upgraded":3,"win_rate":0,"timestamp":1551044344,"path_taken":["M","?","M","?","$","E","?","R","T","R","E","R","$","?","R","BOSS","M","M","?","M","M","E","$","M","T","R","E","R","E","?","R","BOSS","M","$","M","M","?","R","E","?","T","M","M","R","M","?","R","BOSS"],"build_version":"2019-01-23","purchased_purges":2,"victory":false,"max_hp_per_floor":[72,72,72,72,72,72,72,72,72,72,72,72,72,72,72,72,72,72,72,72,72,72,72,72,72,72,72,72,72,72,72,72,72,72,72,72,72,72,72,72,72,72,72,72,72,72,72,68,68,68],"card_choices":[{"not_picked":["Perfected Strike","Infernal Blade"],"picked":"Thunderclap","floor":1},{"not_picked":["Clothesline","Twin Strike"],"picked":"Headbutt","floor":3},{"not_picked":["Corruption+1","Combust+1"],"picked":"Battle Trance","floor":6},{"not_picked":["Wild Strike","True Grit"],"picked":"Hemokinesis","floor":10},{"not_picked":["Headbutt","Iron Wave"],"picked":"Disarm","floor":11},{"not_picked":["Immolate","Clothesline","Bloodletting"],"picked":"Pommel Strike","floor":14},{"not_picked":["Heavy Blade","Power Through","Searing Blow"],"picked":"Shrug It Off","floor":15},{"not_picked":["Immolate","Barricade+1","Double Tap"],"picked":"Juggernaut+1","floor":16},{"not_picked":["Rage","Clothesline","Sever Soul","Clash"],"picked":"SKIP","floor":18},{"not_picked":["Anger","Clash","Rage"],"picked":"Shockwave","floor":19},{"not_picked":["Entrench","Warcry","Headbutt"],"picked":"Cleave","floor":21},{"not_picked":["Thunderclap+1","Battle Trance","Burning Pact"],"picked":"Pommel Strike","floor":22},{"not_picked":["Wild Strike+1","Feed","Thunderclap"],"picked":"Bloodletting","floor":23},{"not_picked":["Cleave+1","Warcry+1","Wild Strike"],"picked":"Body Slam+1","floor":25},{"not_picked":["Evolve+1","Heavy Blade","Shrug It Off"],"picked":"Metallicize+1","floor":28},{"not_picked":["Whirlwind","Clothesline","Carnage"],"picked":"Exhume","floor":29},{"not_picked":["Infernal Blade","Seeing Red","Flex+1"],"picked":"Blood for Blood+1","floor":30},{"not_picked":["True Grit","Heavy Blade","Pommel Strike"],"picked":"Flame Barrier","floor":32},{"not_picked":["Reaper","Fiend Fire","Juggernaut+1"],"picked":"Barricade+1","floor":33},{"not_picked":["Shrug It Off","Fire Breathing+1","Clothesline"],"picked":"Metallicize+1","floor":35},{"not_picked":["Carnage+1","Disarm","Anger+1"],"picked":"Ghostly Armor","floor":37},{"not_picked":["Rage","Clash+1","Flex","Sword Boomerang"],"picked":"SKIP","floor":38},{"not_picked":["Violence","Master of Strategy","Enlightenment"],"picked":"Secret Weapon","floor":39},{"not_picked":["Flash of Steel","Discovery","Dark Shackles"],"picked":"Panacea","floor":39},{"not_picked":["Feel No Pain+1","Flex","Bloodletting+1"],"picked":"Whirlwind","floor":41},{"not_picked":["Pummel+1","Sever Soul","Hemokinesis","True Grit+1"],"picked":"SKIP","floor":44},{"not_picked":["Corruption+1","Infernal Blade+1","Havoc+1","Carnage"],"picked":"SKIP","floor":45},{"not_picked":["Warcry","Second Wind+1","Headbutt+1"],"picked":"Hemokinesis+1","floor":47},{"not_picked":["Shrug It Off","Body Slam","Carnage+1"],"picked":"Armaments","floor":49}],"player_experience":174414,"relics_obtained":[{"floor":6,"key":"Anchor"},{"floor":9,"key":"Regal Pillow"},{"floor":11,"key":"Question Card"},{"floor":14,"key":"Ancient Tea Set"},{"floor":23,"key":"Letter Opener"},{"floor":28,"key":"Gremlin Horn"},{"floor":30,"key":"Turnip"},{"floor":41,"key":"Shuriken"},{"floor":43,"key":"Red Skull"}],"event_choices":[{"damage_healed":0,"gold_gain":0,"player_choice":"Success","damage_taken":18,"relics_obtained":["Dream Catcher"],"max_hp_gain":0,"max_hp_loss":0,"event_name":"Scrap Ooze","floor":2,"gold_loss":0},{"damage_healed":0,"gold_gain":0,"player_choice":"Box","damage_taken":0,"relics_obtained":["Frozen Egg 2"],"max_hp_gain":0,"max_hp_loss":0,"event_name":"Big Fish","floor":4,"gold_loss":0,"cards_obtained":["Regret"]},{"cards_removed":["Strike_R"],"damage_healed":0,"gold_gain":0,"player_choice":"Card Removal","damage_taken":7,"max_hp_gain":0,"max_hp_loss":0,"event_name":"Golden Wing","floor":7,"gold_loss":0},{"damage_healed":0,"gold_gain":0,"player_choice":"Searched \u00271\u0027 times","damage_taken":0,"max_hp_gain":0,"max_hp_loss":0,"event_name":"Dead Adventurer","floor":14,"gold_loss":0},{"damage_healed":0,"gold_gain":0,"player_choice":"Got Potions","damage_taken":0,"max_hp_gain":0,"max_hp_loss":0,"event_name":"Lab","floor":20,"gold_loss":0},{"damage_healed":0,"gold_gain":0,"player_choice":"Memory 2","damage_taken":5,"max_hp_gain":0,"max_hp_loss":0,"event_name":"SensoryStone","floor":39,"gold_loss":0},{"cards_removed":["Strike_R"],"damage_healed":0,"gold_gain":0,"player_choice":"Removed Attack","damage_taken":0,"max_hp_gain":0,"max_hp_loss":0,"event_name":"Falling","floor":42,"gold_loss":0},{"damage_healed":0,"gold_gain":0,"player_choice":"Max HP","damage_taken":0,"max_hp_gain":0,"max_hp_loss":4,"event_name":"Winding Halls","floor":48,"gold_loss":0}],"is_beta":false,"boss_relics":[{"not_picked":["Astrolabe","Tiny House"],"picked":"Cursed Key"},{"not_picked":["Lizard Tail","Pandora\u0027s Box"],"picked":"Snecko Eye"}],"items_purged_floors":[5,36],"is_endless":false,"potions_floor_spawned":[11,14,19,22,35,38,44,47],"killed_by":"Donu and Deca","ascension_level":1}