{"gold_per_floor":[114,131,150,150,150,150,162,162,162,162,173,186,186,213,213,309,309,320,164,164,264,264,264,280,280,306,306,306,112,131,141,141,242,242,255,255,78,26,40,40,59,59,59,76,76,94,94,114,114,114],"floor_reached":51,"playtime":3039,"items_purged":["Strike_B","Strike_B"],"score":622,"play_id":"2536c65a-75b5-43fb-9874-2c5b20927ad0","local_time":"20190303161457","is_ascension_mode":false,"campfire_choices":[{"data":"Dualcast","floor":6,"key":"SMITH"},{"data":"Loop","floor":8,"key":"SMITH"},{"data":"Conserve Battery","floor":10,"key":"SMITH"},{"data":"Sweeping Beam","floor":15,"key":"SMITH"},{"data":"Hologram","floor":23,"key":"SMITH"},{"data":"Defragment","floor":25,"key":"SMITH"},{"data":"Conserve Battery","floor":28,"key":"SMITH"},{"data":"Buffer","floor":32,"key":"SMITH"},{"data":"Sunder","floor":40,"key":"SMITH"},{"data":"Capacitor","floor":42,"key":"SMITH"},{"data":"Loop","floor":47,"key":"SMITH"},{"data":"Reboot","floor":49,"key":"SMITH"}],"neow_cost":"NONE","seed_source_timestamp":694429215220957,"circlet_count":0,"master_deck":["Defend_B","Defend_B","Defend_B","Defend_B","Zap+1","Dualcast+1","Loop+1","Self Repair","Rip and Tear","Conserve Battery+1","Static Discharge+1","Sweeping Beam+1","Ball Lightning","Buffer+1","Hologram+1","Defragment+1","Conserve Battery+1","Sunder+1","Loop+1","Rebound+1","Panacea+1","Lockon+1","Reboot+1","Capacitor+1","Hologram+1","Defragment+1","BootSequence+1","Parasite","White Noise"],"relics":["Cracked Core","Oddly Smooth Stone","Meat on the Bone","Kunai","Coffee Dripper","Nilry\u0027s Codex","Unceasing Top","Bottled Tornado","Centennial Puzzle","Eternal Feather","Juzu Bracelet","Dodecahedron"],"potions_floor_usage":[14,21,21,21,50,50,50],"damage_taken":[{"damage":4,"enemies":"2 Louse","floor":1,"turns":3},{"damage":4,"enemies":"Small Slimes","floor":2,"turns":4},{"damage":0,"enemies":"Cultist","floor":3,"turns":4},{"damage":1,"enemies":"2 Fungi Beasts","floor":7,"turns":4},{"damage":4,"enemies":"Looter","floor":11,"turns":3},{"damage":8,"enemies":"3 Louse","floor":12,"turns":4},{"damage":12,"enemies":"3 Sentries","floor":14,"turns":4},{"damage":21,"enemies":"The Guardian","floor":16,"turns":8},{"damage":9,"enemies":"Shell Parasite","floor":18,"turns":5},{"damage":8,"enemies":"Colosseum Slavers","floor":21,"turns":4},{"damage":19,"enemies":"Colosseum Nobs","floor":21,"turns":4},{"damage":6,"enemies":"3 Byrds","floor":24,"turns":3},{"damage":2,"enemies":"Cultist and Chosen","floor":30,"turns":4},{"damage":0,"enemies":"Snake Plant","floor":31,"turns":4},{"damage":47,"enemies":"Automaton","floor":33,"turns":7},{"damage":32,"enemies":"3 Darklings","floor":35,"turns":4},{"damage":0,"enemies":"Orb Walker","floor":39,"turns":4},{"damage":1,"enemies":"Maw","floor":41,"turns":7},{"damage":0,"enemies":"3 Darklings","floor":44,"turns":5},{"damage":0,"enemies":"Transient","floor":46,"turns":5},{"damage":0,"enemies":"Writhing Mass","floor":48,"turns":7},{"damage":37,"enemies":"Time Eater","floor":50,"turns":8}],"seed_played":"-574287619401854310","potions_obtained":[{"floor":1,"key":"FocusPotion"},{"floor":11,"key":"Fire Potion"},{"floor":12,"key":"Explosive Potion"},{"floor":18,"key":"PowerPotion"},{"floor":21,"key":"FearPotion"}],"is_trial":false,"path_per_floor":["M","M","M","?","?","R","M","R","T","R","M","M","?","E","R","B",null,"M","$","?","?","?","R","M","R","T","?","R","$","M","M","R","B",null,"M","?","$","$","M","R","M","R","T","M","T","M","R","M","R","B",null],"character_chosen":"DEFECT","items_purchased":["Defragment","Panacea","Capacitor","Swift Potion","Dexterity Potion","PowerPotion"],"campfire_rested":0,"item_purchase_floors":[19,29,37,37,37,38],"current_hp_per_floor":[71,67,74,74,74,74,73,73,73,73,75,74,74,69,69,55,75,73,73,57,56,56,56,50,50,50,36,36,36,53,60,60,25,80,55,55,55,55,55,70,76,80,80,80,80,80,80,80,80,50],"gold":114,"neow_bonus":"RANDOM_COMMON_RELIC","is_prod":false,"is_daily":false,"chose_seed":false,"campfire_upgraded":12,"win_rate":0.0,"timestamp":1551600897,"path_taken":["M","M","M","?","?","R","M","R","T","R","M","M","?","E","R","BOSS","M","$","?","?","?","R","M","R","T","?","R","?","M","?","R","BOSS","M","?","?","$","M","R","M","R","T","M","?","M","R","M","R","BOSS"],"build_version":"2019-01-23","purchased_purges":2,"victory":true,"max_hp_per_floor":[75,75,75,75,75,75,75,75,75,75,75,75,75,75,75,75,75,75,75,75,75,75,75,75,75,75,80,80,80,80,80,80,80,80,80,80,80,80,80,80,80,80,80,80,80,80,80,80,80,80],"card_choices":[{"not_picked":["BootSequence","Cold Snap"],"picked":"Loop","floor":1},{"not_picked":["Scrape","Rebound"],"picked":"Self Repair","floor":2},{"not_picked":["Compile Driver","Barrage"],"picked":"Rip and Tear","floor":3},{"not_picked":["Rip and Tear","Cold Snap"],"picked":"Conserve Battery","floor":7},{"not_picked":["Steam Power","Rip and Tear"],"picked":"Static Discharge","floor":11},{"not_picked":["Conserve Battery","Compile Driver"],"picked":"Sweeping Beam","floor":12},{"not_picked":["Streamline","Creative AI"],"picked":"Ball Lightning","floor":14},{"not_picked":["Meteor Strike","All For One"],"picked":"Buffer","floor":16},{"not_picked":["Sweeping Beam+1","Gash"],"picked":"Hologram","floor":18},{"not_picked":["Compile Driver","Ball Lightning"],"picked":"Conserve Battery","floor":21},{"not_picked":["Redo","Beam Cell"],"picked":"Rebound+1","floor":24},{"not_picked":["Cold Snap","All For One"],"picked":"Lockon+1","floor":30},{"not_picked":["Undo","Rebound","Streamline"],"picked":"SKIP","floor":31},{"not_picked":["Machine Learning","Seek"],"picked":"Reboot","floor":33},{"not_picked":["Double Energy","Leap","Rebound"],"picked":"SKIP","floor":35},{"not_picked":["Leap","Barrage"],"picked":"Hologram+1","floor":39},{"not_picked":["Steam+1","Barrage"],"picked":"Defragment+1","floor":41},{"not_picked":["Coolheaded+1","Hologram"],"picked":"BootSequence+1","floor":44},{"not_picked":["Cold Snap+1","Gash","Sweeping Beam"],"picked":"SKIP","floor":46},{"not_picked":["Steam","Stack+1"],"picked":"White Noise","floor":48}],"player_experience":726920,"relics_obtained":[{"floor":9,"key":"Meat on the Bone"},{"floor":14,"key":"Kunai"},{"floor":20,"key":"Nilry\u0027s Codex"},{"floor":21,"key":"Unceasing Top"},{"floor":21,"key":"Bottled Tornado"},{"floor":26,"key":"Centennial Puzzle"},{"floor":43,"key":"Juzu Bracelet"},{"floor":45,"key":"Dodecahedron"}],"event_choices":[{"damage_healed":0,"gold_gain":0,"player_choice":"Grow","damage_taken":0,"max_hp_gain":0,"max_hp_loss":0,"event_name":"Living Wall","floor":4,"gold_loss":0,"cards_upgraded":["Zap"]},{"damage_healed":0,"gold_gain":0,"player_choice":"Ignored","damage_taken":0,"max_hp_gain":0,"max_hp_loss":0,"event_name":"Liars Game","floor":5,"gold_loss":0},{"damage_healed":0,"gold_gain":0,"player_choice":"Upgraded","damage_taken":0,"max_hp_gain":0,"max_hp_loss":0,"event_name":"Upgrade Shrine","floor":13,"gold_loss":0,"cards_upgraded":["Static Discharge"]},{"damage_healed":0,"gold_gain":0,"player_choice":"Obtained Book","damage_taken":16,"max_hp_gain":0,"max_hp_loss":0,"event_name":"Cursed Tome","floor":20,"gold_loss":0},{"damage_healed":0,"gold_gain":0,"player_choice":"Fight","damage_taken":0,"max_hp_gain":0,"max_hp_loss":0,"event_name":"Colosseum","floor":21,"gold_loss":0},{"damage_healed":0,"gold_gain":0,"player_choice":"Fought Nobs","damage_taken":0,"max_hp_gain":0,"max_hp_loss":0,"event_name":"Colosseum","floor":21,"gold_loss":0},{"damage_healed":0,"gold_gain":0,"cards_transformed":["Strike_B","Strike_B"],"player_choice":"Became Test Subject","damage_taken":0,"max_hp_gain":0,"max_hp_loss":0,"event_name":"Drug Dealer","floor":22,"gold_loss":0,"cards_obtained":["Sunder","Loop"]},{"damage_healed":0,"gold_gain":0,"player_choice":"Shed Blood","damage_taken":19,"max_hp_gain":5,"max_hp_loss":0,"event_name":"Forgotten Altar","floor":27,"gold_loss":0},{"damage_healed":0,"gold_gain":0,"player_choice":"Forge","damage_taken":0,"max_hp_gain":0,"max_hp_loss":0,"event_name":"Accursed Blacksmith","floor":36,"gold_loss":0,"cards_upgraded":["Panacea"]}],"is_beta":false,"boss_relics":[{"not_picked":["Calling Bell","Philosopher\u0027s Stone"],"picked":"Coffee Dripper"},{"not_picked":["Nuclear Battery","Orrery"],"picked":"Eternal Feather"}],"items_purged_floors":[19,29],"is_endless":false,"potions_floor_spawned":[1,11,12,18,21,21,48],"ascension_level":0}