{"gold_per_floor":[117,28,28,44,56,56,231,244,289,20,50,50,50,60,60,162,162,180,199,399,409,6,6,32,43,92,110,110,35,35,48,48,152,152,162,162,177,177,0,35,35,35,60,106,16,16,16],"floor_reached":47,"playtime":3302,"items_purged":["Doubt","Strike_R"],"score":620,"play_id":"ec2ca4c5-8f51-4d78-93f1-6be2d567bc56","local_time":"20190314194901","is_ascension_mode":true,"campfire_choices":[{"data":"Flame Barrier","floor":6.0,"key":"SMITH"},{"floor":13.0,"key":"REST"},{"floor":15.0,"key":"REST"},{"data":"Barricade","floor":23,"key":"SMITH"},{"floor":28,"key":"REST"},{"floor":32,"key":"REST"},{"floor":41,"key":"REST"},{"floor":46,"key":"REST"}],"neow_cost":"NONE","seed_source_timestamp":0,"circlet_count":0,"master_deck":["Strike_R","Strike_R","Defend_R","Defend_R","Defend_R","Defend_R","Bash","Body Slam","Flame Barrier+1","Pommel Strike","Evolve","Shockwave","Rampage","Barricade+1","Shrug It Off+1","Body Slam+1","Master of Strategy","Whirlwind","Flash of Steel","Shrug It Off+1","Ghostly Armor","True Grit+1","Juggernaut","Madness","Madness","Wild Strike+1","Shockwave+1","Panache","Shame","Metallicize","Metallicize","Shrug It Off"],"special_seed":0,"relics":["Runic Cube","Bronze Scales","Sling","Orichalcum","Sozu","Pear","Juzu Bracelet","Nilry\u0027s Codex","Cursed Key","Red Mask","Pantograph","Regal Pillow","Ice Cream"],"potions_floor_usage":[47],"damage_taken":[{"damage":2.0,"enemies":"Small Slimes","floor":1.0,"turns":4.0},{"damage":0.0,"enemies":"2 Louse","floor":4.0,"turns":2.0},{"damage":4.0,"enemies":"Jaw Worm","floor":5.0,"turns":6.0},{"damage":36.0,"enemies":"Exordium Thugs","floor":8.0,"turns":7.0},{"damage":28.0,"enemies":"Gremlin Nob","floor":11.0,"turns":5.0},{"damage":8.0,"enemies":"Lots of Slimes","floor":14.0,"turns":3.0},{"damage":47.0,"enemies":"The Guardian","floor":16.0,"turns":14.0},{"damage":6.0,"enemies":"Chosen","floor":18.0,"turns":5.0},{"damage":6.0,"enemies":"3 Byrds","floor":19.0,"turns":3.0},{"damage":24.0,"enemies":"Centurion and Healer","floor":21.0,"turns":8.0},{"damage":24,"enemies":"Book of Stabbing","floor":24,"turns":5},{"damage":7,"enemies":"Chosen and Byrds","floor":25,"turns":6},{"damage":8,"enemies":"Snake Plant","floor":27,"turns":4},{"damage":6,"enemies":"Centurion and Healer","floor":31,"turns":8},{"damage":16,"enemies":"Champ","floor":33,"turns":12},{"damage":13,"enemies":"3 Darklings","floor":35,"turns":5},{"damage":2,"enemies":"Orb Walker","floor":37,"turns":4},{"damage":41,"enemies":"Giant Head","floor":40,"turns":8},{"damage":24,"enemies":"2 Orb Walkers","floor":44,"turns":5},{"damage":79,"enemies":"Reptomancer","floor":47,"turns":6}],"seed_played":"-4955578117544652346","potions_obtained":[{"floor":5.0,"key":"BloodPotion"},{"floor":8.0,"key":"SkillPotion"},{"floor":16.0,"key":"FearPotion"}],"is_trial":false,"path_per_floor":["M","$","?","M","M","R","?","M","T","$","E","?","R","M","R","B",null,"M","M","?","M","$","R","E","M","T","M","R","?","?","M","R","B",null,"M","?","M","?","?","E","R","?","T","?","$","R","E"],"character_chosen":"IRONCLAD","items_purchased":["Flame Barrier","Pommel Strike","Sling","Master of Strategy","Whirlwind","Flash of Steel","Metallicize","Shrug It Off"],"campfire_rested":6,"item_purchase_floors":[2,2,10,22,22,22,45,45],"current_hp_per_floor":[78,78,71,71,67,67,67,31,31,31,3,3,27,27,51,4,80,74,68,68,44,44,44,30,23,23,15,42,42,26,20,47,31,90,77,66,64,64,64,23,50,50,50,26,26,68,0],"gold":16,"neow_bonus":"BOSS_RELIC","is_prod":false,"is_daily":false,"chose_seed":false,"campfire_upgraded":2,"win_rate":0,"timestamp":1552610941,"path_taken":["M","$","?","M","M","R","?","M","T","$","E","?","R","M","R","BOSS","M","M","?","?","?","R","E","M","T","M","R","?","?","M","R","BOSS","M","?","M","?","?","E","R","?","T","?","$","R","E"],"build_version":"2019-01-23","purchased_purges":2,"victory":false,"max_hp_per_floor":[80,80,80,80,80,80,80,80,80,80,80,80,80,80,80,80,80,80,80,80,80,80,80,90,90,90,90,90,90,90,90,90,90,90,90,90,90,90,90,90,90,90,90,90,90,90,90],"card_choices":[{"not_picked":["Headbutt","Armaments"],"picked":"Body Slam","floor":1.0},{"not_picked":["Pummel","Burning Pact","Thunderclap"],"picked":"SKIP","floor":4.0},{"not_picked":["Warcry","Armaments"],"picked":"Evolve","floor":5.0},{"not_picked":["Hemokinesis","Whirlwind"],"picked":"Shockwave","floor":8.0},{"not_picked":["Iron Wave","Rupture","Flex"],"picked":"SKIP","floor":11.0},{"not_picked":["Cleave","Headbutt"],"picked":"Rampage","floor":14.0},{"not_picked":["Impervious","Offering"],"picked":"Barricade","floor":16.0},{"not_picked":["Body Slam","Combust"],"picked":"Shrug It Off+1","floor":18.0},{"not_picked":["Wild Strike","Power Through"],"picked":"Body Slam+1","floor":19.0},{"not_picked":["Sword Boomerang+1","Iron Wave"],"picked":"Metallicize","floor":21.0},{"not_picked":["Corruption","Dual Wield","Searing Blow"],"picked":"SKIP","floor":24},{"not_picked":["Havoc","Inflame"],"picked":"Shrug It Off+1","floor":25},{"not_picked":["Warcry","True Grit+1"],"picked":"Ghostly Armor","floor":27},{"not_picked":["Cleave","Dark Embrace"],"picked":"True Grit+1","floor":31},{"not_picked":["Exhume","Bludgeon"],"picked":"Juggernaut","floor":33},{"not_picked":["Clash+1","Sword Boomerang","Warcry+1"],"picked":"SKIP","floor":35},{"not_picked":["Warcry","Sword Boomerang"],"picked":"Wild Strike+1","floor":37},{"not_picked":["Perfected Strike","Inflame"],"picked":"Shockwave+1","floor":40},{"not_picked":["Transmutation","Good Instincts"],"picked":"Panache","floor":42},{"not_picked":["Combust+1","Clash+1"],"picked":"Metallicize","floor":44}],"player_experience":280293,"relics_obtained":[{"floor":9.0,"key":"Bronze Scales"},{"floor":11.0,"key":"Orichalcum"},{"floor":24,"key":"Pear"},{"floor":26,"key":"Juzu Bracelet"},{"floor":30,"key":"Nilry\u0027s Codex"},{"floor":40,"key":"Pantograph"},{"floor":43,"key":"Regal Pillow"},{"floor":44,"key":"Ice Cream"}],"event_choices":[{"cards_removed":["Strike_R"],"damage_healed":0.0,"max_hp_gain":0.0,"max_hp_loss":0.0,"gold_gain":0.0,"event_name":"Golden Wing","player_choice":"Card Removal","floor":3.0,"gold_loss":0.0,"damage_taken":7.0},{"damage_healed":0.0,"max_hp_gain":0.0,"max_hp_loss":0.0,"gold_gain":175.0,"event_name":"Liars Game","player_choice":"AGREE","floor":7.0,"gold_loss":0.0,"damage_taken":0.0,"cards_obtained":["Doubt"]},{"damage_healed":0.0,"max_hp_gain":0.0,"max_hp_loss":0.0,"gold_gain":0.0,"event_name":"Shining Light","player_choice":"Ignored","floor":12.0,"gold_loss":0.0,"damage_taken":0.0},{"damage_healed":0.0,"max_hp_gain":0.0,"max_hp_loss":0.0,"gold_gain":250.0,"event_name":"The Joust","player_choice":"Bet on Owner","floor":20.0,"gold_loss":50.0,"damage_taken":0.0},{"cards_removed":["Strike_R"],"damage_healed":0,"gold_gain":0,"player_choice":"Gave Gold","damage_taken":0,"max_hp_gain":0,"max_hp_loss":0,"event_name":"Beggar","floor":29,"gold_loss":75},{"damage_healed":0,"gold_gain":0,"player_choice":"Obtained Book","damage_taken":16,"max_hp_gain":0,"max_hp_loss":0,"event_name":"Cursed Tome","floor":30,"gold_loss":0},{"damage_healed":0,"gold_gain":0,"player_choice":"Embrace Madness","damage_taken":11,"max_hp_gain":0,"max_hp_loss":0,"event_name":"Winding Halls","floor":36,"gold_loss":0,"cards_obtained":["Madness","Madness"]},{"cards_removed":["Metallicize"],"damage_healed":0,"gold_gain":0,"player_choice":"Removed Power","damage_taken":0,"max_hp_gain":0,"max_hp_loss":0,"event_name":"Falling","floor":38,"gold_loss":0},{"damage_healed":0,"gold_gain":0,"player_choice":"Paid","damage_taken":0,"relics_obtained":["Red Mask"],"max_hp_gain":0,"max_hp_loss":0,"event_name":"Tomb of Lord Red Mask","floor":39,"gold_loss":177},{"damage_healed":0,"gold_gain":0,"player_choice":"Memory 1","damage_taken":0,"max_hp_gain":0,"max_hp_loss":0,"event_name":"SensoryStone","floor":42,"gold_loss":0},{"damage_healed":0,"gold_gain":0,"player_choice":"Fight","damage_taken":0,"max_hp_gain":0,"max_hp_loss":0,"event_name":"Mysterious Sphere","floor":44,"gold_loss":0}],"is_beta":false,"boss_relics":[{"not_picked":["Calling Bell","Philosopher\u0027s Stone"],"picked":"Sozu"},{"not_picked":["Busted Crown","Fusion Hammer"],"picked":"Cursed Key"}],"items_purged_floors":[10,22],"is_endless":false,"potions_floor_spawned":[5,8,16,21,24,27,31,33,37],"killed_by":"Reptomancer","ascension_level":4}