{"gold_per_floor":[118,118,134,146,165,165,165,192,192,192,217,217,45,60,60,157,157,168,168,187,33,49,49],"floor_reached":23,"playtime":1733,"items_purged":[],"score":271,"play_id":"7e47fc98-6453-48f0-a78b-627aed49fe5d","local_time":"20190402154557","is_ascension_mode":true,"campfire_choices":[{"floor":6.0,"key":"REST"},{"floor":10.0,"key":"REST"},{"floor":15.0,"key":"REST"}],"neow_cost":"NONE","seed_source_timestamp":0,"circlet_count":0,"master_deck":["Defend_G","Defend_G","Defend_G","Defend_G","Defend_G","Strike_G","Strike_G","Strike_G","Strike_G","Strike_G","Survivor","Neutralize","Skewer","Cloak And Dagger","Bouncing Flask","Deadly Poison+1","Deflect+1","Dodge and Roll+1","Footwork","Cloak And Dagger+1","Doppelganger+1","Expertise+1","Noxious Fumes","Catalyst+1","Deadly Poison+1","Calculated Gamble+1"],"special_seed":0,"relics":["Ring of the Snake","Blood Vial","Turnip","Toxic Egg 2","Pen Nib","Bottled Flame","Black Star","Nloth\u0027s Gift"],"potions_floor_usage":[22,22],"damage_taken":[{"damage":15.0,"enemies":"Jaw Worm","floor":1.0,"turns":6.0},{"damage":7.0,"enemies":"Cultist","floor":3.0,"turns":4.0},{"damage":0.0,"enemies":"2 Louse","floor":4.0,"turns":2.0},{"damage":14.0,"enemies":"Looter","floor":5.0,"turns":4.0},{"damage":30.0,"enemies":"Gremlin Nob","floor":8.0,"turns":5.0},{"damage":25.0,"enemies":"Lagavulin","floor":11.0,"turns":4.0},{"damage":0.0,"enemies":"Blue Slaver","floor":14.0,"turns":3.0},{"damage":29.0,"enemies":"Slime Boss","floor":16.0,"turns":14.0},{"damage":6,"enemies":"Shell Parasite","floor":18,"turns":5},{"damage":35,"enemies":"3 Byrds","floor":20,"turns":7},{"damage":17,"enemies":"Snecko","floor":22,"turns":5},{"damage":10,"enemies":"Slavers","floor":23,"turns":1}],"seed_played":"1441963653214819062","potions_obtained":[{"floor":8.0,"key":"GamblersBrew"},{"floor":11.0,"key":"SpeedPotion"},{"floor":14.0,"key":"Weak Potion"},{"floor":16,"key":"Block Potion"},{"floor":20,"key":"PowerPotion"}],"is_trial":false,"path_per_floor":["M","?","M","M","M","R","?","E","T","R","E","?","$","M","R","B",null,"M","?","M","$","M","E"],"character_chosen":"THE_SILENT","items_purchased":["Dodge and Roll+1","Footwork","PowerPotion","Noxious Fumes","Catalyst+1","Deadly Poison+1"],"campfire_rested":3,"item_purchase_floors":[13,13,13,21,21,21],"current_hp_per_floor":[50,50,45,47,35,56,56,28,28,49,26,26,26,28,49,22,58,54,54,21,21,6,0],"gold":49,"neow_bonus":"RANDOM_COMMON_RELIC","is_prod":false,"is_daily":false,"chose_seed":false,"campfire_upgraded":0,"win_rate":0,"timestamp":1554237957,"path_taken":["M","?","M","M","?","R","?","E","T","R","E","?","?","?","R","BOSS","BOSS","M","?","M","$","?","E"],"build_version":"2019-01-23","purchased_purges":0,"victory":false,"max_hp_per_floor":[70,70,70,70,70,70,70,70,70,70,70,70,70,70,70,70,70,70,70,70,70,70,70],"card_choices":[{"not_picked":["Prepared","Accuracy"],"picked":"Flying Knee","floor":1.0},{"not_picked":["Reflex","Blur"],"picked":"Skewer","floor":3.0},{"not_picked":["Distraction","Quick Slash"],"picked":"Cloak And Dagger","floor":4.0},{"not_picked":["Dodge and Roll","Sucker Punch"],"picked":"Bouncing Flask","floor":5.0},{"not_picked":["Escape Plan+1","Prepared+1"],"picked":"Deadly Poison+1","floor":8.0},{"not_picked":["Phantasmal Killer+1","Poisoned Stab"],"picked":"Deflect+1","floor":11.0},{"not_picked":["Deflect+1","Calculated Gamble+1"],"picked":"Cloak And Dagger+1","floor":14.0},{"not_picked":["Envenom","Night Terror+1"],"picked":"Doppelganger+1","floor":16},{"not_picked":["Predator","Skewer","Underhanded Strike"],"picked":"SKIP","floor":18},{"not_picked":["Poisoned Stab","Underhanded Strike+1"],"picked":"Expertise+1","floor":20},{"not_picked":["Terror+1","Quick Slash"],"picked":"Calculated Gamble+1","floor":22}],"player_experience":394163,"relics_obtained":[{"floor":8.0,"key":"Pen Nib"},{"floor":9.0,"key":"Blue Candle"},{"floor":11.0,"key":"Bottled Flame"}],"event_choices":[{"cards_removed":["Flying Knee"],"damage_healed":0.0,"max_hp_gain":0.0,"max_hp_loss":0.0,"gold_gain":0.0,"event_name":"WeMeetAgain","player_choice":"Gave Card","floor":2.0,"gold_loss":0.0,"damage_taken":0.0,"relics_obtained":["Turnip"]},{"damage_healed":0.0,"max_hp_gain":0.0,"max_hp_loss":0.0,"gold_gain":0.0,"event_name":"Dead Adventurer","player_choice":"Searched \u00271\u0027 times","floor":7.0,"gold_loss":0.0,"damage_taken":0.0,"relics_obtained":["Toxic Egg 2"]},{"damage_healed":0.0,"max_hp_gain":0.0,"max_hp_loss":0.0,"gold_gain":0.0,"event_name":"Shining Light","player_choice":"Ignored","floor":12.0,"gold_loss":0.0,"damage_taken":0.0},{"damage_healed":0,"gold_gain":0,"player_choice":"Traded Relic","damage_taken":0,"relics_obtained":["Nloth\u0027s Gift"],"max_hp_gain":0,"max_hp_loss":0,"event_name":"N\u0027loth","floor":19,"relics_lost":["Blue Candle"],"gold_loss":0}],"is_beta":false,"boss_relics":[{"not_picked":["Empty Cage","Coffee Dripper"],"picked":"Black Star"}],"items_purged_floors":[],"is_endless":false,"potions_floor_spawned":[8,11,14,16,20],"killed_by":"Slavers","ascension_level":7}