{"gold_per_floor":[109,124,124,3,15,15,47,67,67,67,85,85,46,58,58,58],"floor_reached":16,"playtime":1075,"items_purged":[],"score":148,"play_id":"a9986093-b5cc-4631-9c99-dce46273daa9","local_time":"20190417154945","is_ascension_mode":true,"campfire_choices":[{"data":"Dash","floor":6,"key":"SMITH"},{"floor":10,"key":"REST"},{"floor":12,"key":"REST"},{"data":"Concentrate","floor":15,"key":"SMITH"}],"neow_cost":"NONE","seed_source_timestamp":568461377335806,"circlet_count":0,"master_deck":["Defend_G","Defend_G","Defend_G","Defend_G","Strike_G","Strike_G","Strike_G","Strike_G","Strike_G","Survivor","Neutralize+1","PiercingWail","Dash+1","Tactician","Dash","Backflip","Backflip","Malaise","Prepared","Concentrate+1","Well Laid Plans","Slice"],"relics":["Ring of the Snake","Happy Flower","Dodecahedron"],"potions_floor_usage":[7],"damage_taken":[{"damage":2,"enemies":"Small Slimes","floor":1,"turns":5},{"damage":4,"enemies":"Cultist","floor":2,"turns":5},{"damage":0,"enemies":"2 Louse","floor":5,"turns":2},{"damage":49,"enemies":"Lagavulin","floor":7,"turns":12},{"damage":0,"enemies":"Looter","floor":8,"turns":4},{"damage":0,"enemies":"Red Slaver","floor":11,"turns":5},{"damage":0,"enemies":"3 Louse","floor":14,"turns":3},{"damage":52,"enemies":"Slime Boss","floor":16,"turns":9}],"seed_played":"-3703325046601937803","potions_obtained":[{"floor":2,"key":"GhostInAJar"},{"floor":7,"key":"Dexterity Potion"}],"is_trial":false,"path_per_floor":["M","M","?","$","M","R","E","M","T","R","M","R","$","M","R","B"],"character_chosen":"THE_SILENT","items_purchased":["Dash","Backflip","Well Laid Plans"],"campfire_rested":2,"item_purchase_floors":[4,4,13],"current_hp_per_floor":[61,57,57,57,57,57,8,8,8,29,29,50,50,50,50,0],"gold":58,"neow_bonus":"UPGRADE_CARD","is_prod":false,"is_daily":false,"chose_seed":false,"campfire_upgraded":2,"win_rate":0,"timestamp":1555534185,"path_taken":["M","M","?","$","M","R","E","M","T","R","M","R","?","M","R","BOSS"],"build_version":"2019-01-23","purchased_purges":0,"victory":false,"max_hp_per_floor":[70,70,70,70,70,70,70,70,70,70,70,70,70,70,70,70],"card_choices":[{"not_picked":["Blade Dance","Dagger Throw"],"picked":"PiercingWail","floor":1},{"not_picked":["Skewer","Reflex"],"picked":"Dash","floor":2},{"not_picked":["Deadly Poison","PiercingWail"],"picked":"Backflip","floor":5},{"not_picked":["Endless Agony","Poisoned Stab"],"picked":"Malaise","floor":7},{"not_picked":["Quick Slash","Tactician"],"picked":"Prepared","floor":8},{"not_picked":["Bane","Crippling Poison"],"picked":"Concentrate","floor":11},{"not_picked":["Acrobatics","Prepared"],"picked":"Slice","floor":14}],"player_experience":468528,"relics_obtained":[{"floor":7,"key":"Happy Flower"},{"floor":9,"key":"Dodecahedron"}],"event_choices":[{"damage_healed":0,"gold_gain":0,"cards_transformed":["Defend_G"],"player_choice":"Transformed","damage_taken":0,"max_hp_gain":0,"max_hp_loss":0,"event_name":"Transmorgrifier","floor":3,"gold_loss":0,"cards_obtained":["Tactician"]}],"is_beta":false,"boss_relics":[],"items_purged_floors":[],"is_endless":false,"potions_floor_spawned":[2,7],"killed_by":"Slime Boss","ascension_level":9}