{"gold_per_floor":[111,111,125,136,68,68,103,113,159,169,169,94,94,107,107,206,206,224,274,288,306,381,381,398,3,54,54,85,103,103,28,28,130,130,147,163,163,174,174,174,189,189,212,230,230,244,263,263,263,263],"floor_reached":51,"playtime":2046,"items_purged":["Strike_G"],"score":796,"play_id":"6658ab2e-f319-4c0e-859a-978b4c454589","local_time":"20190415205108","is_ascension_mode":false,"campfire_choices":[{"data":"Well Laid Plans","floor":6,"key":"SMITH"},{"data":"Dagger Spray","floor":11,"key":"SMITH"},{"data":"Flying Knee","floor":13,"key":"SMITH"},{"data":"Deadly Poison","floor":15,"key":"SMITH"},{"data":"Bane","floor":23,"key":"SMITH"},{"data":"Footwork","floor":27,"key":"SMITH"},{"floor":30,"key":"REST"},{"data":"Die Die Die","floor":32,"key":"SMITH"},{"data":"Blur","floor":40,"key":"SMITH"},{"data":"Malaise","floor":42,"key":"SMITH"},{"data":"Survivor","floor":45,"key":"SMITH"},{"data":"Deadly Poison","floor":49,"key":"SMITH"}],"neow_cost":"NONE","seed_source_timestamp":215119727374101,"circlet_count":0,"master_deck":["Defend_G","Defend_G","Defend_G","Defend_G","Survivor+1","Neutralize+1","Flying Knee+1","Deadly Poison+1","Dagger Spray+1","Well Laid Plans+1","Deadly Poison+1","After Image","Die Die Die+1","Deadly Poison+1","Footwork+1","Bane+1","Footwork+1","Corpse Explosion","Malaise+1","Grand Finale+1","Deadly Poison+1","Corpse Explosion+1","Blur+1","Secret Weapon"],"relics":["Ring of the Snake","Singing Bowl","Ancient Tea Set","Sozu","Meat on the Bone","Bronze Scales","Strawberry","Smiling Mask","Astrolabe","Oddly Smooth Stone"],"potions_floor_usage":[35],"damage_taken":[{"damage":0,"enemies":"2 Louse","floor":1,"turns":3},{"damage":0,"enemies":"Cultist","floor":3,"turns":4},{"damage":1,"enemies":"Small Slimes","floor":4,"turns":3},{"damage":21,"enemies":"Lagavulin","floor":7,"turns":7},{"damage":11,"enemies":"Gremlin Gang","floor":8,"turns":4},{"damage":3,"enemies":"Looter","floor":10,"turns":3},{"damage":5,"enemies":"Large Slime","floor":14,"turns":5},{"damage":0,"enemies":"Hexaghost","floor":16,"turns":9},{"damage":0,"enemies":"Chosen","floor":18,"turns":4},{"damage":19,"enemies":"2 Thieves","floor":20,"turns":4},{"damage":10,"enemies":"Shelled Parasite and Fungi","floor":21,"turns":5},{"damage":17,"enemies":"Snake Plant","floor":24,"turns":4},{"damage":13,"enemies":"Book of Stabbing","floor":28,"turns":5},{"damage":19,"enemies":"Sentry and Sphere","floor":29,"turns":5},{"damage":29,"enemies":"Champ","floor":33,"turns":13},{"damage":0,"enemies":"3 Darklings","floor":35,"turns":3},{"damage":1,"enemies":"3 Shapes","floor":36,"turns":2},{"damage":44,"enemies":"Spire Growth","floor":38,"turns":5},{"damage":0,"enemies":"4 Shapes","floor":41,"turns":3},{"damage":0,"enemies":"3 Darklings","floor":44,"turns":3},{"damage":26,"enemies":"Spire Growth","floor":46,"turns":5},{"damage":0,"enemies":"Maw","floor":47,"turns":8},{"damage":19,"enemies":"Time Eater","floor":50,"turns":12}],"seed_played":"4471578296852034651","potions_obtained":[{"floor":1,"key":"Block Potion"},{"floor":8,"key":"Weak Potion"},{"floor":14,"key":"GamblersBrew"}],"is_trial":false,"path_per_floor":["M","?","M","M","$","R","E","M","T","M","R","$","R","M","R","B",null,"M","?","M","M","?","R","M","$","T","R","E","M","R","?","R","B",null,"M","M","?","M","?","R","M","R","T","M","R","M","M","?","R","B",null],"character_chosen":"THE_SILENT","items_purchased":["Well Laid Plans","Meat on the Bone","Bronze Scales"],"campfire_rested":1,"item_purchase_floors":[5,25,25],"current_hp_per_floor":[70,63,63,62,62,62,41,30,30,29,29,29,29,26,26,26,74,74,74,55,45,38,38,21,21,28,28,27,22,46,46,46,29,83,83,84,84,54,54,54,56,56,56,58,58,46,60,60,60,53],"gold":263,"neow_bonus":"UPGRADE_CARD","is_prod":false,"is_daily":false,"chose_seed":false,"campfire_upgraded":11,"win_rate":0,"timestamp":1555332668,"path_taken":["M","?","M","M","$","R","E","M","T","M","R","$","R","M","R","BOSS","M","?","?","M","?","R","?","$","T","R","E","M","R","?","R","BOSS","M","M","?","?","?","R","M","R","T","M","R","M","?","?","R","BOSS"],"build_version":"2019-01-23","purchased_purges":1,"victory":true,"max_hp_per_floor":[70,70,70,70,70,70,70,70,70,72,72,72,72,74,74,74,74,74,74,74,74,74,74,74,74,81,81,81,83,83,83,83,83,83,83,85,85,87,87,87,89,89,89,91,91,93,95,95,95,95],"card_choices":[{"not_picked":["Flechettes","Deadly Poison"],"picked":"Flying Knee","floor":1},{"not_picked":["Quick Slash","Outmaneuver"],"picked":"Deadly Poison","floor":3},{"not_picked":["Dagger Throw","Poisoned Stab"],"picked":"Dagger Spray","floor":4},{"not_picked":["Slice","Predator"],"picked":"Deadly Poison","floor":7},{"not_picked":["Quick Slash","Dagger Throw"],"picked":"After Image","floor":8},{"not_picked":["Deflect","Distraction","Terror"],"picked":"Singing Bowl","floor":10},{"not_picked":["Slice","Outmaneuver","Riddle With Holes"],"picked":"Singing Bowl","floor":14},{"not_picked":["Doppelganger","Venomology"],"picked":"Die Die Die","floor":16},{"not_picked":["Underhanded Strike+1","Reflex"],"picked":"Deadly Poison+1","floor":18},{"not_picked":["Prepared","Skewer"],"picked":"Footwork+1","floor":20},{"not_picked":["Blade Dance+1","Quick Slash"],"picked":"Bane","floor":21},{"not_picked":["Outmaneuver+1","Dagger Spray"],"picked":"Footwork","floor":24},{"not_picked":["Underhanded Strike","Footwork"],"picked":"Corpse Explosion","floor":28},{"not_picked":["Eviscerate","Flechettes+1","Leg Sweep"],"picked":"Singing Bowl","floor":29},{"not_picked":["Glass Knife","Bullet Time"],"picked":"Malaise","floor":33},{"not_picked":["Dagger Spray","Blade Dance+1"],"picked":"Blur","floor":35},{"not_picked":["All Out Attack","Dagger Throw","Slice+1"],"picked":"Singing Bowl","floor":36},{"not_picked":["Flying Knee","Terror+1","Deadly Poison"],"picked":"Singing Bowl","floor":38},{"not_picked":["Sucker Punch+1","Predator","Expertise"],"picked":"Singing Bowl","floor":41},{"not_picked":["Deflect+1","Cloak And Dagger+1","Phantasmal Killer"],"picked":"Singing Bowl","floor":44},{"not_picked":["Distraction+1","Blade Dance","Slice+1"],"picked":"Singing Bowl","floor":46},{"not_picked":["Flying Knee","Setup","Blur"],"picked":"Singing Bowl","floor":47},{"not_picked":["Enlightenment","Good Instincts"],"picked":"Secret Weapon","floor":48}],"player_experience":971740,"relics_obtained":[{"floor":7,"key":"Singing Bowl"},{"floor":9,"key":"Ancient Tea Set"},{"floor":26,"key":"Strawberry"},{"floor":28,"key":"Smiling Mask"},{"floor":43,"key":"Oddly Smooth Stone"}],"event_choices":[{"cards_removed":["Strike_G"],"damage_healed":0,"gold_gain":0,"player_choice":"Card Removal","damage_taken":7,"max_hp_gain":0,"max_hp_loss":0,"event_name":"Golden Wing","floor":2,"gold_loss":0},{"damage_healed":0,"gold_gain":100,"player_choice":"Bet on Murderer","damage_taken":0,"max_hp_gain":0,"max_hp_loss":0,"event_name":"The Joust","floor":19,"gold_loss":50},{"damage_healed":0,"gold_gain":75,"player_choice":"Touch","damage_taken":7,"max_hp_gain":0,"max_hp_loss":0,"event_name":"FaceTrader","floor":22,"gold_loss":0},{"cards_removed":["Strike_G"],"damage_healed":0,"gold_gain":0,"player_choice":"Gave Gold","damage_taken":0,"max_hp_gain":0,"max_hp_loss":0,"event_name":"Beggar","floor":31,"gold_loss":75},{"damage_healed":0,"gold_gain":0,"player_choice":"Ignored","damage_taken":0,"max_hp_gain":0,"max_hp_loss":0,"event_name":"SecretPortal","floor":37,"gold_loss":0},{"damage_healed":0,"gold_gain":0,"player_choice":"Ignored","damage_taken":0,"max_hp_gain":0,"max_hp_loss":0,"event_name":"NoteForYourself","floor":39,"gold_loss":0},{"damage_healed":0,"gold_gain":0,"player_choice":"Memory 1","damage_taken":0,"max_hp_gain":0,"max_hp_loss":0,"event_name":"SensoryStone","floor":48,"gold_loss":0}],"is_beta":false,"boss_relics":[{"not_picked":["Empty Cage","Philosopher\u0027s Stone"],"picked":"Sozu"},{"not_picked":["Pandora\u0027s Box","Runic Pyramid"],"picked":"Astrolabe"}],"items_purged_floors":[12],"is_endless":false,"potions_floor_spawned":[1,8,14,16,18,24,28,36,41,47],"ascension_level":0}