{"gold_per_floor":[115,115,133,152,169,169,183,183,183,193,207,223,253,271,271,373,373,346,346,271,287,287,287,287,287,287,142,102,102,113,113,113,113],"floor_reached":33,"playtime":1489,"items_purged":[],"score":249,"play_id":"32022cf6-22ea-4748-8f12-77b1f76ae67a","local_time":"20190415201642","is_ascension_mode":false,"campfire_choices":[{"data":"Sucker Punch","floor":6,"key":"SMITH"},{"data":"Prepared","floor":8,"key":"SMITH"},{"data":"Footwork","floor":15,"key":"SMITH"},{"data":"RitualDagger","floor":23,"key":"SMITH"},{"data":"Adrenaline","floor":25,"key":"SMITH"},{"data":"Cloak And Dagger","floor":29,"key":"SMITH"},{"data":"Cloak And Dagger","floor":32,"key":"SMITH"}],"neow_cost":"NONE","seed_source_timestamp":213617282178698,"circlet_count":0,"master_deck":["Defend_G","Defend_G","Defend_G","Defend_G","Defend_G","Strike_G","Survivor","Neutralize+1","Footwork+1","Prepared+1","Sucker Punch+1","Dagger Throw","Blade Dance","Flying Knee","PiercingWail","Acrobatics","Calculated Gamble","Adrenaline+1","Quick Slash+1","Wraith Form v2+1","Backflip+1","Dagger Throw+1","RitualDagger+1","Blade Dance+1","Cloak And Dagger+1","Bandage Up","Infinite Blades","Cloak And Dagger+1"],"relics":["Ring of the Snake","Mummified Hand","Singing Bowl","Gremlin Horn","Astrolabe","Bottled Tornado","Blood Vial"],"potions_floor_usage":[7,10,13,16,33],"damage_taken":[{"damage":0,"enemies":"Small Slimes","floor":1,"turns":3},{"damage":0,"enemies":"Jaw Worm","floor":3,"turns":6},{"damage":0,"enemies":"2 Louse","floor":4,"turns":3},{"damage":2,"enemies":"Looter","floor":5,"turns":4},{"damage":0,"enemies":"Large Slime","floor":7,"turns":6},{"damage":0,"enemies":"3 Louse","floor":10,"turns":4},{"damage":0,"enemies":"2 Fungi Beasts","floor":11,"turns":3},{"damage":5,"enemies":"Looter","floor":12,"turns":3},{"damage":8,"enemies":"Gremlin Nob","floor":13,"turns":5},{"damage":0,"enemies":"Large Slime","floor":14,"turns":5},{"damage":30,"enemies":"Hexaghost","floor":16,"turns":12},{"damage":6,"enemies":"2 Thieves","floor":18,"turns":5},{"damage":0,"enemies":"Shell Parasite","floor":21,"turns":7},{"damage":1,"enemies":"Centurion and Healer","floor":30,"turns":5},{"damage":22,"enemies":"Champ","floor":33,"turns":13}],"seed_played":"8230188504188214932","potions_obtained":[{"floor":4,"key":"EntropicBrew"},{"floor":10,"key":"SpeedPotion"},{"floor":12,"key":"Energy Potion"},{"floor":13,"key":"LiquidBronze"},{"floor":21,"key":"Poison Potion"}],"is_trial":false,"path_per_floor":["M","?","M","M","M","R","M","R","T","M","M","M","E","M","R","B",null,"M","?","?","M","?","R","?","R","T","$","$","R","M","T","R","B"],"character_chosen":"THE_SILENT","items_purchased":["Cloak And Dagger","Bandage Up","Infinite Blades"],"campfire_rested":0,"item_purchase_floors":[27,27,28],"current_hp_per_floor":[70,67,67,67,65,65,65,65,65,65,65,60,52,52,52,22,70,64,58,58,58,45,45,70,70,70,70,70,70,73,73,73,57],"gold":113,"neow_bonus":"UPGRADE_CARD","is_prod":false,"is_daily":false,"chose_seed":false,"campfire_upgraded":7,"win_rate":0,"timestamp":1555330602,"path_taken":["M","?","M","M","M","R","M","R","T","M","M","M","E","M","R","BOSS","M","?","?","M","?","R","?","R","T","?","$","R","M","?","R","BOSS"],"build_version":"2019-01-23","purchased_purges":0,"victory":false,"max_hp_per_floor":[70,70,70,70,70,70,70,70,70,70,70,70,70,70,70,70,70,70,70,70,70,75,75,75,75,75,75,75,75,75,75,75,75],"card_choices":[{"not_picked":["Dagger Throw","Dodge and Roll"],"picked":"Footwork","floor":1},{"not_picked":["Masterful Stab","Quick Slash","Outmaneuver"],"picked":"SKIP","floor":3},{"not_picked":["Heel Hook","Night Terror"],"picked":"Prepared","floor":4},{"not_picked":["Deflect","Slice"],"picked":"Sucker Punch","floor":5},{"not_picked":["Distraction","Endless Agony"],"picked":"Dagger Throw","floor":7},{"not_picked":["Leg Sweep","Dagger Throw"],"picked":"Blade Dance","floor":10},{"not_picked":["Outmaneuver","Acrobatics"],"picked":"Flying Knee","floor":11},{"not_picked":["Dagger Throw","Slice"],"picked":"PiercingWail","floor":12},{"not_picked":["Bane","Prepared"],"picked":"Acrobatics","floor":13},{"not_picked":["Flechettes","Bane"],"picked":"Calculated Gamble","floor":14},{"not_picked":["A Thousand Cuts","Wraith Form v2"],"picked":"Adrenaline","floor":16},{"not_picked":["Dodge and Roll","Crippling Poison"],"picked":"Dagger Throw+1","floor":18},{"not_picked":["Acrobatics","Dagger Spray"],"picked":"Blade Dance+1","floor":21},{"not_picked":["Quick Slash+1","Prepared"],"picked":"Cloak And Dagger","floor":30}],"player_experience":970251,"relics_obtained":[{"floor":9,"key":"Singing Bowl"},{"floor":13,"key":"Gremlin Horn"},{"floor":26,"key":"Bottled Tornado"},{"floor":31,"key":"Blood Vial"}],"event_choices":[{"damage_healed":0,"gold_gain":0,"player_choice":"Success","damage_taken":3,"relics_obtained":["Mummified Hand"],"max_hp_gain":0,"max_hp_loss":0,"event_name":"Scrap Ooze","floor":2,"gold_loss":0},{"damage_healed":0,"gold_gain":0,"player_choice":"Joined the Cult","damage_taken":6,"max_hp_gain":0,"max_hp_loss":0,"event_name":"Nest","floor":19,"gold_loss":0,"cards_obtained":["RitualDagger"]},{"cards_removed":["Strike_G"],"damage_healed":0,"gold_gain":0,"player_choice":"Gave Gold","damage_taken":0,"max_hp_gain":0,"max_hp_loss":0,"event_name":"Beggar","floor":20,"gold_loss":75},{"damage_healed":0,"gold_gain":0,"player_choice":"Shed Blood","damage_taken":18,"max_hp_gain":5,"max_hp_loss":0,"event_name":"Forgotten Altar","floor":22,"gold_loss":0},{"damage_healed":25,"gold_gain":0,"player_choice":"Heal","damage_taken":0,"max_hp_gain":0,"max_hp_loss":0,"event_name":"The Library","floor":24,"gold_loss":0}],"is_beta":false,"boss_relics":[{"not_picked":["Ring of the Serpent","Eternal Feather"],"picked":"Astrolabe"}],"items_purged_floors":[],"is_endless":false,"potions_floor_spawned":[4,10,12,13,21],"killed_by":"Champ","ascension_level":0}