{"gold_per_floor":[359,185,197,213,38,38,63,63,87,87,103,103,103,132,132,207,207,221,221,221,320,222,222,236,291,318,318],"floor_reached":27,"playtime":3011,"items_purged":["Doubt","Evolve"],"score":358,"play_id":"ecdd300f-0448-4a35-a4c1-a18476260cd5","local_time":"20190411235557","is_ascension_mode":true,"campfire_choices":[{"data":"Metallicize","floor":6.0,"key":"SMITH"},{"data":"Bash","floor":8.0,"key":"SMITH"},{"floor":10.0,"key":"REST"},{"data":"Headbutt","floor":12.0,"key":"SMITH"},{"data":"Rampage","floor":15.0,"key":"SMITH"},{"data":"Dark Embrace","floor":23.0,"key":"SMITH"}],"neow_cost":"CURSE","seed_source_timestamp":0,"circlet_count":0,"master_deck":["AscendersBane","Bash+1","Headbutt+1","Shrug It Off","Armaments","Armaments","Shrug It Off","Metallicize+1","Headbutt","Headbutt","Pommel Strike","Rampage+1","Offering","Searing Blow","Sentinel","Iron Wave","Impervious","Havoc","Disarm","Pommel Strike","Dark Embrace+1","Burning Pact","Metallicize"],"special_seed":0,"relics":["Burning Blood","Dream Catcher","Smiling Mask","Girya","Pandora\u0027s Box","Orichalcum","Pen Nib"],"potions_floor_usage":[27],"damage_taken":[{"damage":11.0,"enemies":"2 Louse","floor":1.0,"turns":3.0},{"damage":12.0,"enemies":"Jaw Worm","floor":3.0,"turns":3.0},{"damage":6.0,"enemies":"Cultist","floor":4.0,"turns":3.0},{"damage":25.0,"enemies":"Gremlin Nob","floor":7.0,"turns":5.0},{"damage":29.0,"enemies":"Exordium Thugs","floor":11.0,"turns":4.0},{"damage":23.0,"enemies":"3 Sentries","floor":14.0,"turns":12.0},{"damage":16.0,"enemies":"The Guardian","floor":16.0,"turns":12.0},{"damage":8.0,"enemies":"Spheric Guardian","floor":18.0,"turns":3.0},{"damage":22.0,"enemies":"Colosseum Slavers","floor":20.0,"turns":5.0},{"damage":10.0,"enemies":"3 Byrds","floor":24.0,"turns":4.0},{"damage":43,"enemies":"Slavers","floor":27,"turns":7}],"seed_played":"-6600007686946821922","potions_obtained":[{"floor":7.0,"key":"SmokeBomb"},{"floor":11.0,"key":"SpeedPotion"},{"floor":18.0,"key":"LiquidBronze"}],"is_trial":false,"path_per_floor":["M","$","M","M","$","R","E","R","T","R","M","R","?","E","R","B",null,"M","?","?","?","$","R","M","T","T","E"],"character_chosen":"IRONCLAD","items_purchased":["Shrug It Off","FearPotion","Shrug It Off","Metallicize","Fire Potion","Explosive Potion"],"campfire_rested":1,"item_purchase_floors":[2,2,5,5,5,22],"current_hp_per_floor":[67,67,61,61,61,61,42,42,42,66,43,43,43,26,26,16,64,62,62,46,46,46,46,42,42,42,0],"gold":318,"neow_bonus":"TWO_FIFTY_GOLD","is_prod":false,"is_daily":false,"chose_seed":false,"campfire_upgraded":5,"win_rate":0,"timestamp":1555052157,"path_taken":["M","$","M","M","$","R","E","R","T","R","M","R","?","E","R","BOSS","M","?","?","?","$","R","M","?","T","E"],"build_version":"2019-01-23","purchased_purges":2,"victory":false,"max_hp_per_floor":[80,80,80,80,80,80,80,80,80,80,80,80,80,80,80,80,80,80,80,80,80,80,80,80,80,80,80],"card_choices":[{"not_picked":["Warcry","Disarm"],"picked":"Headbutt","floor":1.0},{"not_picked":["Wild Strike","Sever Soul"],"picked":"Armaments","floor":3.0},{"not_picked":["Spot Weakness","Combust"],"picked":"Armaments","floor":4.0},{"not_picked":["Power Through","Battle Trance"],"picked":"Headbutt","floor":7.0},{"not_picked":["Heavy Blade","Combust"],"picked":"Headbutt","floor":10.0},{"not_picked":["Twin Strike","Brutality"],"picked":"Pommel Strike","floor":11.0},{"not_picked":["Searing Blow","Exhume"],"picked":"Rampage","floor":14.0},{"not_picked":["Demon Form","Immolate"],"picked":"Offering","floor":16.0},{"not_picked":["Blood for Blood","Clash"],"picked":"Burning Pact","floor":18.0},{"not_picked":["Battle Trance","Shrug It Off"],"picked":"Metallicize","floor":24.0}],"player_experience":401474,"relics_obtained":[{"floor":7.0,"key":"Dream Catcher"},{"floor":9.0,"key":"Smiling Mask"},{"floor":14.0,"key":"Girya"},{"floor":25.0,"key":"Orichalcum"},{"floor":26.0,"key":"Pen Nib"}],"event_choices":[{"damage_healed":0.0,"max_hp_gain":0.0,"max_hp_loss":0.0,"gold_gain":0.0,"event_name":"Liars Game","player_choice":"Ignored","floor":13.0,"gold_loss":0.0,"damage_taken":0.0},{"damage_healed":0.0,"max_hp_gain":0.0,"max_hp_loss":0.0,"gold_gain":0.0,"event_name":"Vampires","player_choice":"Ignored","floor":19.0,"gold_loss":0.0,"damage_taken":0.0},{"damage_healed":0.0,"max_hp_gain":0.0,"max_hp_loss":0.0,"gold_gain":0.0,"event_name":"Colosseum","player_choice":"Fight","floor":20.0,"gold_loss":0.0,"damage_taken":0.0},{"damage_healed":0.0,"max_hp_gain":0.0,"max_hp_loss":0.0,"gold_gain":0.0,"event_name":"Colosseum","player_choice":"Fled From Nobs","floor":20.0,"gold_loss":0.0,"damage_taken":0.0},{"damage_healed":0.0,"max_hp_gain":0.0,"max_hp_loss":0.0,"gold_gain":99.0,"event_name":"Nest","player_choice":"Stole From Cult","floor":21.0,"gold_loss":0.0,"damage_taken":0.0}],"is_beta":false,"boss_relics":[{"not_picked":["Tiny House","Runic Cube"],"picked":"Pandora\u0027s Box"}],"items_purged_floors":[2,22],"is_endless":false,"potions_floor_spawned":[7,11,18],"killed_by":"Slavers","ascension_level":13}