{"path_per_floor":["M","?","?","?","$","E","M","R","T","R","M","M","?","$","R","B",null,"M","?","?","$","M","R","M"],"character_chosen":"IRONCLAD","items_purchased":["Whirlwind","Thinking Ahead","Reaper"],"gold_per_floor":[118,118,118,118,45,77,91,91,91,91,110,127,302,33,33,129,129,143,143,143,3,18,18,32,32],"floor_reached":25,"campfire_rested":0,"playtime":924,"current_hp_per_floor":[79,79,84,67,67,58,58,58,58,58,58,57,57,57,57,37,85,58,58,42,42,33,33,12,0],"items_purged":["Doubt"],"gold":32,"score":224,"play_id":"904ae0f0-9e92-45d5-b42a-3835634e760c","local_time":"20180515000229","is_prod":false,"is_daily":false,"chose_seed":false,"is_ascension_mode":false,"campfire_upgraded":4,"timestamp":1526313749,"path_taken":["M","?","?","?","$","E","?","R","T","R","M","M","?","$","R","BOSS","M","?","?","?","M","R","M","M"],"build_version":"2018-05-10","seed_source_timestamp":23073654207193,"purchased_purges":2,"victory":false,"master_deck":["Defend_R","Defend_R+1","Defend_R","Bash+1","Headbutt+1","Blood for Blood+1","Exhume+1","Armaments+1","Whirlwind+1","Flex","Twin Strike","Body Slam","Thinking Ahead+1","Limit Break+1","Entrench+1","Bite","Bite","Bite","Bite","Bite","Swift Strike","Reaper","Shrug It Off+1","Body Slam"],"max_hp_per_floor":[80,80,85,85,85,85,85,85,85,85,85,85,85,85,85,85,85,85,59,59,59,59,59,59,59],"relics":["Astrolabe"],"card_choices":[{"not_picked":["Twin Strike","Anger"],"picked":"Armaments","floor":1},{"not_picked":["Armaments","Havoc"],"picked":"Flex","floor":6},{"not_picked":["Armaments","Sword Boomerang"],"picked":"Twin Strike","floor":7},{"not_picked":["Shockwave","Armaments"],"picked":"Body Slam","floor":12},{"not_picked":["Feed","Dark Embrace"],"picked":"Limit Break","floor":16},{"not_picked":["Flex","Anger"],"picked":"Entrench","floor":18},{"not_picked":["Iron Wave","Burning Pact"],"picked":"Shrug It Off","floor":22},{"not_picked":["Cleave","Warcry"],"picked":"Body Slam","floor":24}],"player_experience":619432,"potions_floor_usage":[22,22,24],"damage_taken":[{"damage":1,"enemies":"Jaw Worm","floor":1,"turns":3},{"damage":9,"enemies":"3 Sentries","floor":6,"turns":4},{"damage":0,"enemies":"2 Louse","floor":7,"turns":1},{"damage":0,"enemies":"Small Slimes","floor":11,"turns":3},{"damage":1,"enemies":"Exordium Wildlife","floor":12,"turns":3},{"damage":20,"enemies":"Slime Boss","floor":16,"turns":7},{"damage":27,"enemies":"Shell Parasite","floor":18,"turns":5},{"damage":21,"enemies":"Spheric Guardian","floor":22,"turns":6},{"damage":32,"enemies":"Centurion and Healer","floor":24,"turns":6},{"damage":21,"enemies":"Snake Plant","floor":25,"turns":4}],"event_choices":[{"event_name":"Golden Idol","player_choice":"Ignored","floor":2,"damage_taken":0},{"event_name":"Big Fish","player_choice":"Donut","floor":3,"damage_taken":0},{"event_name":"Shining Light","player_choice":"Entered Light","floor":4,"damage_taken":0},{"event_name":"Liars Game","player_choice":"agreed","floor":13,"damage_taken":0},{"event_name":"Vampires","player_choice":"Became a vampire","floor":19,"damage_taken":0},{"event_name":"Knowing Skull","player_choice":"CARD ","floor":20,"damage_taken":0}],"boss_relics":[{"not_picked":["Lizard Tail","Ectoplasm","Sozu"]}],"potions_floor_spawned":[11,12,22],"seed_played":"-1779659782285309341","killed_by":"Snake Plant","ascension_level":0,"is_trial":false}