{"gold_per_floor":[111,127,138,138,88,88,128,144,171,209,0,13,13,33,33,158,158,176,176,136,34,49,49,79,90,142,175,175,189,189,208,208,307,307,324,92,109,109,125,160,160,160,185,185,185,197,197,197,197,197],"floor_reached":51,"playtime":2095,"items_purged":["Strike_R"],"score":1100,"play_id":"6310dcc0-c5e8-4c60-8ad9-94d0e227344d","local_time":"20190201104130","is_ascension_mode":true,"campfire_choices":[{"data":"Whirlwind","floor":6,"key":"SMITH"},{"floor":13,"key":"DIG"},{"data":"Sword Boomerang","floor":15,"key":"SMITH"},{"data":"Shrug It Off","floor":23,"key":"SMITH"},{"data":"Flame Barrier","floor":28,"key":"SMITH"},{"floor":30,"key":"DIG"},{"floor":32,"key":"DIG"},{"data":"Demon Form","floor":41,"key":"SMITH"},{"data":"Bash","floor":44,"key":"SMITH"},{"data":"Uppercut","floor":45,"key":"SMITH"},{"floor":47,"key":"DIG"},{"floor":49,"key":"DIG"}],"neow_cost":"TEN_PERCENT_HP_LOSS","seed_source_timestamp":671545575573800,"circlet_count":0,"master_deck":["AscendersBane","Strike_R+1","Strike_R+1","Strike_R","Defend_R","Defend_R","Defend_R","Defend_R","Bash+1","Clothesline","Whirlwind+1","Spot Weakness+1","Pommel Strike","Sword Boomerang+1","Impervious","Iron Wave","Immolate","Iron Wave","Headbutt","Shrug It Off+1","Armaments+1","Flame Barrier+1","Ghostly Armor","Sword Boomerang","Demon Form+1","Uppercut+1","Heavy Blade+1","Perfected Strike+1","Bludgeon"],"relics":["Burning Blood","Shovel","Bloody Idol","Omamori","Bag of Preparation","Whetstone","Sling","Lantern","Velvet Choker","Vajra","Centennial Puzzle","Blood Vial","Champion Belt","Strawberry","Snecko Eye","Bronze Scales","WingedGreaves","Juzu Bracelet","Red Skull","Art of War"],"potions_floor_usage":[7,10,16,16,25,33,33,37,50,50,50],"damage_taken":[{"damage":8,"enemies":"2 Louse","floor":1,"turns":3},{"damage":5,"enemies":"Small Slimes","floor":2,"turns":4},{"damage":9,"enemies":"Jaw Worm","floor":3,"turns":4},{"damage":10,"enemies":"3 Sentries","floor":7,"turns":4},{"damage":8,"enemies":"Blue Slaver","floor":8,"turns":3},{"damage":15,"enemies":"Lagavulin","floor":10,"turns":7},{"damage":3,"enemies":"3 Louse","floor":12,"turns":2},{"damage":10,"enemies":"Exordium Thugs","floor":14,"turns":4},{"damage":30,"enemies":"Slime Boss","floor":16,"turns":10},{"damage":0,"enemies":"3 Byrds","floor":18,"turns":3},{"damage":14,"enemies":"Shell Parasite","floor":22,"turns":5},{"damage":27,"enemies":"Book of Stabbing","floor":24,"turns":5},{"damage":1,"enemies":"Cultist and Chosen","floor":25,"turns":3},{"damage":18,"enemies":"Gremlin Leader","floor":27,"turns":4},{"damage":8,"enemies":"Snake Plant","floor":29,"turns":3},{"damage":4,"enemies":"Centurion and Healer","floor":31,"turns":5},{"damage":68,"enemies":"Automaton","floor":33,"turns":11},{"damage":0,"enemies":"Orb Walker","floor":35,"turns":2},{"damage":25,"enemies":"3 Darklings","floor":37,"turns":3},{"damage":0,"enemies":"4 Shapes","floor":39,"turns":5},{"damage":37,"enemies":"Nemesis","floor":40,"turns":5},{"damage":0,"enemies":"Transient","floor":46,"turns":5},{"damage":58,"enemies":"Time Eater","floor":50,"turns":8}],"seed_played":"-205862363431098832","potions_obtained":[{"floor":3,"key":"Strength Potion"},{"floor":7,"key":"PowerPotion"},{"floor":8,"key":"AttackPotion"},{"floor":12,"key":"Ancient Potion"},{"floor":14,"key":"SpeedPotion"},{"floor":18,"key":"Explosive Potion"},{"floor":29,"key":"Strength Potion"},{"floor":31,"key":"Energy Potion"},{"floor":33,"key":"AttackPotion"},{"floor":37,"key":"SneckoOil"},{"floor":39,"key":"Poison Potion"},{"floor":46,"key":"Dexterity Potion"}],"is_trial":false,"path_per_floor":["M","M","M","?","?","R","E","M","T","E","$","M","R","M","R","B",null,"M","?","?","$","M","R","E","M","T","E","R","M","R","M","R","B",null,"M","$","M","?","M","E","R","?","T","R","R","M","R","?","R","B",null],"character_chosen":"IRONCLAD","items_purchased":["Sling","Headbutt","Shrug It Off","Bronze Scales"],"campfire_rested":0,"item_purchase_floors":[11,21,21,36],"current_hp_per_floor":[70,71,68,68,68,68,64,62,62,53,53,56,56,52,52,28,61,67,67,67,67,64,64,48,58,63,56,56,61,61,70,77,22,65,78,78,65,65,78,53,53,53,58,58,58,71,71,71,71,21],"gold":197,"neow_bonus":"ONE_RARE_RELIC","is_prod":false,"is_daily":false,"chose_seed":false,"campfire_upgraded":7,"win_rate":0,"timestamp":1549014090,"path_taken":["M","M","M","?","?","R","E","M","T","E","?","M","R","M","R","BOSS","M","?","?","$","M","R","E","M","T","E","R","?","R","M","R","BOSS","M","$","M","?","M","E","R","?","T","R","R","M","R","?","R","BOSS"],"build_version":"2019-01-23","purchased_purges":1,"victory":true,"max_hp_per_floor":[72,72,72,72,72,72,72,72,72,72,72,72,72,72,72,72,72,72,72,72,72,72,72,72,72,72,72,72,72,72,72,79,79,79,79,79,79,79,79,79,79,75,75,75,75,75,75,75,75,75],"card_choices":[{"not_picked":["Inflame","Blood for Blood"],"picked":"Clothesline","floor":1},{"not_picked":["Flex","Headbutt"],"picked":"Whirlwind","floor":2},{"not_picked":["Burning Pact","Flex"],"picked":"Iron Wave","floor":3},{"not_picked":["Iron Wave","Inflame"],"picked":"Spot Weakness","floor":7},{"not_picked":["Havoc","Warcry"],"picked":"Pommel Strike","floor":8},{"not_picked":["Metallicize","Second Wind"],"picked":"Sword Boomerang","floor":10},{"not_picked":["Flex","Body Slam"],"picked":"Impervious","floor":12},{"not_picked":["Havoc","Entrench"],"picked":"Iron Wave","floor":14},{"not_picked":["Dark Embrace","Impervious"],"picked":"Immolate","floor":16},{"not_picked":["Reckless Charge","Anger"],"picked":"Iron Wave","floor":18},{"not_picked":["Sever Soul","Perfected Strike","Wild Strike"],"picked":"SKIP","floor":22},{"not_picked":["Inflame","Warcry"],"picked":"Armaments+1","floor":24},{"not_picked":["Shrug It Off","Ghostly Armor+1"],"picked":"Flame Barrier","floor":25},{"not_picked":["Infernal Blade","Seeing Red","Cleave"],"picked":"SKIP","floor":27},{"not_picked":["Clash","Thunderclap"],"picked":"Ghostly Armor","floor":29},{"not_picked":["Cleave","Berserk"],"picked":"Sword Boomerang","floor":31},{"not_picked":["Barricade","Double Tap"],"picked":"Demon Form","floor":33},{"not_picked":["Armaments","Intimidate","Ghostly Armor+1"],"picked":"SKIP","floor":35},{"not_picked":["Rupture","Carnage+1"],"picked":"Uppercut","floor":37},{"not_picked":["Shockwave","Headbutt+1"],"picked":"Heavy Blade+1","floor":39},{"not_picked":["Iron Wave+1","Havoc+1"],"picked":"Perfected Strike+1","floor":40},{"not_picked":["Ghostly Armor+1","True Grit+1"],"picked":"Bludgeon","floor":46}],"player_experience":427995,"relics_obtained":[{"floor":7,"key":"Omamori"},{"floor":9,"key":"Bag of Preparation"},{"floor":10,"key":"Whetstone"},{"floor":13,"key":"Lantern"},{"floor":24,"key":"Vajra"},{"floor":26,"key":"Centennial Puzzle"},{"floor":27,"key":"Blood Vial"},{"floor":30,"key":"Champion Belt"},{"floor":32,"key":"Strawberry"},{"floor":40,"key":"WingedGreaves"},{"floor":43,"key":"Juzu Bracelet"},{"floor":47,"key":"Red Skull"},{"floor":49,"key":"Art of War"}],"event_choices":[{"damage_healed":0,"gold_gain":0,"player_choice":"Take Wound","damage_taken":0,"relics_obtained":["Golden Idol"],"max_hp_gain":0,"max_hp_loss":0,"event_name":"Golden Idol","floor":4,"gold_loss":0,"cards_obtained":["Injury"]},{"cards_removed":["Injury"],"damage_healed":0,"gold_gain":0,"player_choice":"Card Removal","damage_taken":0,"max_hp_gain":0,"max_hp_loss":0,"event_name":"The Cleric","floor":5,"gold_loss":50},{"damage_healed":0,"gold_gain":0,"player_choice":"Gave Idol","damage_taken":0,"relics_obtained":["Bloody Idol"],"max_hp_gain":0,"max_hp_loss":0,"event_name":"Forgotten Altar","floor":19,"relics_lost":["Golden Idol"],"gold_loss":0},{"damage_healed":0,"gold_gain":0,"player_choice":"Upgrade","damage_taken":0,"max_hp_gain":0,"max_hp_loss":0,"event_name":"Designer","floor":20,"gold_loss":40,"cards_upgraded":["Spot Weakness"]},{"cards_removed":["Iron Wave"],"damage_healed":0,"gold_gain":0,"player_choice":"Removed Attack","damage_taken":0,"max_hp_gain":0,"max_hp_loss":0,"event_name":"Falling","floor":38,"gold_loss":0},{"damage_healed":0,"gold_gain":0,"player_choice":"Max HP","damage_taken":0,"max_hp_gain":0,"max_hp_loss":4,"event_name":"Winding Halls","floor":42,"gold_loss":0},{"cards_removed":["Strike_R"],"damage_healed":0,"gold_gain":0,"player_choice":"Purged","damage_taken":0,"max_hp_gain":0,"max_hp_loss":0,"event_name":"Purifier","floor":48,"gold_loss":0}],"is_beta":false,"boss_relics":[{"not_picked":["Empty Cage","Lizard Tail"],"picked":"Velvet Choker"},{"not_picked":["Runic Cube","White Beast Statue"],"picked":"Snecko Eye"}],"items_purged_floors":[36],"is_endless":false,"potions_floor_spawned":[3,7,8,12,14,18,29,31,33,37,39,46],"ascension_level":10}