{"gold_per_floor":[115,126,141,141,156,200,200,225,300,300,334,334,357,370,370,370],"floor_reached":16,"playtime":875,"items_purged":[],"score":148,"play_id":"7aca49e4-86d2-49af-912d-e1ee4dd33f8e","local_time":"20190110215515","is_ascension_mode":true,"campfire_choices":[{"data":"Escape Plan","floor":7,"key":"SMITH"},{"floor":10,"key":"REST"},{"floor":12,"key":"REST"},{"data":"Bullet Time","floor":15,"key":"SMITH"}],"neow_cost":"NONE","seed_source_timestamp":20508279951100,"circlet_count":0,"master_deck":["Defend_G","Defend_G","Defend_G","Defend_G","Defend_G","Strike_G","Strike_G","Strike_G","Strike_G","Strike_G","Survivor","Neutralize+1","Escape Plan+1","Quick Slash","Dodge and Roll","Backflip","Dagger Throw","Bullet Time+1","Acrobatics","Dagger Spray","PiercingWail"],"relics":["Ring of the Snake","Golden Idol","Tingsha","Darkstone Periapt","Nunchaku"],"potions_floor_usage":[6,16],"damage_taken":[{"damage":0,"enemies":"Jaw Worm","floor":1,"turns":5},{"damage":0,"enemies":"2 Louse","floor":2,"turns":4},{"damage":0,"enemies":"Small Slimes","floor":3,"turns":3},{"damage":0,"enemies":"2 Fungi Beasts","floor":5,"turns":5},{"damage":37,"enemies":"3 Sentries","floor":6,"turns":17},{"damage":0,"enemies":"Red Slaver","floor":8,"turns":3},{"damage":37,"enemies":"Lagavulin","floor":11,"turns":9},{"damage":0,"enemies":"Blue Slaver","floor":13,"turns":5},{"damage":0,"enemies":"Large Slime","floor":14,"turns":5},{"damage":34,"enemies":"Hexaghost","floor":16,"turns":14}],"seed_played":"-7900972344606676835","potions_obtained":[{"floor":3,"key":"Swift Potion"},{"floor":8,"key":"SteroidPotion"},{"floor":13,"key":"GhostInAJar"},{"floor":14,"key":"AttackPotion"}],"is_trial":false,"path_per_floor":["M","M","M","?","M","E","R","M","T","R","E","R","M","M","R","B"],"character_chosen":"THE_SILENT","items_purchased":[],"campfire_rested":2,"item_purchase_floors":[],"current_hp_per_floor":[63,63,63,63,63,26,26,26,26,45,8,27,27,27,27,0],"gold":370,"neow_bonus":"UPGRADE_CARD","is_prod":false,"is_daily":false,"chose_seed":false,"campfire_upgraded":2,"win_rate":0,"timestamp":1547153715,"path_taken":["M","M","M","?","M","E","R","M","T","R","E","R","M","M","R","BOSS"],"build_version":"2019-01-03v4","purchased_purges":0,"victory":false,"max_hp_per_floor":[70,70,70,65,65,65,65,65,65,65,65,65,65,65,65,65],"card_choices":[{"not_picked":["Underhanded Strike","Dagger Spray"],"picked":"Escape Plan","floor":1},{"not_picked":["Backflip","Blur"],"picked":"Quick Slash","floor":2},{"not_picked":["Tactician","Deadly Poison"],"picked":"Dodge and Roll","floor":3},{"not_picked":["Outmaneuver","Riddle With Holes"],"picked":"Backflip","floor":5},{"not_picked":["Accuracy","Acrobatics"],"picked":"Dagger Throw","floor":6},{"not_picked":["Dagger Throw","Deflect"],"picked":"Bullet Time","floor":8},{"not_picked":["Deflect","Underhanded Strike"],"picked":"Acrobatics","floor":11},{"not_picked":["Quick Slash","Sucker Punch"],"picked":"Dagger Spray","floor":13},{"not_picked":["Envenom","Quick Slash"],"picked":"PiercingWail","floor":14}],"player_experience":361800,"relics_obtained":[{"floor":6,"key":"Tingsha"},{"floor":9,"key":"Darkstone Periapt"},{"floor":11,"key":"Nunchaku"}],"event_choices":[{"damage_healed":0,"gold_gain":0,"player_choice":"Lose Max HP","damage_taken":0,"relics_obtained":["Golden Idol"],"max_hp_gain":0,"max_hp_loss":5,"event_name":"Golden Idol","floor":4,"gold_loss":0}],"is_beta":false,"boss_relics":[],"items_purged_floors":[],"is_endless":false,"potions_floor_spawned":[3,8,13,14],"killed_by":"Hexaghost","ascension_level":6}