{"gold_per_floor":[115,115,187,187,202,234,234,268,268,293,155,172,188,204,204,304,304,316,316,335,345,58,58,71,96,96,107,107,61,89,103,103,199,199,219,219,232,247,247,247,275,275,275,175,205,205,217,0,0,0],"floor_reached":51,"playtime":3980,"items_purged":["Strike_R","Injury"],"score":1369,"play_id":"7a352f0a-1f71-4ccf-b8af-0f74b136887b","local_time":"20190404230343","is_ascension_mode":true,"campfire_choices":[{"data":"Carnage","floor":7,"key":"SMITH"},{"data":"Corruption","floor":15,"key":"SMITH"},{"data":"Bludgeon","floor":23,"key":"SMITH"},{"data":"The Bomb","floor":28,"key":"SMITH"},{"data":"Feel No Pain","floor":32,"key":"SMITH"},{"data":"Shockwave","floor":40,"key":"SMITH"},{"data":"Feel No Pain","floor":42,"key":"SMITH"},{"floor":49,"key":"DIG"}],"neow_cost":"NONE","seed_source_timestamp":1137724153147827,"circlet_count":0,"master_deck":["AscendersBane","Strike_R","Strike_R+1","Strike_R","Strike_R+1","Defend_R","Defend_R","Defend_R","Defend_R","Bash","Carnage+1","Armaments","Exhume","Corruption+1","Feel No Pain+1","Whirlwind","Shrug It Off","Shockwave+1","Pommel Strike","Bludgeon+1","Flame Barrier","Feel No Pain+1","The Bomb+1","Armaments","Reaper","Corruption","Shrug It Off","Dark Embrace","Shrug It Off+1","True Grit+1","Impervious"],"relics":["Burning Blood","NeowsBlessing","Lantern","Matryoshka","PreservedInsect","Champion Belt","Singing Bowl","Snecko Eye","Bottled Lightning","Dodecahedron","Whetstone","Magic Flower","Cursed Key","Ancient Tea Set","Peace Pipe","Shovel","Red Mask","Bronze Scales"],"potions_floor_usage":[10,16,25,31,50,50],"damage_taken":[{"damage":0,"enemies":"Small Slimes","floor":1,"turns":1},{"damage":0,"enemies":"Jaw Worm","floor":5,"turns":1},{"damage":0,"enemies":"Gremlin Nob","floor":6,"turns":1},{"damage":30,"enemies":"Lagavulin","floor":8,"turns":6},{"damage":30,"enemies":"3 Sentries","floor":10,"turns":8},{"damage":3,"enemies":"2 Louse","floor":12,"turns":3},{"damage":16,"enemies":"Exordium Thugs","floor":13,"turns":6},{"damage":0,"enemies":"Gremlin Gang","floor":14,"turns":1},{"damage":37,"enemies":"The Guardian","floor":16,"turns":9},{"damage":6,"enemies":"3 Byrds","floor":18,"turns":3},{"damage":0,"enemies":"Shell Parasite","floor":20,"turns":2},{"damage":2,"enemies":"Snecko","floor":21,"turns":3},{"damage":18,"enemies":"Cultist and Chosen","floor":24,"turns":6},{"damage":19,"enemies":"Book of Stabbing","floor":25,"turns":3},{"damage":0,"enemies":"3 Cultists","floor":27,"turns":3},{"damage":12,"enemies":"Gremlin Leader","floor":30,"turns":4},{"damage":13,"enemies":"Snake Plant","floor":31,"turns":3},{"damage":24,"enemies":"Automaton","floor":33,"turns":10},{"damage":0,"enemies":"3 Shapes","floor":35,"turns":3},{"damage":0,"enemies":"3 Darklings","floor":37,"turns":3},{"damage":0,"enemies":"Jaw Worm Horde","floor":38,"turns":3},{"damage":0,"enemies":"Giant Head","floor":41,"turns":6},{"damage":0,"enemies":"Reptomancer","floor":45,"turns":3},{"damage":0,"enemies":"Spire Growth","floor":47,"turns":4},{"damage":53,"enemies":"Donu and Deca","floor":50,"turns":9}],"seed_played":"466882413054908740","potions_obtained":[{"floor":6,"key":"BloodPotion"},{"floor":8,"key":"PowerPotion"},{"floor":16,"key":"Weak Potion"},{"floor":30,"key":"Energy Potion"},{"floor":33,"key":"Energy Potion"}],"is_trial":false,"path_per_floor":["M","?","T","?","M","E","R","E","T","E","$","M","M","M","R","B",null,"M","?","M","M","$","R","M","E","T","M","R","$","E","M","R","B",null,"M","?","M","M","?","R","E","R","T","$","E","T","M","?","R","B",null],"character_chosen":"IRONCLAD","items_purchased":["Whirlwind","Shrug It Off","FearPotion","The Bomb","Armaments","Shrug It Off"],"campfire_rested":0,"item_purchase_floors":[11,11,11,22,22,29],"current_hp_per_floor":[78,78,78,83,85,85,85,61,61,45,45,48,38,44,44,13,67,67,67,73,79,79,79,69,56,56,62,62,62,76,74,74,67,87,93,103,103,105,100,100,100,100,100,100,102,102,104,104,104,60],"gold":0,"neow_bonus":"THREE_ENEMY_KILL","is_prod":false,"is_daily":false,"chose_seed":false,"campfire_upgraded":7,"win_rate":0,"timestamp":1554444223,"path_taken":["M","?","?","?","M","E","R","E","T","E","$","M","M","M","R","BOSS","M","?","M","M","$","R","M","E","T","?","R","$","E","M","R","BOSS","M","?","?","M","?","R","E","R","T","$","E","?","M","?","R","BOSS"],"build_version":"2019-01-23","purchased_purges":2,"victory":true,"max_hp_per_floor":[80,80,80,85,85,85,85,85,85,85,85,85,85,85,85,85,85,85,85,85,87,87,87,89,89,89,89,89,89,91,93,93,93,93,93,103,103,105,100,100,100,100,100,100,102,102,104,104,104,104],"card_choices":[{"not_picked":["Armaments","Twin Strike"],"picked":"Carnage","floor":1},{"not_picked":["Clash","Heavy Blade"],"picked":"Armaments","floor":5},{"not_picked":["Sword Boomerang","Anger"],"picked":"Exhume","floor":6},{"not_picked":["Thunderclap","Offering"],"picked":"Corruption","floor":8},{"not_picked":["Clothesline","Perfected Strike"],"picked":"Feel No Pain","floor":10},{"not_picked":["Perfected Strike","Iron Wave"],"picked":"Shockwave","floor":12},{"not_picked":["Twin Strike","Rage"],"picked":"Offering","floor":13},{"not_picked":["Bloodletting","Hemokinesis"],"picked":"Pommel Strike","floor":14},{"not_picked":["Berserk","Reaper"],"picked":"Bludgeon","floor":16},{"not_picked":["Ghostly Armor","Seeing Red"],"picked":"Flame Barrier","floor":18},{"not_picked":["Perfected Strike","Shrug It Off"],"picked":"Feel No Pain","floor":20},{"not_picked":["Armaments","Rage","Evolve"],"picked":"Singing Bowl","floor":21},{"not_picked":["Clothesline","Sword Boomerang","Anger+1"],"picked":"Singing Bowl","floor":24},{"not_picked":["Fire Breathing","Anger"],"picked":"Reaper","floor":25},{"not_picked":["Heavy Blade+1","Burning Pact"],"picked":"Corruption","floor":27},{"not_picked":["Power Through+1","Dual Wield","Havoc"],"picked":"Singing Bowl","floor":30},{"not_picked":["Sever Soul","Flex","Iron Wave"],"picked":"Singing Bowl","floor":31},{"not_picked":["Bludgeon","Reaper"],"picked":"Dark Embrace","floor":33},{"not_picked":["Anger","Havoc"],"picked":"Shrug It Off+1","floor":35},{"not_picked":["Iron Wave","Power Through"],"picked":"True Grit+1","floor":37},{"not_picked":["Wild Strike","Thunderclap","Flex+1"],"picked":"Singing Bowl","floor":38},{"not_picked":["Anger","Flex+1"],"picked":"Impervious","floor":41},{"not_picked":["Havoc","Warcry","Headbutt"],"picked":"Singing Bowl","floor":45},{"not_picked":["Sentinel","Bloodletting","Thunderclap"],"picked":"Singing Bowl","floor":47}],"player_experience":385379,"relics_obtained":[{"floor":6,"key":"Lantern"},{"floor":8,"key":"Matryoshka"},{"floor":9,"key":"PreservedInsect"},{"floor":9,"key":"Champion Belt"},{"floor":10,"key":"Singing Bowl"},{"floor":25,"key":"Bottled Lightning"},{"floor":26,"key":"Dodecahedron"},{"floor":26,"key":"Whetstone"},{"floor":30,"key":"Magic Flower"},{"floor":41,"key":"Ancient Tea Set"},{"floor":43,"key":"Peace Pipe"},{"floor":45,"key":"Shovel"},{"floor":49,"key":"Bronze Scales"}],"event_choices":[{"damage_healed":0,"gold_gain":0,"player_choice":"Leave","damage_taken":0,"max_hp_gain":0,"max_hp_loss":0,"event_name":"The Cleric","floor":2,"gold_loss":0},{"damage_healed":0,"gold_gain":0,"player_choice":"Donut","damage_taken":0,"max_hp_gain":5,"max_hp_loss":0,"event_name":"Big Fish","floor":4,"gold_loss":0},{"damage_healed":0,"gold_gain":0,"player_choice":"Bought 0 Potions","damage_taken":0,"max_hp_gain":0,"max_hp_loss":0,"event_name":"The Woman in Blue","floor":19,"gold_loss":0},{"cards_removed":["Offering"],"damage_healed":0,"gold_gain":0,"player_choice":"Offered Rare","damage_taken":0,"max_hp_gain":10,"max_hp_loss":0,"event_name":"Bonfire Elementals","floor":36,"gold_loss":0},{"damage_healed":0,"gold_gain":0,"player_choice":"Max HP","damage_taken":0,"max_hp_gain":0,"max_hp_loss":5,"event_name":"Winding Halls","floor":39,"gold_loss":0},{"damage_healed":0,"gold_gain":0,"player_choice":"Paid","damage_taken":0,"relics_obtained":["Red Mask"],"max_hp_gain":0,"max_hp_loss":0,"event_name":"Tomb of Lord Red Mask","floor":48,"gold_loss":217}],"is_beta":false,"boss_relics":[{"not_picked":["Sozu","Runic Pyramid"],"picked":"Snecko Eye"},{"not_picked":["Eternal Feather","Busted Crown"],"picked":"Cursed Key"}],"items_purged_floors":[22,44],"is_endless":false,"potions_floor_spawned":[6,8,14,16,18,21,30,33,35,37,47],"ascension_level":12}