{"gold_per_floor":[112,122,22,22,38,38,70,89,113,113,138,158,158,186,186,291,291,306,306,306,159,178,210,121,121,204,221,221],"floor_reached":28,"playtime":2225,"items_purged":["Strike_R","Strike_R","Defend_R"],"score":246,"play_id":"dec405f9-ff5a-4315-aca2-9495cbe10e5e","local_time":"20190213224308","is_ascension_mode":false,"campfire_choices":[{"data":"True Grit","floor":6,"key":"SMITH"},{"data":"Seeing Red","floor":13,"key":"SMITH"},{"data":"Pommel Strike","floor":15,"key":"SMITH"}],"neow_cost":"NONE","seed_source_timestamp":71819970077800,"circlet_count":0,"master_deck":["Strike_R+1","Strike_R+1","Defend_R","Defend_R","Defend_R+1","Bash","Purity+1","Shrug It Off","Headbutt","True Grit+1","Seeing Red+1","Heavy Blade","Spot Weakness","Flex","Pommel Strike+1","Fiend Fire","Power Through+1","RitualDagger","Power Through","Jack Of All Trades","Pommel Strike","Dark Embrace","Seeing Red","Rupture"],"relics":["Burning Blood","Potion Belt","Whetstone","PreservedInsect","Smiling Mask","Kunai","Fusion Hammer","War Paint","MutagenicStrength","Tiny Chest"],"potions_floor_usage":[14,14,14,18,23,27],"damage_taken":[{"damage":1,"enemies":"Cultist","floor":1,"turns":4},{"damage":3,"enemies":"2 Louse","floor":2,"turns":4},{"damage":1,"enemies":"Jaw Worm","floor":5,"turns":6},{"damage":10,"enemies":"3 Sentries","floor":7,"turns":13},{"damage":4,"enemies":"Blue Slaver","floor":8,"turns":7},{"damage":20,"enemies":"Large Slime","floor":12,"turns":7},{"damage":6,"enemies":"Lagavulin","floor":14,"turns":5},{"damage":31,"enemies":"Slime Boss","floor":16,"turns":10},{"damage":7,"enemies":"Spheric Guardian","floor":18,"turns":4},{"damage":12,"enemies":"3 Byrds","floor":22,"turns":6},{"damage":28,"enemies":"Book of Stabbing","floor":23,"turns":6},{"damage":0,"enemies":"3 Cultists","floor":27,"turns":6},{"damage":52,"enemies":"Cultist and Chosen","floor":28,"turns":5}],"seed_played":"1493393040171654036","potions_obtained":[{"floor":2,"key":"SneckoOil"},{"floor":7,"key":"Block Potion"},{"floor":8,"key":"Poison Potion"},{"floor":14,"key":"Energy Potion"},{"floor":18,"key":"Weak Potion"},{"floor":23,"key":"Swift Potion"}],"is_trial":false,"path_per_floor":["M","M","$","?","M","R","E","M","T","?","T","M","R","E","R","B",null,"M","?","?","$","M","E","$","?","T","M","M"],"character_chosen":"IRONCLAD","items_purchased":["True Grit","Jack Of All Trades","Seeing Red"],"campfire_rested":0,"item_purchase_floors":[3,21,24],"current_hp_per_floor":[80,80,80,80,80,80,76,78,78,75,75,61,61,61,61,36,80,79,73,73,73,67,45,45,45,45,51,0],"gold":221,"neow_bonus":"RANDOM_COLORLESS","is_prod":false,"is_daily":false,"chose_seed":false,"campfire_upgraded":3,"win_rate":0,"timestamp":1550094188,"path_taken":["M","M","$","?","M","R","E","?","T","?","?","M","R","E","R","BOSS","M","?","?","$","M","E","$","?","T","?","M"],"build_version":"2019-01-23","purchased_purges":3,"victory":false,"max_hp_per_floor":[80,80,80,80,80,80,80,80,80,80,80,80,80,80,80,80,80,80,80,80,80,80,80,80,80,80,80,80],"card_choices":[{"not_picked":["Second Wind","Carnage"],"picked":"Shrug It Off","floor":1},{"not_picked":["Perfected Strike","Cleave"],"picked":"Headbutt","floor":2},{"not_picked":["Twin Strike","Hemokinesis"],"picked":"Seeing Red","floor":5},{"not_picked":["Corruption","Wild Strike"],"picked":"Heavy Blade","floor":7},{"not_picked":["Cleave","Rampage"],"picked":"Spot Weakness","floor":8},{"not_picked":["Pummel","Fire Breathing"],"picked":"Flex","floor":12},{"not_picked":["Flame Barrier","Offering"],"picked":"Pommel Strike","floor":14},{"not_picked":["Feed","Double Tap"],"picked":"Fiend Fire","floor":16},{"not_picked":["Battle Trance","Shrug It Off+1"],"picked":"Power Through+1","floor":18},{"not_picked":["Shrug It Off","Reckless Charge"],"picked":"Pommel Strike","floor":22},{"not_picked":["Headbutt+1","Sword Boomerang+1"],"picked":"Dark Embrace","floor":23},{"not_picked":["Perfected Strike","Havoc"],"picked":"Rupture","floor":27}],"player_experience":86243,"relics_obtained":[{"floor":7,"key":"Potion Belt"},{"floor":9,"key":"Whetstone"},{"floor":11,"key":"Smiling Mask"},{"floor":14,"key":"Kunai"},{"floor":23,"key":"War Paint"},{"floor":26,"key":"Tiny Chest"}],"event_choices":[{"cards_removed":["Strike_R"],"damage_healed":0,"gold_gain":0,"player_choice":"Purged","damage_taken":0,"max_hp_gain":0,"max_hp_loss":0,"event_name":"Purifier","floor":4,"gold_loss":0},{"damage_healed":0,"gold_gain":0,"player_choice":"Success","damage_taken":3,"relics_obtained":["PreservedInsect"],"max_hp_gain":0,"max_hp_loss":0,"event_name":"Scrap Ooze","floor":10,"gold_loss":0},{"damage_healed":0,"gold_gain":0,"player_choice":"Joined the Cult","damage_taken":6,"max_hp_gain":0,"max_hp_loss":0,"event_name":"Nest","floor":19,"gold_loss":0,"cards_obtained":["RitualDagger"]},{"damage_healed":0,"gold_gain":0,"player_choice":"Read","damage_taken":0,"max_hp_gain":0,"max_hp_loss":0,"event_name":"The Library","floor":20,"gold_loss":0,"cards_obtained":["Power Through"]},{"damage_healed":0,"gold_gain":0,"player_choice":"Inject Mutagens","damage_taken":0,"relics_obtained":["MutagenicStrength"],"max_hp_gain":0,"max_hp_loss":0,"event_name":"Drug Dealer","floor":25,"gold_loss":0}],"is_beta":false,"boss_relics":[{"not_picked":["Velvet Choker","Snecko Eye"],"picked":"Fusion Hammer"}],"items_purged_floors":[3,21,24],"is_endless":false,"potions_floor_spawned":[2,7,8,14,18,23],"killed_by":"Cultist and Chosen","ascension_level":0}