{"gold_per_floor":[118,293,305,305,317,317,317,328,328,341,341,358,358,378,378,483,483,501,501,137,137],"floor_reached":21,"playtime":801,"items_purged":["Strike_B"],"score":171,"play_id":"f466ea42-48e9-414f-9c3b-9d4becdf2208","local_time":"20190410231753","is_ascension_mode":false,"campfire_choices":[{"data":"Zap","floor":6,"key":"SMITH"},{"data":"Hologram","floor":11,"key":"SMITH"},{"data":"Seek","floor":13,"key":"SMITH"},{"data":"Dualcast","floor":15,"key":"SMITH"}],"neow_cost":"NONE","seed_source_timestamp":105014177152130,"circlet_count":0,"master_deck":["Strike_B","Strike_B","Defend_B","Defend_B+1","Defend_B+1","Defend_B","Zap+1","Dualcast+1","Conserve Battery","Hologram+1","Storm","Turbo","Melter","Seek+1","Coolheaded","Echo Form","Reinforced Body","Defragment","Recycle"],"relics":["Cracked Core","Question Card","Black Star","Happy Flower","PreservedInsect"],"potions_floor_usage":[],"damage_taken":[{"damage":0,"enemies":"Small Slimes","floor":1,"turns":3},{"damage":3,"enemies":"2 Louse","floor":3,"turns":3},{"damage":0,"enemies":"Cultist","floor":5,"turns":3},{"damage":0,"enemies":"Exordium Wildlife","floor":8,"turns":4},{"damage":0,"enemies":"Large Slime","floor":10,"turns":5},{"damage":6,"enemies":"Exordium Thugs","floor":12,"turns":5},{"damage":5,"enemies":"Blue Slaver","floor":14,"turns":3},{"damage":30,"enemies":"Hexaghost","floor":16,"turns":15},{"damage":0,"enemies":"Spheric Guardian","floor":18,"turns":2},{"damage":24,"enemies":"Chosen","floor":21,"turns":5}],"seed_played":"1218520297991814013","potions_obtained":[{"floor":3,"key":"SneckoOil"},{"floor":8,"key":"Ancient Potion"},{"floor":12,"key":"EssenceOfSteel"},{"floor":18,"key":"Swift Potion"}],"is_trial":false,"path_per_floor":["M","?","M","?","M","R","?","M","T","M","R","M","R","M","R","B",null,"M","?","$","M"],"character_chosen":"DEFECT","items_purchased":["PreservedInsect","Defragment","Recycle"],"campfire_rested":0,"item_purchase_floors":[20,20,20],"current_hp_per_floor":[75,75,72,57,57,57,50,50,50,50,50,44,44,39,39,9,75,75,75,75,51],"gold":137,"neow_bonus":"REMOVE_CARD","is_prod":false,"is_daily":false,"chose_seed":false,"campfire_upgraded":4,"win_rate":0,"timestamp":1554909473,"path_taken":["M","?","M","?","M","R","?","M","T","M","R","M","R","M","R","BOSS","M","?","$","?"],"build_version":"2019-01-23","purchased_purges":1,"victory":false,"max_hp_per_floor":[75,75,75,75,75,75,75,75,75,75,75,75,75,75,75,75,75,75,75,75,75],"card_choices":[{"not_picked":["Barrage","Cold Snap"],"picked":"Conserve Battery","floor":1},{"not_picked":["Steam","Cold Snap"],"picked":"Hologram","floor":3},{"not_picked":["White Noise","Go for the Eyes"],"picked":"Storm","floor":5},{"not_picked":["Barrage","Skim"],"picked":"Turbo","floor":8},{"not_picked":["FTL","Barrage","Defragment"],"picked":"Melter","floor":10},{"not_picked":["BootSequence","Blizzard","Turbo"],"picked":"Seek","floor":12},{"not_picked":["Scrape","Turbo","Beam Cell"],"picked":"Coolheaded","floor":14},{"not_picked":["Hyperbeam","Multi-Cast","Machine Learning"],"picked":"Echo Form","floor":16},{"not_picked":["Hello World","Fusion","Gash+1"],"picked":"Reinforced Body","floor":18}],"player_experience":958238,"relics_obtained":[{"floor":9,"key":"Question Card"}],"event_choices":[{"damage_healed":0,"gold_gain":175,"player_choice":"AGREE","damage_taken":0,"max_hp_gain":0,"max_hp_loss":0,"event_name":"Liars Game","floor":2,"gold_loss":0,"cards_obtained":["Doubt"]},{"damage_healed":0,"gold_gain":0,"player_choice":"Entered Light","damage_taken":15,"max_hp_gain":0,"max_hp_loss":0,"event_name":"Shining Light","floor":4,"gold_loss":0,"cards_upgraded":["Defend_B","Defend_B"]},{"cards_removed":["Doubt"],"damage_healed":0,"gold_gain":0,"player_choice":"Card Removal","damage_taken":7,"max_hp_gain":0,"max_hp_loss":0,"event_name":"Golden Wing","floor":7,"gold_loss":0},{"damage_healed":0,"gold_gain":0,"player_choice":"Gave Potion","damage_taken":0,"relics_obtained":["Happy Flower"],"max_hp_gain":0,"max_hp_loss":0,"event_name":"WeMeetAgain","floor":19,"gold_loss":0}],"is_beta":false,"boss_relics":[{"not_picked":["Fusion Hammer","White Beast Statue"],"picked":"Black Star"}],"items_purged_floors":[20],"is_endless":false,"potions_floor_spawned":[3,8,12,18],"killed_by":"Chosen","ascension_level":0}