{"gold_per_floor":[114,133,149,165,178,178,189,16,85,103,103,103,28,46,46,177,177,201,214,228,243,293,329,354,372,372,121,140,165,205,51,51,175,238,257,257,132,157,177,200,200,223,223,247,271,271,352,352],"floor_reached":48,"playtime":3016,"items_purged":["Injury","Doubt","Defend_R"],"score":551,"play_id":"bd939045-655c-46d7-befb-bc4553c52363","local_time":"20181008224332","is_ascension_mode":false,"campfire_choices":[{"data":"Armaments","floor":6,"key":"SMITH"},{"floor":15,"key":"REST"},{"data":"Barricade","floor":32,"key":"SMITH"},{"floor":41,"key":"REST"}],"neow_cost":"NONE","seed_source_timestamp":49112401615700,"circlet_count":0,"master_deck":["Strike_R","Strike_R","Strike_R","Strike_R+1","Strike_R","Defend_R","Defend_R","Defend_R","Bash","Intimidate","Armaments+1","Cleave","Shrug It Off","Inflame","Dramatic Entrance","Clash","Headbutt","Barricade+1","Pommel Strike+1","Anger","Ghostly Armor","Rampage+1","Flex+1","Uppercut+1","Offering","Entrench","Dropkick","Double Tap","Dual Wield+1","Thunderclap+1","Whirlwind","Pommel Strike+1","Clumsy","Armaments+1","Anger+1","Secret Technique"],"relics":["Burning Blood","Question Card","Golden Idol","Cursed Key","Bag of Preparation","Self Forming Clay","Shovel","Vajra","Tiny House","Omamori"],"potions_floor_usage":[16,16,20,20,20,23,23,24,25,29,33,38,40],"damage_taken":[{"damage":1,"enemies":"Cultist","floor":1,"turns":4},{"damage":0,"enemies":"Small Slimes","floor":2,"turns":3},{"damage":0,"enemies":"2 Louse","floor":3,"turns":2},{"damage":28,"enemies":"Exordium Thugs","floor":4,"turns":7},{"damage":21,"enemies":"3 Louse","floor":5,"turns":4},{"damage":0,"enemies":"Looter","floor":7,"turns":5},{"damage":11,"enemies":"Exordium Wildlife","floor":10,"turns":3},{"damage":11,"enemies":"Lots of Slimes","floor":14,"turns":3},{"damage":10,"enemies":"Slime Boss","floor":16,"turns":7},{"damage":5,"enemies":"Spheric Guardian","floor":18,"turns":3},{"damage":10,"enemies":"Shell Parasite","floor":19,"turns":5},{"damage":5,"enemies":"Centurion and Healer","floor":20,"turns":7},{"damage":18,"enemies":"Snecko","floor":21,"turns":6},{"damage":11,"enemies":"Book of Stabbing","floor":23,"turns":5},{"damage":27,"enemies":"Snake Plant","floor":24,"turns":4},{"damage":0,"enemies":"Chosen and Byrds","floor":25,"turns":6},{"damage":6,"enemies":"Cultist and Chosen","floor":28,"turns":4},{"damage":15,"enemies":"Shelled Parasite and Fungi","floor":29,"turns":7},{"damage":6,"enemies":"Gremlin Leader","floor":30,"turns":5},{"damage":50,"enemies":"Automaton","floor":33,"turns":10},{"damage":23,"enemies":"Orb Walker","floor":35,"turns":4},{"damage":30,"enemies":"3 Darklings","floor":38,"turns":5},{"damage":20,"enemies":"Reptomancer","floor":39,"turns":4},{"damage":13,"enemies":"4 Shapes","floor":40,"turns":2},{"damage":11,"enemies":"Sphere and 2 Shapes","floor":42,"turns":4},{"damage":32,"enemies":"Maw","floor":44,"turns":7},{"damage":6,"enemies":"Reptomancer","floor":45,"turns":5},{"damage":31,"enemies":"Transient","floor":48,"turns":4}],"seed_played":"5619152249322484744","potions_obtained":[{"floor":3,"key":"SpeedPotion"},{"floor":4,"key":"EssenceOfSteel"},{"floor":5,"key":"Weak Potion"},{"floor":7,"key":"Energy Potion"},{"floor":18,"key":"EntropicBrew"},{"floor":23,"key":"BloodPotion"},{"floor":24,"key":"BloodPotion"},{"floor":25,"key":"Strength Potion"},{"floor":28,"key":"Swift Potion"},{"floor":34,"key":"Energy Potion"},{"floor":39,"key":"Regen Potion"},{"floor":44,"key":"Dexterity Potion"}],"is_trial":false,"path_per_floor":["M","M","M","M","M","R","M","$","T","M","?","?","$","M","R","B",null,"M","M","M","M","?","E","M","M","T","$","M","M","E","$","R","B",null,"M","?","$","M","M","M","R","M","T","M","M","?","T"],"character_chosen":"IRONCLAD","items_purchased":["Inflame","Dramatic Entrance","Offering","Vajra"],"campfire_rested":2,"item_purchase_floors":[8,8,27,31],"current_hp_per_floor":[88,88,88,66,51,51,57,57,57,52,52,52,52,47,73,69,88,88,84,85,73,73,68,55,69,69,69,69,60,60,60,60,16,93,76,76,76,52,38,31,58,53,53,27,27,27,27,0],"gold":352,"neow_bonus":"TEN_PERCENT_HP_BONUS","is_prod":false,"is_daily":false,"chose_seed":false,"campfire_upgraded":2,"win_rate":0,"timestamp":1539031412,"path_taken":["M","M","M","M","M","R","M","$","T","M","?","?","?","M","R","BOSS","M","M","M","M","?","E","?","M","T","$","M","M","E","$","R","BOSS","M","?","$","M","M","M","R","M","T","M","M","?","?","M"],"build_version":"2018-10-04v2","purchased_purges":3,"victory":false,"max_hp_per_floor":[88,88,88,88,88,88,88,88,88,88,88,88,88,88,88,88,88,88,88,88,88,88,88,88,88,88,88,88,88,88,88,88,88,93,93,93,93,93,93,93,93,93,93,93,93,93,93,93],"card_choices":[{"not_picked":["Clothesline","Corruption"],"picked":"Intimidate","floor":1},{"not_picked":["Shrug It Off","Blood for Blood"],"picked":"Armaments","floor":2},{"not_picked":["Armaments","Pummel"],"picked":"Cleave","floor":3},{"not_picked":["Armaments","True Grit","Dropkick"],"picked":"SKIP","floor":4},{"not_picked":["Perfected Strike","Iron Wave"],"picked":"Shrug It Off","floor":5},{"not_picked":["Burning Pact","Cleave","True Grit"],"picked":"SKIP","floor":7},{"not_picked":["Body Slam","Perfected Strike","Iron Wave"],"picked":"Clash","floor":10},{"not_picked":["Iron Wave","Clash","Wild Strike"],"picked":"Headbutt","floor":14},{"not_picked":["Brutality","Dark Embrace","Feed"],"picked":"Barricade","floor":16},{"not_picked":["Armaments+1","Anger","Iron Wave"],"picked":"Pommel Strike+1","floor":18},{"not_picked":["Searing Blow","Burning Pact","Pommel Strike"],"picked":"Anger","floor":19},{"not_picked":["Iron Wave","Sentinel","Seeing Red"],"picked":"Ghostly Armor","floor":20},{"not_picked":["Shrug It Off+1","Bloodletting","Cleave"],"picked":"Rampage+1","floor":21},{"not_picked":["Wild Strike","Anger","Headbutt"],"picked":"Flex+1","floor":23},{"not_picked":["Power Through","Sword Boomerang+1","Second Wind"],"picked":"Uppercut+1","floor":24},{"not_picked":["Thunderclap","Rampage+1","Wild Strike+1","Shrug It Off"],"picked":"SKIP","floor":25},{"not_picked":["Burning Pact","Headbutt+1","Flex"],"picked":"Entrench","floor":28},{"not_picked":["Battle Trance","True Grit","Hemokinesis+1"],"picked":"Dropkick","floor":29},{"not_picked":["Thunderclap","Perfected Strike","Bludgeon","Pommel Strike"],"picked":"SKIP","floor":30},{"not_picked":["Reaper","Limit Break","Exhume"],"picked":"Double Tap","floor":33},{"not_picked":["Body Slam","Pommel Strike+1","Wild Strike+1"],"picked":"Dual Wield+1","floor":35},{"not_picked":["Twin Strike","Juggernaut","Body Slam"],"picked":"Thunderclap+1","floor":38},{"not_picked":["Sentinel+1","Cleave","Pommel Strike"],"picked":"Whirlwind","floor":39},{"not_picked":["Cleave+1","Iron Wave+1","Rupture"],"picked":"Pommel Strike+1","floor":40},{"not_picked":["Sever Soul","Body Slam+1","Cleave+1","Second Wind"],"picked":"SKIP","floor":42},{"not_picked":["Metallicize","Pommel Strike","Sword Boomerang"],"picked":"Armaments+1","floor":44},{"not_picked":["Cleave","Twin Strike","Thunderclap"],"picked":"Anger+1","floor":45},{"not_picked":["Impatience","Panacea","The Bomb"],"picked":"Secret Technique","floor":46}],"player_experience":93236,"relics_obtained":[{"floor":9,"key":"Question Card"},{"floor":23,"key":"Bag of Preparation"},{"floor":26,"key":"Self Forming Clay"},{"floor":30,"key":"Shovel"},{"floor":43,"key":"Omamori"}],"event_choices":[{"event_name":"Liars Game","player_choice":"disagreed","floor":11,"damage_taken":0},{"event_name":"Golden Idol","player_choice":"Take Wound","floor":12,"damage_taken":0},{"event_name":"The Joust","player_choice":"Bet on Murderer","floor":22,"damage_taken":0},{"event_name":"Tomb of Lord Red Mask","player_choice":"Ignored","floor":36,"damage_taken":0},{"event_name":"SensoryStone","player_choice":"Memory 1","floor":46,"damage_taken":0}],"is_beta":false,"boss_relics":[{"not_picked":["Sozu","Runic Cube"],"picked":"Cursed Key"},{"not_picked":["Eternal Feather","Coffee Dripper"],"picked":"Tiny House"}],"items_purged_floors":[13,27,37],"is_endless":false,"potions_floor_spawned":[3,4,5,7,10,18,23,24,25,28,39,44],"killed_by":"Transient","ascension_level":0}