{"gold_per_floor":[119,139,139,64,64,97,97,22,45,62,62,72,91,108,108,179,179,198,123,142,159,169,169,119,119],"floor_reached":25,"playtime":867,"items_purged":["Strike_G"],"score":449,"play_id":"11f1db30-2f8d-44b3-bb73-673affd6bae8","local_time":"20190302204714","is_ascension_mode":true,"campfire_choices":[{"data":"Predator","floor":7,"key":"SMITH"},{"data":"Well Laid Plans","floor":11,"key":"SMITH"},{"floor":15,"key":"REST"},{"floor":23,"key":"REST"}],"neow_cost":"NONE","seed_source_timestamp":391026973229400,"circlet_count":0,"master_deck":["AscendersBane","Defend_G+1","Defend_G","Defend_G","Defend_G","Defend_G+1","Strike_G+1","Survivor","Neutralize","Predator+1","Poisoned Stab","Quick Slash","Well Laid Plans+1","Crippling Poison","Deadly Poison","Bane","Night Terror+1","Catalyst","Dagger Spray"],"relics":["Ring of the Snake","NeowsBlessing","Bag of Preparation","Snake Skull","Sozu"],"potions_floor_usage":[13,16,20],"damage_taken":[{"damage":0,"enemies":"Cultist","floor":1,"turns":1},{"damage":0,"enemies":"2 Louse","floor":2,"turns":1},{"damage":0,"enemies":"3 Sentries","floor":6,"turns":1},{"damage":0,"enemies":"Small Slimes","floor":10,"turns":3},{"damage":0,"enemies":"2 Fungi Beasts","floor":12,"turns":2},{"damage":0,"enemies":"Gremlin Gang","floor":13,"turns":4},{"damage":0,"enemies":"Large Slime","floor":14,"turns":4},{"damage":20,"enemies":"Slime Boss","floor":16,"turns":10},{"damage":8,"enemies":"Shell Parasite","floor":18,"turns":5},{"damage":2,"enemies":"2 Thieves","floor":20,"turns":4},{"damage":7,"enemies":"Centurion and Healer","floor":21,"turns":7},{"damage":36,"enemies":"Shelled Parasite and Fungi","floor":22,"turns":4},{"damage":25,"enemies":"Slavers","floor":25,"turns":2}],"seed_played":"4175500417012276765","potions_obtained":[{"floor":1,"key":"Block Potion"},{"floor":6,"key":"Dexterity Potion"},{"floor":16,"key":"Block Potion"}],"is_trial":false,"path_per_floor":["M","M","?","?","?","E","R","$","T","M","R","M","M","M","R","B",null,"M","?","M","M","M","R","?","E"],"character_chosen":"THE_SILENT","items_purchased":[],"campfire_rested":2,"item_purchase_floors":[],"current_hp_per_floor":[59,59,52,52,32,32,32,32,32,32,32,32,32,32,51,31,57,49,49,47,40,4,23,23,0],"gold":119,"neow_bonus":"THREE_ENEMY_KILL","is_prod":false,"is_daily":false,"chose_seed":false,"campfire_upgraded":2,"win_rate":0,"timestamp":1551556034,"path_taken":["M","M","?","?","?","E","R","$","T","M","R","M","M","M","R","BOSS","M","?","M","M","M","R","?","E"],"build_version":"2019-01-23","purchased_purges":1,"victory":false,"max_hp_per_floor":[66,66,66,66,66,66,66,66,66,66,66,66,66,66,66,66,66,66,66,66,66,66,66,66,66],"card_choices":[{"not_picked":["Calculated Gamble","Tactician"],"picked":"Predator","floor":1},{"not_picked":["Underhanded Strike","Reflex"],"picked":"Poisoned Stab","floor":2},{"not_picked":["PiercingWail","Choke"],"picked":"Quick Slash","floor":6},{"not_picked":["Blade Dance","Expertise"],"picked":"Well Laid Plans","floor":10},{"not_picked":["Acrobatics","Backflip"],"picked":"Crippling Poison","floor":12},{"not_picked":["PiercingWail","Catalyst"],"picked":"Deadly Poison","floor":13},{"not_picked":["Masterful Stab","Acrobatics"],"picked":"Bane","floor":14},{"not_picked":["Tools of the Trade","Bullet Time"],"picked":"Night Terror","floor":16},{"not_picked":["Masterful Stab","Heel Hook","Quick Slash"],"picked":"SKIP","floor":18},{"not_picked":["Backflip","Noxious Fumes"],"picked":"Catalyst","floor":20},{"not_picked":["Dagger Throw","Expertise","Acrobatics"],"picked":"SKIP","floor":21},{"not_picked":["Dagger Throw","Sucker Punch"],"picked":"Dagger Spray","floor":22}],"player_experience":534786,"relics_obtained":[{"floor":6,"key":"Bag of Preparation"},{"floor":9,"key":"Snake Skull"}],"event_choices":[{"cards_removed":["Strike_G"],"damage_healed":0,"gold_gain":0,"player_choice":"Card Removal","damage_taken":7,"max_hp_gain":0,"max_hp_loss":0,"event_name":"Golden Wing","floor":3,"gold_loss":0},{"cards_removed":["Strike_G"],"damage_healed":0,"gold_gain":0,"player_choice":"Card Removal","damage_taken":0,"max_hp_gain":0,"max_hp_loss":0,"event_name":"The Cleric","floor":4,"gold_loss":75},{"damage_healed":0,"gold_gain":0,"player_choice":"Entered Light","damage_taken":20,"max_hp_gain":0,"max_hp_loss":0,"event_name":"Shining Light","floor":5,"gold_loss":0,"cards_upgraded":["Defend_G","Strike_G"]},{"cards_removed":["Strike_G"],"damage_healed":0,"gold_gain":0,"player_choice":"Gave Gold","damage_taken":0,"max_hp_gain":0,"max_hp_loss":0,"event_name":"Beggar","floor":19,"gold_loss":75},{"damage_healed":0,"gold_gain":0,"player_choice":"Upgraded Two","damage_taken":0,"max_hp_gain":0,"max_hp_loss":0,"event_name":"Designer","floor":24,"gold_loss":50,"cards_upgraded":["Defend_G","Night Terror"]}],"is_beta":false,"boss_relics":[{"not_picked":["Astrolabe","Ectoplasm"],"picked":"Sozu"}],"items_purged_floors":[8],"is_endless":false,"potions_floor_spawned":[1,6,12,16,18,20],"killed_by":"Slavers","ascension_level":19}