{"gold_per_floor":[113,129,204,204,220,231,231,231,231,245,263,263,277,277,277,277],"floor_reached":16,"playtime":674,"items_purged":[],"score":94,"play_id":"1966571e-f12d-45fc-b139-050959517eec","local_time":"20180722004533","is_ascension_mode":false,"campfire_choices":[{"data":"Searing Blow","floor":7,"key":"SMITH"},{"data":"Searing Blow+1","floor":12,"key":"SMITH"},{"data":"Searing Blow+2","floor":15,"key":"SMITH"}],"neow_cost":"NONE","seed_source_timestamp":191275554932258,"circlet_count":0,"master_deck":["Strike_R","Strike_R","Strike_R","Strike_R","Strike_R","Defend_R","Defend_R","Defend_R","Defend_R","Bash+1","Seeing Red","Searing Blow+3","Headbutt","Warcry","Cleave"],"relics":["Burning Blood","Unceasing Top","Bottled Flame","Mummified Hand"],"potions_floor_usage":[6,16],"damage_taken":[{"damage":2,"enemies":"Small Slimes","floor":1,"turns":5},{"damage":1,"enemies":"Jaw Worm","floor":2,"turns":3},{"damage":2,"enemies":"2 Louse","floor":5,"turns":3},{"damage":15,"enemies":"Exordium Thugs","floor":6,"turns":4},{"damage":7,"enemies":"3 Louse","floor":10,"turns":4},{"damage":9,"enemies":"2 Fungi Beasts","floor":11,"turns":4},{"damage":8,"enemies":"Gremlin Gang","floor":13,"turns":5},{"damage":51,"enemies":"The Guardian","floor":16,"turns":9}],"seed_played":"3318146696541560685","potions_obtained":[{"floor":1,"key":"LiquidBronze"},{"floor":5,"key":"Fruit Juice"},{"floor":13,"key":"SteroidPotion"}],"is_trial":false,"path_per_floor":["M","M","?","?","M","M","R","?","T","M","M","R","M","T","R"],"character_chosen":"IRONCLAD","items_purchased":[],"campfire_rested":0,"item_purchase_floors":[],"current_hp_per_floor":[80,80,69,74,78,74,74,56,56,55,52,52,50,50,50,0],"gold":277,"neow_bonus":"UPGRADE_CARD","is_prod":false,"is_daily":false,"chose_seed":false,"campfire_upgraded":3,"win_rate":0,"timestamp":1532191533,"path_taken":["M","M","?","?","M","M","R","?","T","?","M","R","M","?","R","BOSS"],"build_version":"2018-07-19v2","purchased_purges":0,"victory":false,"max_hp_per_floor":[80,80,80,85,85,90,90,90,90,90,90,90,90,90,90,90],"card_choices":[{"not_picked":["Burning Pact","Iron Wave"],"picked":"Seeing Red","floor":1},{"not_picked":["True Grit","Havoc"],"picked":"Searing Blow","floor":2},{"not_picked":["Body Slam","Perfected Strike"],"picked":"Headbutt","floor":5},{"not_picked":["Reckless Charge","Clash"],"picked":"Warcry","floor":6},{"not_picked":["Twin Strike","Seeing Red","Sword Boomerang"],"picked":"SKIP","floor":10},{"not_picked":["Entrench","Anger","Thunderclap"],"picked":"SKIP","floor":11},{"not_picked":["Corruption","Thunderclap"],"picked":"Cleave","floor":13}],"player_experience":681875,"relics_obtained":[{"floor":9,"key":"Bottled Flame"},{"floor":14,"key":"Mummified Hand"}],"event_choices":[{"event_name":"World of Goop","player_choice":"Gather Gold","floor":3,"damage_taken":0},{"event_name":"Big Fish","player_choice":"Donut","floor":4,"damage_taken":0},{"event_name":"Scrap Ooze","player_choice":"success","floor":8,"damage_taken":18}],"is_beta":false,"boss_relics":[],"items_purged_floors":[],"is_endless":false,"potions_floor_spawned":[1,5,13],"killed_by":"The Guardian","ascension_level":0}