{"gold_per_floor":[116,135,74,93,111,111,131,163,163,163,182,210,224,239,239,342,342,361,276,288,288,306,306,9,9,9,22,22],"floor_reached":28,"playtime":1421,"items_purged":["Defend_G"],"score":234,"play_id":"cf4dcf1b-f61e-4cce-913e-7851ea368224","local_time":"20181117104439","is_ascension_mode":false,"campfire_choices":[{"data":"Neutralize","floor":6,"key":"SMITH"},{"floor":10,"key":"REST"},{"floor":15,"key":"REST"},{"data":"Backstab","floor":23,"key":"SMITH"},{"floor":25,"key":"REST"}],"neow_cost":"NONE","seed_source_timestamp":185988998344000,"circlet_count":0,"master_deck":["Defend_G","Defend_G","Defend_G","Defend_G","Strike_G","Strike_G","Strike_G","Strike_G","Strike_G","Survivor","Neutralize+1","Poisoned Stab","Dagger Spray","Bane","Caltrops","Blur","Acrobatics","Backflip","Night Terror","Envenom","Poisoned Stab","Backstab+1","Catalyst","Escape Plan+1"],"relics":["Sozu","Dodecahedron","Sundial","Tough Bandages","Gambling Chip","WristBlade","Matryoshka","PreservedInsect","Ancient Tea Set","Omamori"],"potions_floor_usage":[],"damage_taken":[{"damage":0,"enemies":"Jaw Worm","floor":1,"turns":5},{"damage":0,"enemies":"Cultist","floor":2,"turns":3},{"damage":3,"enemies":"Small Slimes","floor":4,"turns":3},{"damage":6,"enemies":"Exordium Wildlife","floor":5,"turns":4},{"damage":0,"enemies":"2 Fungi Beasts","floor":7,"turns":4},{"damage":14,"enemies":"Gremlin Nob","floor":8,"turns":4},{"damage":0,"enemies":"Red Slaver","floor":11,"turns":4},{"damage":29,"enemies":"3 Sentries","floor":12,"turns":8},{"damage":2,"enemies":"Large Slime","floor":13,"turns":6},{"damage":0,"enemies":"Exordium Wildlife","floor":14,"turns":5},{"damage":10,"enemies":"Hexaghost","floor":16,"turns":15},{"damage":9,"enemies":"2 Thieves","floor":18,"turns":5},{"damage":12,"enemies":"3 Byrds","floor":20,"turns":5},{"damage":12,"enemies":"Snake Plant","floor":22,"turns":4},{"damage":33,"enemies":"Snecko","floor":27,"turns":6},{"damage":27,"enemies":"3 Cultists","floor":28,"turns":6}],"seed_played":"1187608928895667441","potions_obtained":[],"is_trial":false,"path_per_floor":["M","M","?","M","M","R","M","E","T","R","M","E","M","M","R","B",null,"M","?","M","?","M","R","$","R","T","M","M"],"character_chosen":"THE_SILENT","items_purchased":["Catalyst","PreservedInsect"],"campfire_rested":3,"item_purchase_floors":[24,24],"current_hp_per_floor":[70,70,70,67,61,61,61,47,47,68,68,39,37,37,58,48,70,61,61,49,49,37,37,37,58,58,25,0],"gold":22,"neow_bonus":"BOSS_RELIC","is_prod":false,"is_daily":false,"chose_seed":false,"campfire_upgraded":2,"win_rate":0,"timestamp":1542447879,"path_taken":["M","M","?","M","M","R","M","E","T","R","M","E","?","M","R","BOSS","M","?","M","?","M","R","$","R","T","M","M"],"build_version":"2018-11-15","purchased_purges":1,"victory":false,"max_hp_per_floor":[70,70,70,70,70,70,70,70,70,70,70,70,70,70,70,70,70,70,70,70,70,70,70,70,70,70,70,70],"card_choices":[{"not_picked":["Dagger Throw","PiercingWail"],"picked":"Poisoned Stab","floor":1},{"not_picked":["Well Laid Plans","Endless Agony","Underhanded Strike"],"picked":"SKIP","floor":2},{"not_picked":["Skewer","Deadly Poison"],"picked":"Dagger Spray","floor":4},{"not_picked":["Setup","Flechettes","Dagger Spray"],"picked":"SKIP","floor":5},{"not_picked":["Expertise","Masterful Stab"],"picked":"Bane","floor":7},{"not_picked":["Skewer","Riddle With Holes"],"picked":"Caltrops","floor":8},{"not_picked":["Underhanded Strike","Blade Dance"],"picked":"Blur","floor":11},{"not_picked":["PiercingWail","Quick Slash"],"picked":"Acrobatics","floor":12},{"not_picked":["Slice","Tactician"],"picked":"Backflip","floor":13},{"not_picked":["Heel Hook","Predator"],"picked":"Night Terror","floor":14},{"not_picked":["Burst","Wraith Form v2"],"picked":"Envenom","floor":16},{"not_picked":["Finisher","PiercingWail"],"picked":"Poisoned Stab","floor":18},{"not_picked":["Sucker Punch+1","Dagger Throw","Flying Knee"],"picked":"SKIP","floor":20},{"not_picked":["Underhanded Strike+1","Flechettes+1"],"picked":"Backstab","floor":22},{"not_picked":["Deadly Poison+1","Acrobatics"],"picked":"Escape Plan+1","floor":27}],"player_experience":208097,"relics_obtained":[{"floor":8,"key":"Sundial"},{"floor":9,"key":"Tough Bandages"},{"floor":12,"key":"Gambling Chip"},{"floor":26,"key":"Ancient Tea Set"},{"floor":26,"key":"Omamori"}],"event_choices":[{"damage_healed":0,"gold_gain":0,"player_choice":"Paid Gold","damage_taken":0,"relics_obtained":["Dodecahedron"],"max_hp_gain":0,"max_hp_loss":0,"event_name":"WeMeetAgain","floor":3,"gold_loss":61},{"damage_healed":0,"gold_gain":0,"player_choice":"Obtained Relic","damage_taken":0,"relics_obtained":["Matryoshka"],"max_hp_gain":0,"max_hp_loss":0,"event_name":"Addict","floor":19,"gold_loss":85},{"damage_healed":0,"gold_gain":0,"player_choice":"Ignored","damage_taken":0,"max_hp_gain":0,"max_hp_loss":0,"event_name":"Vampires","floor":21,"gold_loss":0}],"is_beta":false,"boss_relics":[{"not_picked":["Snecko Eye","White Beast Statue"],"picked":"WristBlade"}],"items_purged_floors":[24],"is_endless":false,"potions_floor_spawned":[2,8,11,12,14,20,27],"killed_by":"3 Cultists","ascension_level":0}