{"path_per_floor":["M","$","M","?","?","R","E","R","T","R","M","M","M","M","R","B",null,"M","?","?","M","?","R","M","M","T","M","M","$"],"character_chosen":"IRONCLAD","items_purchased":["Spot Weakness","Toolbox","Exhume"],"gold_per_floor":[366,0,13,13,81,81,106,106,106,106,119,131,150,164,164,261,261,279,279,279,295,210,210,228,245,320,332,342,92],"floor_reached":30,"campfire_rested":1,"playtime":1860,"current_hp_per_floor":[39,39,28,28,28,28,8,32,32,32,38,41,45,57,57,8,80,55,55,39,41,41,41,45,33,33,20,7,7],"items_purged":["Strike_R","Defend_R"],"gold":92,"score":234,"play_id":"66f3b13f-b3b9-4e82-8376-395e2dc923e9","local_time":"20180315223054","is_prod":false,"is_daily":false,"is_ascension_mode":false,"campfire_upgraded":4,"timestamp":1521124254,"path_taken":["M","$","M","?","?","R","E","R","T","R","M","?","M","M","R","BOSS","M","?","?","M","?","R","?","M","T","M","M","$","M"],"build_version":"2018-03-09","purchased_purges":2,"victory":false,"master_deck":["Defend_R","Defend_R","Defend_R","Bash+1","Rupture","Spot Weakness","Heavy Blade+1","Pommel Strike+1","Headbutt","Bloodletting","Bloodletting+1","Cleave","Demon Form","Pummel+1","Entrench+1","Disarm+1","Shrug It Off","Clash+1","Thunderclap","Flex+1","Shrug It Off+1","Entrench+1","Exhume+1"],"max_hp_per_floor":[80,80,80,80,80,80,80,80,80,80,80,80,80,80,80,80,80,80,80,80,80,80,80,80,80,80,80,80,80],"relics":["Burning Blood","Toolbox","Du-Vu Doll","Blood Vial","Astrolabe","Enchiridion","Happy Flower","Toxic Egg 2"],"card_choices":[{"not_picked":["Combust","Cleave"],"picked":"Rupture"},{"not_picked":["Rage","Blood for Blood"],"picked":"Heavy Blade"},{"not_picked":["Fiend Fire","Cleave"],"picked":"Pommel Strike"},{"not_picked":["Blood for Blood","Flex"],"picked":"Headbutt"},{"not_picked":["Pommel Strike","Warcry"],"picked":"Bloodletting"},{"not_picked":["Uppercut","Fire Breathing"],"picked":"Bloodletting"},{"not_picked":["Shockwave","Spot Weakness"],"picked":"Cleave"},{"not_picked":["Berserk","Double Tap"],"picked":"Demon Form"},{"not_picked":["Clothesline","Power Through"],"picked":"Shrug It Off"},{"not_picked":["Body Slam","Pommel Strike"],"picked":"Clash"},{"not_picked":["Anger","Headbutt"],"picked":"Thunderclap"},{"not_picked":["Heavy Blade","Infernal Blade"],"picked":"Flex"},{"not_picked":["Blood for Blood","Carnage"],"picked":"Shrug It Off"},{"not_picked":["Perfected Strike","Flex"],"picked":"Entrench"}],"player_experience":296548,"potions_floor_usage":[7,12,13,14,16,24,27],"damage_taken":[{"damage":7,"enemies":"Small Slimes","floor":1,"turns":4},{"damage":17,"enemies":"Jaw Worm","floor":3,"turns":6},{"damage":26,"enemies":"Gremlin Nob","floor":7,"turns":5},{"damage":2,"enemies":"2 Louse","floor":11,"turns":2},{"damage":5,"enemies":"Exordium Wildlife","floor":12,"turns":3},{"damage":4,"enemies":"Exordium Thugs","floor":13,"turns":4},{"damage":11,"enemies":"3 Louse","floor":14,"turns":6},{"damage":57,"enemies":"The Guardian","floor":16,"turns":9},{"damage":31,"enemies":"Spheric Guardian","floor":18,"turns":5},{"damage":6,"enemies":"Chosen","floor":21,"turns":4},{"damage":4,"enemies":"Snake Plant","floor":24,"turns":4},{"damage":20,"enemies":"3 Cultists","floor":25,"turns":5},{"damage":21,"enemies":"Cultist and Chosen","floor":27,"turns":5},{"damage":21,"enemies":"Snake Plant","floor":28,"turns":3},{"damage":12,"enemies":"Snecko","floor":30,"turns":3}],"event_choices":[{"event_name":"Golden Idol","player_choice":"Ignored","floor":4,"damage_taken":0},{"event_name":"Golden Wing","player_choice":"Gained Gold","floor":5,"damage_taken":0},{"event_name":"Back to Basics","player_choice":"Elegance","floor":19,"damage_taken":0},{"event_name":"Cursed Tome","player_choice":"Obtained Book","floor":20,"damage_taken":0},{"event_name":"Addict","player_choice":"Obtained Relic","floor":22,"damage_taken":0}],"boss_relics":[{"not_picked":["Eternal Feather","Runic Dome"],"picked":"Astrolabe"}],"potions_floor_spawned":[1,7,12,13,14,18,24,28],"seed_played":"7963333269667934046","killed_by":"Snecko","ascension_level":0,"is_trial":false}