{"gold_per_floor":[118,129,129,129,149,149,179,189,189,200,200,210,238,248,248,326,326,339,352,75,75,87,104,104,123,123,123,136,171,0,15,15,90,90,105,105,123,143,157,157,183,183,207,51,51,62,72,92,92,92],"floor_reached":50,"playtime":2629,"items_purged":["Strike_G"],"score":994,"play_id":"eb8c54a6-d1b5-498a-a2ec-026abc874faf","local_time":"20190207201341","is_ascension_mode":true,"campfire_choices":[{"data":"Bane","floor":6,"key":"SMITH"},{"floor":11,"key":"REST"},{"floor":15,"key":"REST"},{"floor":24,"key":"REST"},{"floor":27,"key":"REST"},{"floor":32,"key":"REST"},{"floor":40,"key":"REST"},{"floor":42,"key":"REST"},{"data":"Catalyst","floor":45,"key":"SMITH"},{"floor":49,"key":"REST"}],"neow_cost":"NONE","seed_source_timestamp":127181167583800,"circlet_count":0,"master_deck":["AscendersBane","Defend_G","Defend_G","Defend_G","Defend_G","Defend_G","Strike_G","Strike_G","Strike_G+1","Survivor","Neutralize+1","Bane+1","Crippling Poison","PiercingWail+1","Skewer","Noxious Fumes","Deadly Poison","Catalyst+1","Flechettes","Well Laid Plans","After Image","PiercingWail","Dodge and Roll+1","Dodge and Roll","Bouncing Flask","Bouncing Flask+1","Backflip+1","Backflip+1","Footwork","Adrenaline+1","Crippling Poison+1","Bouncing Flask+1","Calculated Gamble+1","Deadly Poison+1","Neutralize","Catalyst+1","Leg Sweep+1","Backflip+1","Noxious Fumes","Deadly Poison+1","PiercingWail+1"],"relics":["Ring of the Snake","Ancient Tea Set","Snake Skull","Bottled Flame","Turnip","Sozu","Anchor","Toxic Egg 2","Dream Catcher","Art of War","Orrery","War Paint","Bronze Scales","Bag of Preparation"],"potions_floor_usage":[16,16],"damage_taken":[{"damage":0,"enemies":"2 Louse","floor":1,"turns":3},{"damage":3,"enemies":"Cultist","floor":2,"turns":5},{"damage":0,"enemies":"Jaw Worm","floor":5,"turns":5},{"damage":13,"enemies":"3 Sentries","floor":7,"turns":10},{"damage":11,"enemies":"Exordium Thugs","floor":8,"turns":7},{"damage":10,"enemies":"Lots of Slimes","floor":10,"turns":4},{"damage":0,"enemies":"Blue Slaver","floor":12,"turns":2},{"damage":14,"enemies":"Gremlin Nob","floor":13,"turns":4},{"damage":9,"enemies":"2 Fungi Beasts","floor":14,"turns":4},{"damage":0,"enemies":"The Guardian","floor":16,"turns":8},{"damage":23,"enemies":"3 Byrds","floor":18,"turns":5},{"damage":4,"enemies":"Shell Parasite","floor":19,"turns":5},{"damage":25,"enemies":"Shelled Parasite and Fungi","floor":22,"turns":4},{"damage":1,"enemies":"Centurion and Healer","floor":23,"turns":7},{"damage":18,"enemies":"Sentry and Sphere","floor":25,"turns":7},{"damage":0,"enemies":"Snake Plant","floor":28,"turns":3},{"damage":6,"enemies":"Slavers","floor":29,"turns":6},{"damage":0,"enemies":"Centurion and Healer","floor":31,"turns":6},{"damage":23,"enemies":"Collector","floor":33,"turns":8},{"damage":0,"enemies":"Orb Walker","floor":35,"turns":3},{"damage":24,"enemies":"3 Darklings","floor":37,"turns":6},{"damage":0,"enemies":"Maw","floor":38,"turns":6},{"damage":19,"enemies":"Jaw Worm Horde","floor":39,"turns":5},{"damage":24,"enemies":"Nemesis","floor":41,"turns":5},{"damage":0,"enemies":"4 Shapes","floor":46,"turns":3},{"damage":10,"enemies":"Transient","floor":47,"turns":5},{"damage":11,"enemies":"Writhing Mass","floor":48,"turns":4},{"damage":38,"enemies":"Donu and Deca","floor":50,"turns":3}],"seed_played":"-5450655087184868218","potions_obtained":[{"floor":2,"key":"PowerPotion"},{"floor":7,"key":"FearPotion"},{"floor":8,"key":"Dexterity Potion"}],"is_trial":false,"path_per_floor":["M","M","?","?","M","R","E","M","T","M","R","M","E","M","R","B",null,"M","M","$","?","M","M","R","M","T","R","M","E","$","M","R","B",null,"M","?","M","M","M","R","E","R","T","$","R","M","M","M","R","B"],"character_chosen":"THE_SILENT","items_purchased":["Anchor","Dodge and Roll","Backflip+1","Art of War","Bag of Preparation"],"campfire_rested":8,"item_purchase_floors":[20,20,30,30,44],"current_hp_per_floor":[63,60,46,46,46,46,33,22,22,12,33,33,19,10,31,31,60,37,33,33,33,8,7,28,10,10,31,31,25,25,25,46,23,58,58,58,34,34,15,36,12,33,33,33,33,33,23,12,33,0],"gold":92,"neow_bonus":"RANDOM_COMMON_RELIC","is_prod":false,"is_daily":false,"chose_seed":false,"campfire_upgraded":2,"win_rate":0,"timestamp":1549566821,"path_taken":["M","M","?","?","?","R","E","M","T","M","R","M","E","M","R","BOSS","M","M","$","?","M","M","R","M","T","R","M","E","$","M","R","BOSS","M","?","M","M","M","R","E","R","T","$","R","M","M","M","R","BOSS"],"build_version":"2019-01-23","purchased_purges":1,"victory":false,"max_hp_per_floor":[70,70,70,70,70,70,70,70,70,70,70,70,70,70,70,70,70,70,70,70,70,70,70,70,70,70,70,70,70,70,70,70,70,70,70,70,70,70,70,70,70,70,70,70,70,70,70,70,70,70],"card_choices":[{"not_picked":["Deflect","Dagger Throw"],"picked":"Bane","floor":1},{"not_picked":["Concentrate","Underhanded Strike"],"picked":"Crippling Poison","floor":2},{"not_picked":["Prepared","Riddle With Holes"],"picked":"PiercingWail","floor":5},{"not_picked":["Endless Agony","Dagger Throw"],"picked":"Skewer","floor":7},{"not_picked":["Poisoned Stab","Backflip"],"picked":"Noxious Fumes","floor":8},{"not_picked":["Escape Plan","Outmaneuver"],"picked":"Deadly Poison","floor":10},{"not_picked":["Dagger Spray","Finisher"],"picked":"Catalyst","floor":12},{"not_picked":["Concentrate","Doppelganger"],"picked":"Flechettes","floor":13},{"not_picked":["Predator","Prepared"],"picked":"Well Laid Plans","floor":14},{"not_picked":["Doppelganger","A Thousand Cuts"],"picked":"After Image","floor":16},{"not_picked":["Dash","Slice"],"picked":"PiercingWail","floor":18},{"not_picked":["Outmaneuver","Concentrate","Caltrops"],"picked":"SKIP","floor":19},{"not_picked":["Slice","Storm of Steel"],"picked":"Dodge and Roll","floor":22},{"not_picked":["Blade Dance","Skewer","Cloak And Dagger"],"picked":"SKIP","floor":23},{"not_picked":["Flying Knee","Sucker Punch+1"],"picked":"Bouncing Flask","floor":25},{"not_picked":["Quick Slash","Heel Hook"],"picked":"Bouncing Flask+1","floor":28},{"not_picked":["Heel Hook","Distraction+1"],"picked":"Backflip+1","floor":29},{"not_picked":["Underhanded Strike","Flechettes"],"picked":"Footwork","floor":31},{"not_picked":["Tools of the Trade","Die Die Die"],"picked":"Adrenaline+1","floor":33},{"not_picked":["Finisher","Dagger Throw"],"picked":"Crippling Poison+1","floor":34},{"not_picked":["Finisher","Deadly Poison+1"],"picked":"Bouncing Flask+1","floor":34},{"not_picked":["Unload","Caltrops"],"picked":"Calculated Gamble+1","floor":34},{"not_picked":["Sucker Punch","Backstab+1"],"picked":"Deadly Poison+1","floor":35},{"not_picked":["Endless Agony","Blade Dance+1","Bane+1"],"picked":"SKIP","floor":37},{"not_picked":["Deadly Poison+1","Acrobatics+1"],"picked":"Catalyst+1","floor":38},{"not_picked":["Riddle With Holes","Acrobatics+1"],"picked":"Leg Sweep+1","floor":39},{"not_picked":["Phantasmal Killer+1","Tactician+1"],"picked":"Backflip+1","floor":41},{"not_picked":["Deadly Poison+1","Acrobatics+1"],"picked":"Noxious Fumes","floor":42},{"not_picked":["Poisoned Stab","Predator+1"],"picked":"Deadly Poison+1","floor":46},{"not_picked":["Distraction+1","Expertise+1","Bane"],"picked":"SKIP","floor":47},{"not_picked":["Flying Knee+1","Tools of the Trade"],"picked":"PiercingWail+1","floor":48}],"player_experience":473596,"relics_obtained":[{"floor":7,"key":"Snake Skull"},{"floor":9,"key":"Bottled Flame"},{"floor":13,"key":"Turnip"},{"floor":26,"key":"Toxic Egg 2"},{"floor":29,"key":"Dream Catcher"},{"floor":41,"key":"War Paint"},{"floor":43,"key":"Bronze Scales"}],"event_choices":[{"damage_healed":0,"gold_gain":0,"player_choice":"Entered Light","damage_taken":14,"max_hp_gain":0,"max_hp_loss":0,"event_name":"Shining Light","floor":3,"gold_loss":0,"cards_upgraded":["Strike_G","Neutralize"]},{"cards_removed":["Strike_G"],"damage_healed":0,"gold_gain":0,"player_choice":"Purged","damage_taken":0,"max_hp_gain":0,"max_hp_loss":0,"event_name":"Purifier","floor":4,"gold_loss":0},{"damage_healed":0,"gold_gain":0,"player_choice":"Got Potions","damage_taken":0,"max_hp_gain":0,"max_hp_loss":0,"event_name":"Lab","floor":21,"gold_loss":0},{"damage_healed":0,"gold_gain":0,"player_choice":"1 cards matched","damage_taken":0,"max_hp_gain":0,"max_hp_loss":0,"event_name":"Match and Keep!","floor":36,"gold_loss":0,"cards_obtained":["Neutralize"]}],"is_beta":false,"boss_relics":[{"not_picked":["Fusion Hammer","Busted Crown"],"picked":"Sozu"},{"not_picked":["Velvet Choker","HoveringKite"],"picked":"Orrery"}],"items_purged_floors":[20],"is_endless":false,"potions_floor_spawned":[2,7,8,12,18,23,25,29,31,33,35,37,48],"killed_by":"Donu and Deca","ascension_level":13}