{"gold_per_floor":[115,16,35,35,35,66,81,113,136,35,35,52,52,70,70,148,148,166,181,199,199,210,210,235,235,235,235,264,264,292,312,312,389,389,404,153,199,199,210,210,242,242,320,320,352,352,385,399,399,399,399,399,30,64,64],"floor_reached":56,"playtime":6451,"items_purged":["Decay","Dark Embrace"],"score":1977,"play_id":"44278908-885d-4ecb-afc5-3ad94f29a27b","local_time":"20190414180907","is_ascension_mode":true,"campfire_choices":[{"data":"Shrug It Off","floor":11.0,"key":"SMITH"},{"data":"Shrug It Off","floor":13.0,"key":"SMITH"},{"floor":15.0,"key":"REST"},{"data":"Spot Weakness","floor":23.0,"key":"SMITH"},{"data":"Heavy Blade","floor":25.0,"key":"SMITH"},{"data":"Shrug It Off","floor":29.0,"key":"SMITH"},{"data":"Pommel Strike","floor":32,"key":"SMITH"},{"data":"Metallicize","floor":40,"key":"SMITH"},{"data":"Bash","floor":42,"key":"SMITH"},{"floor":46,"key":"REST"},{"floor":49,"key":"RECALL"},{"data":"Demon Form","floor":52,"key":"SMITH"}],"neow_cost":"NONE","seed_source_timestamp":0,"circlet_count":0,"master_deck":["AscendersBane","Bash+1","Second Wind","Disarm","Metallicize+1","Entrench","Spot Weakness+1","Reaper","Clash","Carnage","Sword Boomerang","Shrug It Off+1","Headbutt","Reaper","Shrug It Off+1","Pommel Strike+1","Carnage","Offering","Heavy Blade+1","Intimidate+1","Shrug It Off+1","Spot Weakness+1","Reaper","Shrug It Off+1","Feed","Secret Technique","Blind","Sadistic Nature","Demon Form+1","Battle Trance+1","Shockwave+1","Metallicize"],"special_seed":0,"relics":["Pandora\u0027s Box","Strawberry","Bag of Marbles","Orichalcum","Velvet Choker","Shuriken","Nloth\u0027s Gift","Blue Candle","Happy Flower","Lizard Tail","Oddly Smooth Stone","Thread and Needle","Mummified Hand","Dodecahedron","Gremlin Horn","Self Forming Clay","Pear"],"potions_floor_usage":[30,30,50,54,55],"damage_taken":[{"damage":6.0,"enemies":"Small Slimes","floor":1.0,"turns":3.0},{"damage":3.0,"enemies":"Cultist","floor":3.0,"turns":3.0},{"damage":14.0,"enemies":"Gremlin Nob","floor":6.0,"turns":4.0},{"damage":10.0,"enemies":"Jaw Worm","floor":7.0,"turns":3.0},{"damage":49.0,"enemies":"3 Sentries","floor":8.0,"turns":9.0},{"damage":0.0,"enemies":"Red Slaver","floor":12.0,"turns":6.0},{"damage":0.0,"enemies":"2 Fungi Beasts","floor":14.0,"turns":1.0},{"damage":8.0,"enemies":"The Guardian","floor":16.0,"turns":12.0},{"damage":7.0,"enemies":"3 Byrds","floor":18.0,"turns":4.0},{"damage":6.0,"enemies":"2 Thieves","floor":19.0,"turns":3.0},{"damage":6.0,"enemies":"Centurion and Healer","floor":20.0,"turns":4.0},{"damage":17.0,"enemies":"Snecko","floor":22.0,"turns":4.0},{"damage":20.0,"enemies":"Book of Stabbing","floor":24.0,"turns":5.0},{"damage":16.0,"enemies":"Gremlin Leader","floor":28.0,"turns":4.0},{"damage":38,"enemies":"Slavers","floor":30,"turns":6},{"damage":12,"enemies":"Chosen and Byrds","floor":31,"turns":2},{"damage":26,"enemies":"Automaton","floor":33,"turns":6},{"damage":36,"enemies":"3 Shapes","floor":35,"turns":5},{"damage":36,"enemies":"2 Orb Walkers","floor":37,"turns":4},{"damage":6,"enemies":"3 Darklings","floor":39,"turns":5},{"damage":35,"enemies":"Nemesis","floor":41,"turns":11},{"damage":22,"enemies":"Giant Head","floor":45,"turns":7},{"damage":41,"enemies":"Reptomancer","floor":47,"turns":7},{"damage":16,"enemies":"Sphere and 2 Shapes","floor":48,"turns":4},{"damage":44,"enemies":"Donu and Deca","floor":50,"turns":10},{"damage":49,"enemies":"Shield and Spear","floor":54,"turns":6},{"damage":164,"enemies":"The Heart","floor":55,"turns":10}],"seed_played":"8601660476868383831","potions_obtained":[{"floor":1.0,"key":"PowerPotion"},{"floor":8.0,"key":"Ancient Potion"},{"floor":12.0,"key":"PowerPotion"},{"floor":16.0,"key":"GamblersBrew"},{"floor":19.0,"key":"Energy Potion"},{"floor":21.0,"key":"PowerPotion"},{"floor":30,"key":"Dexterity Potion"},{"floor":33,"key":"EssenceOfSteel"}],"is_trial":false,"path_per_floor":["M","$","M","?","?","E","M","E","T","$","R","M","R","M","R","B",null,"M","M","M","?","M","R","E","R","T","?","E","R","E","M","R","B",null,"M","$","?","?","M","R","E","R","T","?","E","R","E","M","R","B",null,"R","$","E","B",null],"character_chosen":"IRONCLAD","items_purchased":["Shrug It Off","Pommel Strike","Pommel Strike","Oddly Smooth Stone","Self Forming Clay","Strength Potion","Metallicize"],"campfire_rested":2,"item_purchase_floors":[2,2,10,36,53,53,53],"current_hp_per_floor":[66,66,70,75,75,72,69,40,40,40,40,51,51,51,78,90,92,92,92,92,92,79,79,67,67,67,67,64,64,74,62,62,36,78,58,58,35,35,77,77,58,58,58,48,47,74,68,83,83,90,96,96,96,105,32],"gold":64,"neow_bonus":"BOSS_RELIC","is_prod":false,"is_daily":false,"chose_seed":false,"campfire_upgraded":9,"win_rate":0,"timestamp":1555283347,"path_taken":["M","$","M","?","?","E","M","E","T","$","R","M","R","?","R","BOSS","M","M","M","?","?","R","E","R","T","?","E","R","E","?","R","BOSS","M","?","?","?","M","R","E","R","T","?","E","R","E","M","R","BOSS","R","$","E","BOSS"],"build_version":"2019-01-23","purchased_purges":2,"victory":true,"max_hp_per_floor":[80,80,80,85,85,92,92,92,92,92,92,92,92,92,92,92,92,92,92,92,92,92,92,92,92,92,92,92,92,92,92,92,92,92,92,92,92,92,92,92,92,92,92,92,92,92,95,95,95,98,98,98,98,111,111],"card_choices":[{"not_picked":["Clash","Iron Wave"],"picked":"Sword Boomerang","floor":1.0},{"not_picked":["Perfected Strike","Iron Wave","Body Slam"],"picked":"SKIP","floor":3.0},{"not_picked":["Perfected Strike","Iron Wave","Body Slam"],"picked":"SKIP","floor":3.0},{"not_picked":["Twin Strike","Shockwave"],"picked":"Headbutt","floor":6.0},{"not_picked":["Armaments","Clash"],"picked":"Reaper","floor":7.0},{"not_picked":["Combust","Dual Wield"],"picked":"Shrug It Off","floor":8.0},{"not_picked":["Sentinel","Clash","Infernal Blade"],"picked":"SKIP","floor":12.0},{"not_picked":["Headbutt","Perfected Strike"],"picked":"Carnage","floor":14.0},{"not_picked":["Double Tap","Berserk"],"picked":"Offering","floor":16.0},{"not_picked":["Uppercut","Anger"],"picked":"Heavy Blade","floor":18.0},{"not_picked":["True Grit","Havoc"],"picked":"Intimidate+1","floor":19.0},{"not_picked":["Intimidate","Infernal Blade","Havoc"],"picked":"SKIP","floor":20.0},{"not_picked":["Second Wind","Bloodletting+1","Bludgeon"],"picked":"SKIP","floor":22.0},{"not_picked":["Clash","Anger+1","Combust"],"picked":"SKIP","floor":24.0},{"not_picked":["Blood for Blood","Clothesline"],"picked":"Shrug It Off","floor":28.0},{"not_picked":["Warcry","Dark Embrace"],"picked":"Spot Weakness+1","floor":30},{"not_picked":["Pommel Strike","Feel No Pain+1","Corruption"],"picked":"SKIP","floor":31},{"not_picked":["Immolate","Bludgeon"],"picked":"Reaper","floor":33},{"not_picked":["Hemokinesis","Anger","Dropkick"],"picked":"SKIP","floor":35},{"not_picked":["Infernal Blade+1","Clash+1"],"picked":"Shrug It Off+1","floor":37},{"not_picked":["Pommel Strike","Iron Wave+1","Shrug It Off"],"picked":"SKIP","floor":39},{"not_picked":["Second Wind+1","Body Slam"],"picked":"Feed","floor":41},{"not_picked":["Flash of Steel","Blind"],"picked":"Secret Technique","floor":44},{"not_picked":["Deep Breath","Metamorphosis"],"picked":"Blind","floor":44},{"not_picked":["Metamorphosis","HandOfGreed"],"picked":"Sadistic Nature","floor":44},{"not_picked":["Dark Embrace","Berserk"],"picked":"Demon Form","floor":45},{"not_picked":["Headbutt","Exhume"],"picked":"Battle Trance+1","floor":47},{"not_picked":["Wild Strike","Clothesline"],"picked":"Shockwave+1","floor":48},{"not_picked":["Berserk","Thunderclap","Havoc"],"picked":"SKIP","floor":54}],"player_experience":444153,"relics_obtained":[{"floor":6.0,"key":"Strawberry"},{"floor":8.0,"key":"Bag of Marbles"},{"floor":9.0,"key":"Orichalcum"},{"floor":24.0,"key":"Meat on the Bone"},{"floor":26.0,"key":"Shuriken"},{"floor":28.0,"key":"Blue Candle"},{"floor":30,"key":"Happy Flower"},{"floor":37,"key":"Thread and Needle"},{"floor":41,"key":"Mummified Hand"},{"floor":45,"key":"Dodecahedron"},{"floor":47,"key":"Gremlin Horn"},{"floor":54,"key":"Pear"}],"event_choices":[{"damage_healed":0.0,"max_hp_gain":5.0,"max_hp_loss":0.0,"gold_gain":0.0,"event_name":"Big Fish","player_choice":"Donut","floor":4.0,"gold_loss":0.0,"damage_taken":0.0},{"damage_healed":0.0,"max_hp_gain":0.0,"max_hp_loss":0.0,"gold_gain":0.0,"event_name":"Wheel of Change","player_choice":"Cursed","floor":5.0,"gold_loss":0.0,"damage_taken":0.0,"cards_obtained":["Decay"]},{"damage_healed":0.0,"max_hp_gain":0.0,"max_hp_loss":0.0,"gold_gain":0.0,"event_name":"Lab","player_choice":"Got Potions","floor":21.0,"gold_loss":0.0,"damage_taken":0.0},{"damage_healed":0.0,"max_hp_gain":0.0,"max_hp_loss":0.0,"gold_gain":0.0,"event_name":"N\u0027loth","player_choice":"Traded Relic","floor":27.0,"relics_lost":["Meat on the Bone"],"gold_loss":0.0,"damage_taken":0.0,"relics_obtained":["Nloth\u0027s Gift"]},{"damage_healed":0,"gold_gain":0,"player_choice":"Fight","damage_taken":0,"max_hp_gain":0,"max_hp_loss":0,"event_name":"Mysterious Sphere","floor":37,"gold_loss":0},{"cards_removed":["Pommel Strike"],"damage_healed":0,"gold_gain":0,"player_choice":"Removed Attack","damage_taken":0,"max_hp_gain":0,"max_hp_loss":0,"event_name":"Falling","floor":38,"gold_loss":0},{"damage_healed":0,"gold_gain":0,"player_choice":"Memory 3","damage_taken":10,"max_hp_gain":0,"max_hp_loss":0,"event_name":"SensoryStone","floor":44,"gold_loss":0}],"is_beta":false,"boss_relics":[{"not_picked":["Snecko Eye","Empty Cage"],"picked":"Velvet Choker"},{"not_picked":["Busted Crown","Fusion Hammer"],"picked":"Lizard Tail"}],"items_purged_floors":[10,36],"is_endless":false,"potions_floor_spawned":[1,8,12,16,18,19,30,33,35,45,47],"ascension_level":13}