{"gold_per_floor":[211,225,69,69,80,80,100,118,195,206,70,70,89,89,89,191,191,201,127,147,72,171,171,171,171,223,233,233],"floor_reached":28,"playtime":1373,"items_purged":["Strike_R","Defend_R"],"score":210,"play_id":"2c98f88e-0a7a-4721-b805-4503eb7c7fae","local_time":"20190417172019","is_ascension_mode":false,"campfire_choices":[{"data":"Uppercut","floor":6.0,"key":"SMITH"},{"data":"Trip","floor":12,"key":"SMITH"},{"data":"Pommel Strike","floor":15,"key":"SMITH"},{"data":"Rampage","floor":23,"key":"SMITH"},{"data":"Metallicize","floor":25,"key":"SMITH"}],"neow_cost":"NONE","seed_source_timestamp":0,"circlet_count":0,"master_deck":["Strike_R","Defend_R","Defend_R","Defend_R","Bash","Uppercut+1","Trip+1","Inflame","Pommel Strike+1","Headbutt","Metallicize+1","Rampage+1"],"special_seed":0,"relics":["Burning Blood"],"potions_floor_usage":[13,16,28,28],"damage_taken":[{"damage":1.0,"enemies":"Jaw Worm","floor":1.0,"turns":3.0},{"damage":5.0,"enemies":"Small Slimes","floor":2.0,"turns":4.0},{"damage":0.0,"enemies":"2 Louse","floor":5.0,"turns":2.0},{"damage":19.0,"enemies":"Gremlin Gang","floor":7.0,"turns":5.0},{"damage":5,"enemies":"Looter","floor":8,"turns":3},{"damage":12,"enemies":"Large Slime","floor":10,"turns":5},{"damage":0,"enemies":"Lots of Slimes","floor":13,"turns":2},{"damage":21,"enemies":"Hexaghost","floor":16,"turns":8},{"damage":12,"enemies":"Shell Parasite","floor":18,"turns":8},{"damage":29,"enemies":"2 Thieves","floor":20,"turns":5},{"damage":22,"enemies":"Snake Plant","floor":27,"turns":4},{"damage":35,"enemies":"Shelled Parasite and Fungi","floor":28,"turns":5}],"seed_played":"-1425849217570876519","potions_obtained":[{"floor":1.0,"key":"Dexterity Potion"},{"floor":5.0,"key":"Poison Potion"},{"floor":7.0,"key":"Explosive Potion"},{"floor":10,"key":"PowerPotion"},{"floor":27,"key":"Ancient Potion"}],"is_trial":false,"path_per_floor":["M","M","$","?","M","R","M","M","T","M","$","R","M","?","R","B",null,"M","$","M","?","?","R","?","R","T","M","M"],"character_chosen":"IRONCLAD","items_purchased":["Trip","Metallicize","Rampage"],"campfire_rested":0,"item_purchase_floors":[3,11,19],"current_hp_per_floor":[80,80,80,80,80,80,67,68,68,62,62,62,68,61,61,46,80,74,74,51,51,51,51,51,51,51,35,0],"gold":233,"neow_bonus":"HUNDRED_GOLD","is_prod":false,"is_daily":false,"chose_seed":false,"campfire_upgraded":5,"win_rate":0,"timestamp":1555539619,"path_taken":["M","M","$","?","M","R","M","M","T","M","$","R","M","?","R","BOSS","M","$","M","?","?","R","?","R","T","?","M"],"build_version":"2019-01-23","purchased_purges":2,"victory":false,"max_hp_per_floor":[80,80,80,80,80,80,80,80,80,80,80,80,80,80,80,80,80,80,80,80,80,80,80,80,80,80,80,80],"card_choices":[{"not_picked":["Reckless Charge","Rage","Iron Wave"],"picked":"SKIP","floor":1.0},{"not_picked":["Burning Pact","Havoc"],"picked":"Uppercut","floor":2.0},{"not_picked":["Power Through","Twin Strike","Anger"],"picked":"SKIP","floor":5.0},{"not_picked":["Sword Boomerang","Cleave"],"picked":"Inflame","floor":7.0},{"not_picked":["True Grit","Whirlwind"],"picked":"Pommel Strike","floor":8},{"not_picked":["Corruption","Power Through"],"picked":"Headbutt","floor":10},{"not_picked":["Twin Strike","Corruption","Sentinel"],"picked":"SKIP","floor":13},{"not_picked":["Second Wind","Iron Wave","Warcry"],"picked":"SKIP","floor":18},{"not_picked":["Iron Wave","Flex","Dual Wield"],"picked":"SKIP","floor":20},{"not_picked":["Iron Wave","Flex","Dual Wield"],"picked":"SKIP","floor":20},{"not_picked":["Anger","Thunderclap","Headbutt"],"picked":"SKIP","floor":27}],"player_experience":469603,"relics_obtained":[],"event_choices":[{"cards_removed":["Strike_R"],"damage_healed":0.0,"max_hp_gain":0.0,"max_hp_loss":0.0,"gold_gain":0.0,"event_name":"Living Wall","player_choice":"Forget","floor":4.0,"gold_loss":0.0,"damage_taken":0.0},{"cards_removed":["Strike_R"],"damage_healed":0,"gold_gain":0,"player_choice":"Card Removal","damage_taken":7,"max_hp_gain":0,"max_hp_loss":0,"event_name":"Golden Wing","floor":14,"gold_loss":0},{"cards_removed":["Strike_R"],"damage_healed":0,"gold_gain":0,"player_choice":"Gave Gold","damage_taken":0,"max_hp_gain":0,"max_hp_loss":0,"event_name":"Beggar","floor":21,"gold_loss":75},{"damage_healed":0,"gold_gain":99,"player_choice":"Stole From Cult","damage_taken":0,"max_hp_gain":0,"max_hp_loss":0,"event_name":"Nest","floor":22,"gold_loss":0},{"damage_healed":0,"gold_gain":0,"player_choice":"Ignored","damage_taken":0,"max_hp_gain":0,"max_hp_loss":0,"event_name":"WeMeetAgain","floor":24,"gold_loss":0}],"is_beta":false,"boss_relics":[{"not_picked":["Philosopher\u0027s Stone","Orrery","Snecko Eye"]}],"items_purged_floors":[3,11],"is_endless":false,"potions_floor_spawned":[1,5,7,10,27],"killed_by":"Shelled Parasite and Fungi","ascension_level":0}