{"path_per_floor":["M","M","M","$","M","M","M","R","T","?","?","$","R","M","R","B",null,"M","$","M","?","?","M","?","R","T","M","R","$","M","M","R","B",null,"M","M","$","?","M","R","?","R","T","?","$","R","M","T","R"],"character_chosen":"IRONCLAD","items_purchased":["Headbutt","Spot Weakness","Sword Boomerang","Shrug It Off","Twin Strike","Thinking Ahead","Armaments"],"gold_per_floor":[112,129,139,40,59,74,89,89,115,115,136,17,17,28,28,128,128,141,114,132,132,132,152,152,152,152,168,168,42,61,73,73,171,171,181,201,21,21,31,31,31,31,58,58,8,8,27,27,27,27],"floor_reached":50,"campfire_rested":3,"playtime":2071,"current_hp_per_floor":[80,80,80,80,80,80,80,80,80,85,81,81,81,82,82,52,85,85,85,71,71,71,49,49,49,49,43,68,68,44,29,54,40,85,84,48,48,48,46,46,46,71,71,71,71,71,73,73,73,0],"items_purged":["Strike_R","Strike_R"],"gold":27,"score":434,"play_id":"49569653-ef0e-46e6-a5b0-2a27a48e7f9f","local_time":"20180513233608","is_prod":false,"is_daily":false,"chose_seed":false,"is_ascension_mode":false,"campfire_upgraded":7,"timestamp":1526225768,"path_taken":["M","M","M","$","M","M","M","R","T","?","?","$","R","M","R","BOSS","M","$","M","?","?","M","?","R","T","M","R","$","M","M","R","BOSS","M","M","$","?","M","R","?","R","T","?","$","R","?","?","R","BOSS"],"build_version":"2018-05-10","seed_source_timestamp":57143692356105,"purchased_purges":2,"victory":false,"master_deck":["Strike_R+1","Strike_R+1","Defend_R+1","Defend_R+1","Defend_R+1","Defend_R+1","Bash+1","Cleave","Pummel","Headbutt","Intimidate+1","Body Slam+1","Spot Weakness","Sword Boomerang","Offering","Offering+1","Disarm+1","Shrug It Off+1","True Grit+1","Spot Weakness","Warcry+1","Twin Strike","Twin Strike","Rage+1","Immolate","Flex+1","Thinking Ahead+1","Offering","Thinking Ahead+1","Armaments+1","Twin Strike+1"],"max_hp_per_floor":[80,80,80,80,80,80,80,80,80,85,85,85,85,85,85,85,85,85,85,85,85,85,85,85,85,85,85,85,85,85,85,85,85,85,85,85,85,85,85,85,85,85,85,85,85,85,85,85,85,85],"relics":["Burning Blood"],"card_choices":[{"not_picked":["Perfected Strike","Heavy Blade"],"picked":"Cleave","floor":1},{"not_picked":["Intimidate","Perfected Strike"],"picked":"Cleave","floor":2},{"not_picked":["Combust","Juggernaut"],"picked":"Pummel","floor":3},{"not_picked":["Wild Strike","Corruption"],"picked":"Intimidate","floor":7},{"not_picked":["Second Wind","Carnage"],"picked":"Body Slam","floor":11},{"not_picked":["Heavy Blade","Perfected Strike"],"picked":"Offering","floor":14},{"not_picked":["Fiend Fire","Juggernaut"],"picked":"Offering","floor":16},{"not_picked":["Clash","Clothesline"],"picked":"Disarm","floor":18},{"not_picked":["Headbutt","Perfected Strike"],"picked":"True Grit","floor":20},{"not_picked":["True Grit","Heavy Blade"],"picked":"Warcry","floor":27},{"not_picked":["Fire Breathing","Spot Weakness"],"picked":"Twin Strike","floor":30},{"not_picked":["Intimidate","Headbutt"],"picked":"Rage","floor":31},{"not_picked":["Dark Embrace","Demon Form"],"picked":"Immolate","floor":33},{"not_picked":["Heavy Blade","True Grit"],"picked":"Flex","floor":36},{"not_picked":["Twin Strike","Flame Barrier"],"picked":"Offering","floor":39},{"not_picked":["Blood for Blood","Rage"],"picked":"Twin Strike","floor":47}],"player_experience":600069,"potions_floor_usage":[11,27,33,33,47,50,50,50],"damage_taken":[{"damage":1,"enemies":"Jaw Worm","floor":1,"turns":3},{"damage":2,"enemies":"2 Louse","floor":2,"turns":2},{"damage":5,"enemies":"Small Slimes","floor":3,"turns":3},{"damage":5,"enemies":"Exordium Wildlife","floor":5,"turns":4},{"damage":5,"enemies":"Looter","floor":6,"turns":4},{"damage":2,"enemies":"Large Slime","floor":7,"turns":5},{"damage":10,"enemies":"The Mushroom Lair","floor":11,"turns":3},{"damage":5,"enemies":"2 Fungi Beasts","floor":14,"turns":3},{"damage":36,"enemies":"Slime Boss","floor":16,"turns":9},{"damage":1,"enemies":"3 Byrds","floor":18,"turns":5},{"damage":20,"enemies":"2 Thieves","floor":20,"turns":3},{"damage":28,"enemies":"Snake Plant","floor":23,"turns":3},{"damage":12,"enemies":"Centurion and Healer","floor":27,"turns":4},{"damage":30,"enemies":"Sentry and Sphere","floor":30,"turns":7},{"damage":21,"enemies":"3 Cultists","floor":31,"turns":4},{"damage":20,"enemies":"Collector","floor":33,"turns":7},{"damage":7,"enemies":"3 Shapes","floor":35,"turns":3},{"damage":42,"enemies":"3 Darklings","floor":36,"turns":10},{"damage":8,"enemies":"Sphere and 2 Shapes","floor":39,"turns":1},{"damage":19,"enemies":"4 Shapes","floor":47,"turns":6},{"damage":82,"enemies":"Donu and Deca","floor":50,"turns":6}],"event_choices":[{"event_name":"Big Fish","player_choice":"Donut","floor":10,"damage_taken":0},{"event_name":"Mushrooms","player_choice":"Fought Mushrooms","floor":11,"damage_taken":0},{"event_name":"Back to Basics","player_choice":"Simplicity","floor":21,"damage_taken":0},{"event_name":"The Library","player_choice":"Read","floor":22,"damage_taken":0},{"event_name":"Addict","player_choice":"Ignored","floor":24,"damage_taken":0},{"event_name":"Mysterious Sphere","player_choice":"Ignore","floor":38,"damage_taken":0},{"event_name":"Duplicator","player_choice":"One dupe","floor":41,"damage_taken":0}],"boss_relics":[{"not_picked":["Calling Bell","Black Star","Philosopher\u0027s Stone"]},{"not_picked":["Sozu","White Beast Statue","Mark of Pain"]}],"potions_floor_spawned":[2,6,7,11,20,27,36,39,47],"seed_played":"-3725267842884667107","killed_by":"Donu and Deca","ascension_level":0,"is_trial":false}