{"gold_per_floor":[115,125,125,21,41,371,383,413,413,423,30,30,47,78,78,182,182,167,180,197,18,33,33,62,62,132,143,155,167,199,210,210,315,315,334,334,334,346,391,391,192,219,243,58,58,68,68],"floor_reached":47,"playtime":3598,"items_purged":["Strike_G","Strike_G","Strike_G"],"score":688,"play_id":"2b72af77-9d79-4bb6-b2b7-ab8df355974c","local_time":"20190228221904","is_ascension_mode":true,"campfire_choices":[{"data":"Apotheosis","floor":12,"key":"SMITH"},{"data":"Footwork","floor":15,"key":"SMITH"},{"floor":23,"key":"REST"},{"data":"Blur","floor":25,"key":"SMITH"},{"floor":32,"key":"REST"},{"floor":40,"key":"DIG"}],"neow_cost":"NONE","seed_source_timestamp":11917698669100,"circlet_count":0,"master_deck":["Defend_G","Defend_G","Defend_G","Defend_G","Defend_G","Strike_G","Strike_G","Survivor","Neutralize+1","Blur+1","Footwork+1","Deadly Poison","Flying Knee","Predator","Caltrops","Bouncing Flask","Apotheosis+1","Noxious Fumes","Bouncing Flask","Backflip","Setup","Envenom","Crippling Poison+1","Dagger Spray","Caltrops","Well Laid Plans","Crippling Poison+1","Prepared+1","Skewer+1","Dagger Throw+1","A Thousand Cuts","Dramatic Entrance","Catalyst","Caltrops","Noxious Fumes"],"relics":["Ring of the Serpent","Old Coin","Thread and Needle","Incense Burner","Orichalcum","Sozu","Singing Bowl","Matryoshka","Pocketwatch","Shovel","Strawberry","Regal Pillow","Pantograph","Centennial Puzzle","Snake Skull"],"potions_floor_usage":[6,7],"damage_taken":[{"damage":2,"enemies":"Jaw Worm","floor":1,"turns":5},{"damage":0,"enemies":"Cultist","floor":2,"turns":4},{"damage":0,"enemies":"Small Slimes","floor":5,"turns":4},{"damage":23,"enemies":"3 Sentries","floor":6,"turns":14},{"damage":2,"enemies":"3 Louse","floor":7,"turns":4},{"damage":0,"enemies":"Blue Slaver","floor":10,"turns":5},{"damage":0,"enemies":"2 Fungi Beasts","floor":13,"turns":3},{"damage":5,"enemies":"Gremlin Nob","floor":14,"turns":4},{"damage":0,"enemies":"Slime Boss","floor":16,"turns":8},{"damage":10,"enemies":"2 Thieves","floor":18,"turns":4},{"damage":0,"enemies":"Chosen","floor":19,"turns":5},{"damage":0,"enemies":"Centurion and Healer","floor":20,"turns":5},{"damage":12,"enemies":"Snake Plant","floor":22,"turns":4},{"damage":3,"enemies":"Gremlin Leader","floor":24,"turns":6},{"damage":2,"enemies":"Shelled Parasite and Fungi","floor":27,"turns":4},{"damage":0,"enemies":"Cultist and Chosen","floor":28,"turns":4},{"damage":0,"enemies":"Snecko","floor":29,"turns":4},{"damage":47,"enemies":"Slavers","floor":30,"turns":5},{"damage":3,"enemies":"Centurion and Healer","floor":31,"turns":5},{"damage":27,"enemies":"Collector","floor":33,"turns":8},{"damage":0,"enemies":"3 Shapes","floor":35,"turns":4},{"damage":5,"enemies":"Orb Walker","floor":38,"turns":4},{"damage":30,"enemies":"2 Orb Walkers","floor":39,"turns":6},{"damage":25,"enemies":"Giant Head","floor":42,"turns":8},{"damage":10,"enemies":"3 Darklings","floor":46,"turns":4},{"damage":22,"enemies":"Spire Growth","floor":47,"turns":4}],"seed_played":"-6874395390046687427","potions_obtained":[{"floor":2,"key":"Weak Potion"},{"floor":3,"key":"Regen Potion"},{"floor":3,"key":"EssenceOfSteel"},{"floor":3,"key":"EntropicBrew"},{"floor":6,"key":"LiquidBronze"},{"floor":7,"key":"Dexterity Potion"}],"is_trial":false,"path_per_floor":["M","M","?","$","M","E","M","?","T","M","$","R","M","E","R","B",null,"M","M","M","$","M","R","E","R","T","M","M","M","E","M","R","B",null,"M","?","?","M","?","R","$","E","T","$","?","M","M"],"character_chosen":"THE_SILENT","items_purchased":["Footwork","Deadly Poison","Apotheosis","Noxious Fumes","Bouncing Flask","Well Laid Plans","Caltrops","Noxious Fumes","Snake Skull"],"campfire_rested":2,"item_purchase_floors":[4,4,11,11,11,21,41,44,44],"current_hp_per_floor":[68,68,68,68,68,60,58,58,58,58,58,58,58,53,53,53,70,60,60,60,60,48,69,68,68,68,68,70,70,23,20,42,15,76,78,78,78,73,45,52,52,29,29,29,29,21,0],"gold":68,"neow_bonus":"UPGRADE_CARD","is_prod":false,"is_daily":false,"chose_seed":false,"campfire_upgraded":3,"win_rate":0,"timestamp":1551388744,"path_taken":["M","M","?","$","?","E","M","?","T","M","$","R","M","E","R","BOSS","M","M","M","$","M","R","E","R","T","M","M","M","E","M","R","BOSS","M","?","?","M","?","R","$","E","T","?","?","M","M"],"build_version":"2019-01-23","purchased_purges":3,"victory":false,"max_hp_per_floor":[70,70,70,70,70,70,70,70,70,70,70,70,70,70,70,70,70,70,70,70,70,70,70,72,72,72,74,76,76,76,76,76,76,76,78,78,78,78,80,87,87,89,89,89,85,87,87],"card_choices":[{"not_picked":["Underhanded Strike","Masterful Stab"],"picked":"Slice","floor":1},{"not_picked":["Dagger Spray","Acrobatics"],"picked":"Blur","floor":2},{"not_picked":["Acrobatics","PiercingWail"],"picked":"Flying Knee","floor":5},{"not_picked":["Riddle With Holes","Outmaneuver"],"picked":"Predator","floor":6},{"not_picked":["Blur","PiercingWail"],"picked":"Caltrops","floor":7},{"not_picked":["Expertise","Dodge and Roll"],"picked":"Bouncing Flask","floor":10},{"not_picked":["Blade Dance","Escape Plan"],"picked":"Backflip","floor":13},{"not_picked":["Underhanded Strike","Heel Hook"],"picked":"Setup","floor":14},{"not_picked":["Adrenaline","Unload"],"picked":"Envenom","floor":16},{"not_picked":["Underhanded Strike+1","Deadly Poison+1"],"picked":"Crippling Poison+1","floor":18},{"not_picked":["Outmaneuver","Bane+1"],"picked":"Dagger Spray","floor":19},{"not_picked":["All Out Attack","Crippling Poison"],"picked":"Caltrops","floor":20},{"not_picked":["Dash","Caltrops"],"picked":"Crippling Poison+1","floor":22},{"not_picked":["Blade Dance","Predator","Bouncing Flask"],"picked":"Singing Bowl","floor":24},{"not_picked":["Dagger Throw","Finisher","Underhanded Strike"],"picked":"Singing Bowl","floor":27},{"not_picked":["Crippling Poison","Setup","Dodge and Roll"],"picked":"Singing Bowl","floor":28},{"not_picked":["Outmaneuver","Dodge and Roll"],"picked":"Prepared+1","floor":29},{"not_picked":["All Out Attack","Outmaneuver+1"],"picked":"Skewer+1","floor":30},{"not_picked":["Poisoned Stab","Blade Dance"],"picked":"Dagger Throw+1","floor":31},{"not_picked":["Burst","Malaise"],"picked":"A Thousand Cuts","floor":33},{"not_picked":["Sucker Punch+1","Cloak And Dagger","Well Laid Plans+1"],"picked":"Singing Bowl","floor":35},{"not_picked":["Secret Technique","Mind Blast"],"picked":"Dramatic Entrance","floor":37},{"not_picked":["Escape Plan","Blade Dance"],"picked":"Catalyst","floor":38},{"not_picked":["Outmaneuver+1","Dash","Deadly Poison+1"],"picked":"Singing Bowl","floor":39},{"not_picked":["PiercingWail","Dagger Spray","Reflex"],"picked":"Singing Bowl","floor":42},{"not_picked":["Bane+1","Cloak And Dagger+1","Flechettes+1"],"picked":"Singing Bowl","floor":46}],"player_experience":292735,"relics_obtained":[{"floor":6,"key":"Old Coin"},{"floor":9,"key":"Incense Burner"},{"floor":14,"key":"Orichalcum"},{"floor":24,"key":"Singing Bowl"},{"floor":26,"key":"Matryoshka"},{"floor":30,"key":"Pocketwatch"},{"floor":39,"key":"Shovel"},{"floor":40,"key":"Strawberry"},{"floor":42,"key":"Regal Pillow"},{"floor":43,"key":"Pantograph"},{"floor":43,"key":"Centennial Puzzle"}],"event_choices":[{"damage_healed":0,"gold_gain":0,"player_choice":"Got Potions","damage_taken":0,"max_hp_gain":0,"max_hp_loss":0,"event_name":"Lab","floor":3,"gold_loss":0},{"damage_healed":0,"gold_gain":30,"player_choice":"Searched \u00272\u0027 times","damage_taken":0,"relics_obtained":["Thread and Needle"],"max_hp_gain":0,"max_hp_loss":0,"event_name":"Dead Adventurer","floor":8,"gold_loss":0},{"cards_removed":["Slice"],"damage_healed":0,"gold_gain":0,"player_choice":"Removed Attack","damage_taken":0,"max_hp_gain":0,"max_hp_loss":0,"event_name":"Falling","floor":36,"gold_loss":0},{"damage_healed":0,"gold_gain":0,"player_choice":"Memory 1","damage_taken":0,"max_hp_gain":0,"max_hp_loss":0,"event_name":"SensoryStone","floor":37,"gold_loss":0},{"damage_healed":0,"gold_gain":0,"player_choice":"Fight","damage_taken":0,"max_hp_gain":0,"max_hp_loss":0,"event_name":"Mysterious Sphere","floor":39,"gold_loss":0},{"damage_healed":0,"gold_gain":0,"player_choice":"Max HP","damage_taken":0,"max_hp_gain":0,"max_hp_loss":4,"event_name":"Winding Halls","floor":45,"gold_loss":0}],"is_beta":false,"boss_relics":[{"not_picked":["Snecko Eye","Velvet Choker"],"picked":"Sozu"},{"not_picked":["Tiny House","Runic Dome"],"picked":"Ring of the Serpent"}],"items_purged_floors":[11,21,41],"is_endless":false,"potions_floor_spawned":[2,6,7,10,16,19,22,27,29,30,35,46],"killed_by":"Spire Growth","ascension_level":1}