{"gold_per_floor":[109,109,176,226,226,226,261,261,284,299,449,218,228,238,238,341,341,329,379,17,67,81,81,59,59,113,113,78,97,97,131,131,226,226,242,292,92,110,123,123,143,158,185,216,51,77,88,122,122,122],"floor_reached":51,"playtime":3111,"items_purged":["Strike_G","Normality","Decay"],"score":933,"play_id":"ad710148-b49e-4c63-a738-72b7150a9471","local_time":"20181215173808","is_ascension_mode":true,"campfire_choices":[{"data":"Neutralize","floor":6,"key":"SMITH"},{"data":"Cloak And Dagger","floor":8,"key":"SMITH"},{"floor":15,"key":"REST"},{"data":"Cloak And Dagger","floor":23,"key":"SMITH"},{"data":"Noxious Fumes","floor":25,"key":"SMITH"},{"data":"After Image","floor":27,"key":"SMITH"},{"data":"Dodge and Roll","floor":30,"key":"SMITH"},{"floor":32,"key":"REST"},{"floor":40,"key":"REST"},{"floor":49,"key":"REST"}],"neow_cost":"NONE","seed_source_timestamp":202971941857100,"circlet_count":0,"master_deck":["Defend_G+1","Defend_G","Strike_G+1","Strike_G+1","Strike_G","Strike_G","Survivor","Neutralize+1","Cloak And Dagger+1","Blur+1","Well Laid Plans","Flying Knee","Backflip","Cloak And Dagger+1","After Image+1","Injury","RitualDagger+1","Escape Plan","Infinite Blades","Noxious Fumes+1","Dodge and Roll+1","A Thousand Cuts","Backstab+1","Footwork","Envenom","Leg Sweep+1","Cloak And Dagger+1","Sadistic Nature","Accuracy"],"relics":["Ring of the Snake","SsserpentHead","Juzu Bracelet","Whetstone","Vajra","Calling Bell","Regal Pillow","Molten Egg 2","Mango","Snake Skull","Happy Flower","Ornamental Fan","Incense Burner","Fusion Hammer","PreservedInsect","Ginger","Omamori","Gremlin Horn"],"potions_floor_usage":[16,31,33,42,46,48,50,50],"damage_taken":[{"damage":1,"enemies":"Small Slimes","floor":1,"turns":3},{"damage":1,"enemies":"Cultist","floor":3,"turns":5},{"damage":36,"enemies":"Gremlin Nob","floor":7,"turns":6},{"damage":0,"enemies":"2 Louse","floor":10,"turns":3},{"damage":0,"enemies":"2 Fungi Beasts","floor":13,"turns":3},{"damage":0,"enemies":"Looter","floor":14,"turns":3},{"damage":4,"enemies":"Slime Boss","floor":16,"turns":10},{"damage":27,"enemies":"2 Thieves","floor":18,"turns":4},{"damage":7,"enemies":"Spheric Guardian","floor":22,"turns":6},{"damage":0,"enemies":"Chosen and Byrds","floor":29,"turns":7},{"damage":0,"enemies":"Gremlin Leader","floor":31,"turns":7},{"damage":0,"enemies":"Champ","floor":33,"turns":14},{"damage":0,"enemies":"3 Shapes","floor":35,"turns":5},{"damage":0,"enemies":"Orb Walker","floor":38,"turns":4},{"damage":0,"enemies":"Transient","floor":39,"turns":5},{"damage":0,"enemies":"3 Darklings","floor":41,"turns":7},{"damage":12,"enemies":"Maw","floor":42,"turns":7},{"damage":1,"enemies":"Reptomancer","floor":44,"turns":7},{"damage":0,"enemies":"Nemesis","floor":46,"turns":5},{"damage":1,"enemies":"Transient","floor":47,"turns":5},{"damage":15,"enemies":"Reptomancer","floor":48,"turns":6},{"damage":15,"enemies":"Time Eater","floor":50,"turns":11}],"seed_played":"-4717660907232214484","potions_obtained":[{"floor":1,"key":"Explosive Potion"},{"floor":3,"key":"Energy Potion"},{"floor":16,"key":"Energy Potion"},{"floor":29,"key":"Energy Potion"},{"floor":31,"key":"Dexterity Potion"},{"floor":41,"key":"EssenceOfSteel"},{"floor":46,"key":"SteroidPotion"},{"floor":47,"key":"SkillPotion"},{"floor":48,"key":"Strength Potion"}],"is_trial":false,"path_per_floor":["M","?","M","?","?","R","E","R","T","M","?","$","M","M","R","B",null,"M","?","$","?","M","R","$","R","T","R","?","M","R","E","R","B",null,"M","?","$","M","M","R","M","M","T","E","$","E","M","E","R","B",null],"character_chosen":"THE_SILENT","items_purchased":["Vajra","Escape Plan","Infinite Blades","Snake Skull","Noxious Fumes","Backstab+1","Sadistic Nature"],"campfire_rested":4,"item_purchase_floors":[12,20,20,20,24,37,45],"current_hp_per_floor":[69,69,68,54,54,54,18,18,18,18,18,18,18,18,39,35,84,57,51,51,51,44,44,44,44,44,44,44,44,44,44,84,84,84,84,84,84,84,84,84,84,72,72,71,71,71,70,55,84,69],"gold":122,"neow_bonus":"THREE_CARDS","is_prod":false,"is_daily":false,"chose_seed":false,"campfire_upgraded":6,"win_rate":0,"timestamp":1544891888,"path_taken":["M","?","?","?","?","R","E","R","T","M","?","$","M","M","R","BOSS","M","?","$","?","M","R","?","R","T","R","?","M","R","E","R","BOSS","M","?","$","M","M","R","M","M","T","E","$","E","M","E","R","BOSS"],"build_version":"2018-12-13","purchased_purges":3,"victory":true,"max_hp_per_floor":[70,70,70,70,70,70,70,70,70,70,70,70,70,70,70,70,84,84,84,84,84,84,84,84,84,84,84,84,84,84,84,84,84,84,84,84,84,84,84,84,84,84,84,84,84,84,84,84,84,84],"card_choices":[{"not_picked":["Masterful Stab","Skewer"],"picked":"Cloak And Dagger","floor":0},{"not_picked":["Poisoned Stab","Noxious Fumes"],"picked":"Blur","floor":1},{"not_picked":["Prepared","Slice"],"picked":"Well Laid Plans","floor":3},{"not_picked":["Slice","Tools of the Trade","Calculated Gamble"],"picked":"SKIP","floor":7},{"not_picked":["Acrobatics","Underhanded Strike"],"picked":"Flying Knee","floor":10},{"not_picked":["Dagger Throw","Deflect"],"picked":"Backflip","floor":13},{"not_picked":["PiercingWail","Prepared"],"picked":"Cloak And Dagger","floor":14},{"not_picked":["Unload","Glass Knife"],"picked":"After Image","floor":16},{"not_picked":["Sucker Punch+1","Well Laid Plans","Acrobatics"],"picked":"SKIP","floor":18},{"not_picked":["Slice+1","Acrobatics+1","Blade Dance"],"picked":"SKIP","floor":22},{"not_picked":["Slice+1","Deflect+1"],"picked":"Dodge and Roll","floor":29},{"not_picked":["Dodge and Roll","Distraction+1","Night Terror"],"picked":"SKIP","floor":31},{"not_picked":["Corpse Explosion","Burst"],"picked":"A Thousand Cuts","floor":33},{"not_picked":["Acrobatics+1","Prepared","Deflect+1"],"picked":"SKIP","floor":35},{"not_picked":["PiercingWail","Blade Dance+1","Reflex"],"picked":"SKIP","floor":38},{"not_picked":["Outmaneuver","Dodge and Roll"],"picked":"Footwork","floor":39},{"not_picked":["Dagger Spray+1","Slice+1"],"picked":"Envenom","floor":41},{"not_picked":["All Out Attack+1","Sucker Punch+1"],"picked":"Leg Sweep+1","floor":42},{"not_picked":["Sucker Punch+1","Finisher+1"],"picked":"Cloak And Dagger+1","floor":44},{"not_picked":["Flying Knee+1","Sucker Punch+1","Malaise"],"picked":"SKIP","floor":46},{"not_picked":["Well Laid Plans","Blade Dance","Bane+1"],"picked":"SKIP","floor":47},{"not_picked":["Calculated Gamble+1","Deadly Poison+1"],"picked":"Accuracy","floor":48}],"player_experience":266134,"relics_obtained":[{"floor":7,"key":"Juzu Bracelet"},{"floor":9,"key":"Whetstone"},{"floor":17,"key":"Regal Pillow"},{"floor":17,"key":"Molten Egg 2"},{"floor":17,"key":"Mango"},{"floor":26,"key":"Happy Flower"},{"floor":31,"key":"Incense Burner"},{"floor":43,"key":"PreservedInsect"},{"floor":44,"key":"Ginger"},{"floor":46,"key":"Omamori"},{"floor":48,"key":"Gremlin Horn"}],"event_choices":[{"damage_healed":0,"gold_gain":0,"player_choice":"Trade","damage_taken":0,"relics_obtained":["SsserpentHead"],"max_hp_gain":0,"max_hp_loss":0,"event_name":"FaceTrader","floor":2,"gold_loss":0},{"damage_healed":0,"gold_gain":0,"player_choice":"Entered Light","damage_taken":14,"max_hp_gain":0,"max_hp_loss":0,"event_name":"Shining Light","floor":4,"gold_loss":0,"cards_upgraded":["Defend_G","Blur"]},{"cards_removed":["Defend_G"],"damage_healed":0,"gold_gain":0,"player_choice":"Card Removal","damage_taken":0,"max_hp_gain":0,"max_hp_loss":0,"event_name":"The Cleric","floor":5,"gold_loss":50},{"damage_healed":0,"gold_gain":100,"player_choice":"Gold","damage_taken":0,"max_hp_gain":0,"max_hp_loss":0,"event_name":"Wheel of Change","floor":11,"gold_loss":0},{"damage_healed":0,"gold_gain":0,"player_choice":"Joined the Cult","damage_taken":6,"max_hp_gain":0,"max_hp_loss":0,"event_name":"Nest","floor":19,"gold_loss":0,"cards_obtained":["RitualDagger"]},{"cards_removed":["Defend_G"],"damage_healed":0,"gold_gain":0,"player_choice":"Offered Basic","damage_taken":0,"max_hp_gain":0,"max_hp_loss":0,"event_name":"Bonfire Elementals","floor":21,"gold_loss":0},{"damage_healed":0,"gold_gain":0,"player_choice":"Obtained Relic","damage_taken":0,"relics_obtained":["Ornamental Fan"],"max_hp_gain":0,"max_hp_loss":0,"event_name":"Addict","floor":28,"gold_loss":85},{"cards_removed":["Defend_G"],"damage_healed":0,"gold_gain":0,"player_choice":"Removed Skill","damage_taken":0,"max_hp_gain":0,"max_hp_loss":0,"event_name":"Falling","floor":36,"gold_loss":0}],"is_beta":false,"boss_relics":[{"not_picked":["Empty Cage","Runic Pyramid"],"picked":"Calling Bell"},{"not_picked":["Lizard Tail","White Beast Statue"],"picked":"Fusion Hammer"}],"items_purged_floors":[12,20,37],"is_endless":false,"potions_floor_spawned":[1,3,16,29,31,41,46,47,48],"ascension_level":2}