{"gold_per_floor":[113,4,4,4,29,69,87,87,87,118,133,158,194,213,213,307,307,327,327,327],"floor_reached":20,"playtime":661,"items_purged":[],"score":559,"play_id":"fc93ed11-990a-4102-9552-f14e3777b3a2","local_time":"20190329200401","is_ascension_mode":true,"campfire_choices":[{"data":"Zap","floor":8,"key":"SMITH"},{"floor":15,"key":"REST"}],"neow_cost":"NONE","seed_source_timestamp":1338848776310600,"circlet_count":0,"master_deck":["AscendersBane","Strike_B","Strike_B","Strike_B","Strike_B","Defend_B","Defend_B","Defend_B","Defend_B","Zap+1","Dualcast","Sweeping Beam+1","Melter","Coolheaded","Leap","Sunder","Streamline","Leap","Consume","BootSequence","Rebound","Coolheaded","Amplify","Conserve Battery"],"relics":["Cracked Core","NeowsBlessing","Golden Idol","Mercury Hourglass","Question Card","Mummified Hand","Shuriken","Runic Pyramid","Enchiridion"],"potions_floor_usage":[10,13,16],"damage_taken":[{"damage":0,"enemies":"2 Louse","floor":1,"turns":1},{"damage":0,"enemies":"Small Slimes","floor":5,"turns":1},{"damage":0,"enemies":"Gremlin Nob","floor":6,"turns":1},{"damage":0,"enemies":"Cultist","floor":7,"turns":2},{"damage":0,"enemies":"3 Sentries","floor":10,"turns":5},{"damage":7,"enemies":"Exordium Wildlife","floor":11,"turns":2},{"damage":6,"enemies":"Blue Slaver","floor":12,"turns":3},{"damage":32,"enemies":"Gremlin Nob","floor":13,"turns":4},{"damage":0,"enemies":"Lots of Slimes","floor":14,"turns":2},{"damage":0,"enemies":"Slime Boss","floor":16,"turns":6},{"damage":27,"enemies":"Shell Parasite","floor":18,"turns":7},{"damage":11,"enemies":"Spheric Guardian","floor":20,"turns":3}],"seed_played":"9211056790187248705","potions_obtained":[{"floor":1,"key":"SkillPotion"},{"floor":5,"key":"PowerPotion"},{"floor":10,"key":"Explosive Potion"},{"floor":12,"key":"AttackPotion"},{"floor":16,"key":"AttackPotion"},{"floor":18,"key":"Swift Potion"}],"is_trial":false,"path_per_floor":["M","$","?","?","M","E","M","R","T","E","M","M","E","M","R","B",null,"M","?","M"],"character_chosen":"DEFECT","items_purchased":["Melter","Coolheaded"],"campfire_rested":1,"item_purchase_floors":[2,2],"current_hp_per_floor":[64,64,64,64,64,64,64,64,64,64,57,51,19,19,38,38,58,31,10,0],"gold":327,"neow_bonus":"THREE_ENEMY_KILL","is_prod":false,"is_daily":false,"chose_seed":false,"campfire_upgraded":1,"win_rate":0,"timestamp":1553886241,"path_taken":["M","$","?","?","M","E","M","R","T","E","M","M","E","?","R","BOSS","M","?","M"],"build_version":"2019-01-23","purchased_purges":0,"victory":false,"max_hp_per_floor":[71,71,64,64,64,64,64,64,64,64,64,64,64,64,64,64,64,64,64,64],"card_choices":[{"not_picked":["Tempest","Storm"],"picked":"Sweeping Beam","floor":1},{"not_picked":["Undo","Reprogram"],"picked":"Leap","floor":5},{"not_picked":["Recycle","Ball Lightning"],"picked":"Sunder","floor":6},{"not_picked":["Stack","Leap"],"picked":"Streamline","floor":7},{"not_picked":["Stack","Storm","Barrage"],"picked":"Leap","floor":10},{"not_picked":["Cold Snap","Steam","Lockon"],"picked":"Consume","floor":11},{"not_picked":["Multi-Cast","Coolheaded","Redo"],"picked":"BootSequence","floor":12},{"not_picked":["Redo","Aggregate","Recycle"],"picked":"Rebound","floor":13},{"not_picked":["Compile Driver","Barrage","Rip and Tear"],"picked":"Coolheaded","floor":14},{"not_picked":["Buffer","Seek","Thunder Strike"],"picked":"Amplify","floor":16},{"not_picked":["Coolheaded","Ball Lightning+1","Cold Snap"],"picked":"Conserve Battery","floor":18}],"player_experience":570609,"relics_obtained":[{"floor":6,"key":"Mercury Hourglass"},{"floor":9,"key":"Question Card"},{"floor":10,"key":"Mummified Hand"},{"floor":13,"key":"Shuriken"},{"floor":19,"key":"Enchiridion"}],"event_choices":[{"damage_healed":0,"gold_gain":0,"player_choice":"Lose Max HP","damage_taken":0,"relics_obtained":["Golden Idol"],"max_hp_gain":0,"max_hp_loss":7,"event_name":"Golden Idol","floor":3,"gold_loss":0},{"damage_healed":0,"gold_gain":0,"player_choice":"Upgraded","damage_taken":0,"max_hp_gain":0,"max_hp_loss":0,"event_name":"Upgrade Shrine","floor":4,"gold_loss":0,"cards_upgraded":["Sweeping Beam"]},{"damage_healed":0,"gold_gain":0,"player_choice":"Obtained Book","damage_taken":21,"max_hp_gain":0,"max_hp_loss":0,"event_name":"Cursed Tome","floor":19,"gold_loss":0}],"is_beta":false,"boss_relics":[{"not_picked":["Velvet Choker","Coffee Dripper"],"picked":"Runic Pyramid"}],"items_purged_floors":[],"is_endless":false,"potions_floor_spawned":[1,5,10,12,16,18],"killed_by":"Spheric Guardian","ascension_level":18}