{"gold_per_floor":[119,69,69,69,81,110,110,143,143,154,154],"floor_reached":11,"playtime":509,"items_purged":[],"score":89,"play_id":"47a47cab-6259-4696-9c3e-6863d8000aca","local_time":"20190226163542","is_ascension_mode":true,"campfire_choices":[{"floor":7,"key":"REST"}],"neow_cost":"NONE","seed_source_timestamp":917353656589284,"circlet_count":0,"master_deck":["Strike_R+1","Strike_R","Strike_R+1","Defend_R","Defend_R","Defend_R","Defend_R","Bash","Pommel Strike","Pommel Strike","Barricade","Flame Barrier"],"relics":["Runic Cube","Darkstone Periapt","Whetstone","Ancient Tea Set"],"potions_floor_usage":[6],"damage_taken":[{"damage":2,"enemies":"Jaw Worm","floor":1,"turns":3},{"damage":3,"enemies":"2 Louse","floor":5,"turns":3},{"damage":40,"enemies":"Lagavulin","floor":6,"turns":8},{"damage":43,"enemies":"3 Sentries","floor":8,"turns":10},{"damage":0,"enemies":"Small Slimes","floor":10,"turns":2},{"damage":13,"enemies":"Gremlin Nob","floor":11,"turns":3}],"seed_played":"-7821816413108497957","potions_obtained":[{"floor":5,"key":"Block Potion"},{"floor":6,"key":"SpeedPotion"}],"is_trial":false,"path_per_floor":["M","?","$","?","M","E","R","E","T","M","E"],"character_chosen":"IRONCLAD","items_purchased":[],"campfire_rested":1,"item_purchase_floors":[],"current_hp_per_floor":[78,78,78,71,68,28,52,9,9,9,0],"gold":154,"neow_bonus":"BOSS_RELIC","is_prod":false,"is_daily":false,"chose_seed":false,"campfire_upgraded":0,"win_rate":0,"timestamp":1551220542,"path_taken":["M","?","$","?","M","E","R","E","T","M","E"],"build_version":"2019-01-23","purchased_purges":0,"victory":false,"max_hp_per_floor":[80,80,80,80,80,80,80,80,80,80,80],"card_choices":[{"not_picked":["Power Through","Clothesline"],"picked":"Pommel Strike","floor":1},{"not_picked":["Heavy Blade","Second Wind"],"picked":"Pommel Strike","floor":5},{"not_picked":["Twin Strike","Iron Wave"],"picked":"Barricade","floor":6},{"not_picked":["Feel No Pain","Perfected Strike"],"picked":"Flame Barrier","floor":8},{"not_picked":["Sever Soul","Armaments","Rampage"],"picked":"SKIP","floor":10}],"player_experience":215079,"relics_obtained":[{"floor":6,"key":"Darkstone Periapt"},{"floor":8,"key":"Whetstone"},{"floor":9,"key":"Ancient Tea Set"}],"event_choices":[{"cards_removed":["Strike_R"],"damage_healed":0,"gold_gain":0,"player_choice":"Card Removal","damage_taken":0,"max_hp_gain":0,"max_hp_loss":0,"event_name":"The Cleric","floor":2,"gold_loss":50},{"cards_removed":["Strike_R"],"damage_healed":0,"gold_gain":0,"player_choice":"Card Removal","damage_taken":7,"max_hp_gain":0,"max_hp_loss":0,"event_name":"Golden Wing","floor":4,"gold_loss":0}],"is_beta":false,"boss_relics":[],"items_purged_floors":[],"is_endless":false,"potions_floor_spawned":[5,6],"killed_by":"Gremlin Nob","ascension_level":2}