{"gold_per_floor":[113,38,38,38,56,56,87,98,98,113,113,213,248,263,263,366,366,339,17,17,27,44,44,44,44,44,44,62,62,74,84,84,186,186,200,216,17,29,47,47,47,59,85,98,98,98,131,31,31,31,31,31,2,34,34],"floor_reached":55,"playtime":3019,"items_purged":["Normality","Regret","Strike_B"],"score":689,"play_id":"4ddd864a-8295-4289-9862-f4e76246b987","local_time":"20181130202625","is_ascension_mode":false,"campfire_choices":[{"data":"Zap","floor":6,"key":"SMITH"},{"data":"Hologram","floor":11,"key":"SMITH"},{"floor":15,"key":"REST"},{"data":"Dualcast","floor":23,"key":"SMITH"},{"data":"Barrage","floor":25,"key":"SMITH"},{"data":"Conserve Battery","floor":27,"key":"SMITH"},{"data":"Redo","floor":29,"key":"SMITH"},{"floor":32,"key":"REST"},{"floor":40,"key":"REST"},{"floor":49,"key":"RECALL"},{"data":"Cold Snap","floor":52,"key":"SMITH"}],"neow_cost":"CURSE","seed_source_timestamp":1342314596402300,"circlet_count":0,"master_deck":["Strike_B","Defend_B","Defend_B","Defend_B","Zap+1","Dualcast+1","Hologram+1","Sweeping Beam","Redo+1","Coolheaded","Defragment+1","Conserve Battery+1","Cold Snap+1","Core Surge","Barrage+1","Loop+1","Loop+1","Cold Snap+1","Conserve Battery+1","Leap","Cold Snap+1","Seek","Coolheaded+1","Chaos+1","Defragment+1","Defragment+1","Madness","Madness","Trip","Glacier","FTL"],"relics":["Cracked Core","StoneCalendar","The Courier","Ornamental Fan","Frozen Egg 2","Gremlin Horn","Empty Cage","Cables","Velvet Choker","Oddly Smooth Stone","Whetstone","Bag of Marbles"],"potions_floor_usage":[13,13,17,22,28,55,55],"damage_taken":[{"damage":1,"enemies":"Jaw Worm","floor":1,"turns":3},{"damage":4,"enemies":"Small Slimes","floor":5,"turns":3},{"damage":21,"enemies":"Gremlin Nob","floor":7,"turns":4},{"damage":3,"enemies":"2 Louse","floor":8,"turns":2},{"damage":24,"enemies":"Exordium Thugs","floor":10,"turns":3},{"damage":12,"enemies":"3 Sentries","floor":13,"turns":6},{"damage":3,"enemies":"Gremlin Gang","floor":14,"turns":2},{"damage":12,"enemies":"The Guardian","floor":16,"turns":12},{"damage":28,"enemies":"2 Thieves","floor":18,"turns":5},{"damage":12,"enemies":"Shell Parasite","floor":21,"turns":6},{"damage":39,"enemies":"3 Cultists","floor":22,"turns":5},{"damage":8,"enemies":"Snake Plant","floor":28,"turns":5},{"damage":3,"enemies":"Centurion and Healer","floor":30,"turns":7},{"damage":3,"enemies":"Snecko","floor":31,"turns":4},{"damage":38,"enemies":"Automaton","floor":33,"turns":14},{"damage":24,"enemies":"3 Darklings","floor":35,"turns":5},{"damage":0,"enemies":"3 Shapes","floor":36,"turns":3},{"damage":16,"enemies":"Maw","floor":38,"turns":4},{"damage":21,"enemies":"3 Darklings","floor":39,"turns":4},{"damage":0,"enemies":"Sphere and 2 Shapes","floor":42,"turns":7},{"damage":2,"enemies":"Writhing Mass","floor":44,"turns":7},{"damage":5,"enemies":"Reptomancer","floor":47,"turns":8},{"damage":20,"enemies":"Donu and Deca","floor":50,"turns":19},{"damage":21,"enemies":"Shield and Spear","floor":54,"turns":18},{"damage":60,"enemies":"The Heart","floor":55,"turns":8}],"seed_played":"7561077943442877135","potions_obtained":[{"floor":1,"key":"SteroidPotion"},{"floor":5,"key":"Ancient Potion"},{"floor":10,"key":"AttackPotion"},{"floor":16,"key":"Fruit Juice"},{"floor":18,"key":"Weak Potion"},{"floor":21,"key":"Regen Potion"},{"floor":30,"key":"LiquidBronze"},{"floor":33,"key":"Fire Potion"},{"floor":39,"key":"LiquidBronze"}],"is_trial":false,"path_per_floor":["M","$","?","?","M","R","E","M","T","M","R","?","E","M","R","B",null,"M","$","?","M","M","R","$","R","T","R","M","R","M","M","R","B",null,"M","M","$","M","M","R","?","M","T","M","?","?","E","$","R","B",null,"R","$","E","B"],"character_chosen":"DEFECT","items_purchased":["Cables","Loop+1","Loop+1","Defragment+1","Defragment+1","FTL"],"campfire_rested":3,"item_purchase_floors":[19,19,19,37,37,53],"current_hp_per_floor":[74,74,74,74,70,70,49,46,46,22,22,22,10,7,29,17,80,52,52,80,68,43,43,43,43,43,43,35,35,32,29,53,15,80,56,56,56,40,19,43,33,33,33,31,31,31,26,26,26,6,80,80,80,59,0],"gold":34,"neow_bonus":"ONE_RARE_RELIC","is_prod":false,"is_daily":false,"chose_seed":false,"campfire_upgraded":7,"win_rate":0,"timestamp":1543605985,"path_taken":["M","$","?","?","M","R","E","M","T","M","R","?","E","M","R","BOSS","M","$","?","M","?","R","?","R","T","R","M","R","M","M","R","BOSS","M","M","$","M","M","R","?","M","T","M","?","?","E","$","R","BOSS","R","$","E","BOSS"],"build_version":"2018-11-15","purchased_purges":3,"victory":false,"max_hp_per_floor":[75,75,75,75,75,75,75,75,75,75,75,75,75,75,75,75,80,80,80,80,80,80,80,80,80,80,80,80,80,80,80,80,80,80,80,80,80,80,80,80,80,80,80,80,80,80,80,80,80,80,80,80,80,80,80],"card_choices":[{"not_picked":["Tempest","Rebound"],"picked":"Hologram","floor":1},{"not_picked":["Chaos","Conserve Battery"],"picked":"Sweeping Beam","floor":5},{"not_picked":["Barrage","Lockon"],"picked":"Redo","floor":7},{"not_picked":["Ball Lightning","Hello World"],"picked":"Coolheaded","floor":8},{"not_picked":["Hologram","Redo"],"picked":"Defragment+1","floor":10},{"not_picked":["Chaos","Beam Cell"],"picked":"Conserve Battery","floor":13},{"not_picked":["Gash","Rebound"],"picked":"Cold Snap","floor":14},{"not_picked":["Thunder Strike","Machine Learning+1"],"picked":"Core Surge","floor":16},{"not_picked":["Fusion","Conserve Battery"],"picked":"Barrage","floor":18},{"not_picked":["Melter+1","Go for the Eyes","Static Discharge+1"],"picked":"SKIP","floor":21},{"not_picked":["Redo","Go for the Eyes"],"picked":"Cold Snap","floor":22},{"not_picked":["Cold Snap","Auto Shields"],"picked":"Conserve Battery+1","floor":28},{"not_picked":["Fission","Reinforced Body"],"picked":"Leap","floor":30},{"not_picked":["Streamline+1","Gash+1"],"picked":"Cold Snap","floor":31},{"not_picked":["Machine Learning+1","Thunder Strike"],"picked":"Seek","floor":33},{"not_picked":["Leap","Compile Driver"],"picked":"Coolheaded+1","floor":35},{"not_picked":["Darkness","Static Discharge+1"],"picked":"Chaos+1","floor":36},{"not_picked":["Turbo","Compile Driver","Double Energy"],"picked":"SKIP","floor":38},{"not_picked":["Ball Lightning","Leap","Steam"],"picked":"SKIP","floor":39},{"not_picked":["Streamline","Genetic Algorithm","Consume"],"picked":"SKIP","floor":42},{"not_picked":["Rip and Tear","Steam","Aggregate"],"picked":"SKIP","floor":44},{"not_picked":["Enlightenment","Mind Blast"],"picked":"Trip","floor":46},{"not_picked":["Tempest","Buffer+1"],"picked":"Glacier","floor":47},{"not_picked":["Stack+1","Recycle","Turbo"],"picked":"SKIP","floor":54}],"player_experience":223092,"relics_obtained":[{"floor":7,"key":"Ornamental Fan"},{"floor":9,"key":"Frozen Egg 2"},{"floor":13,"key":"Gremlin Horn"},{"floor":43,"key":"Oddly Smooth Stone"},{"floor":47,"key":"Whetstone"},{"floor":54,"key":"Bag of Marbles"}],"event_choices":[{"damage_healed":0,"gold_gain":0,"player_choice":"Box","damage_taken":0,"relics_obtained":["The Courier"],"max_hp_gain":0,"max_hp_loss":0,"event_name":"Big Fish","floor":3,"gold_loss":0,"cards_obtained":["Regret"]},{"damage_healed":0,"gold_gain":0,"player_choice":"Leave","damage_taken":0,"max_hp_gain":0,"max_hp_loss":0,"event_name":"The Cleric","floor":4,"gold_loss":0},{"damage_healed":0,"gold_gain":100,"player_choice":"Gold","damage_taken":0,"max_hp_gain":0,"max_hp_loss":0,"event_name":"Wheel of Change","floor":12,"gold_loss":0},{"damage_healed":28,"gold_gain":0,"player_choice":"Full Heal","damage_taken":0,"max_hp_gain":0,"max_hp_loss":0,"event_name":"Wheel of Change","floor":20,"gold_loss":0},{"damage_healed":0,"gold_gain":0,"player_choice":"Embrace Madness","damage_taken":10,"max_hp_gain":0,"max_hp_loss":0,"event_name":"Winding Halls","floor":41,"gold_loss":0,"cards_obtained":["Madness","Madness"]},{"cards_removed":["Strike_B"],"damage_healed":0,"gold_gain":0,"player_choice":"Removed Attack","damage_taken":0,"max_hp_gain":0,"max_hp_loss":0,"event_name":"Falling","floor":45,"gold_loss":0},{"damage_healed":0,"gold_gain":0,"player_choice":"Memory 1","damage_taken":0,"max_hp_gain":0,"max_hp_loss":0,"event_name":"SensoryStone","floor":46,"gold_loss":0}],"is_beta":false,"boss_relics":[{"not_picked":["Fusion Hammer","Ectoplasm"],"picked":"Empty Cage"},{"not_picked":["Orrery","White Beast Statue"],"picked":"Velvet Choker"}],"items_purged_floors":[2,37,48],"is_endless":false,"potions_floor_spawned":[1,5,10,16,18,21,30,33,35,39],"killed_by":"The Heart","ascension_level":0}