{"path_per_floor":["M","M","?","M","M","R","?","M","T","R","M","R","?","M","R","B",null,"M","$","M","M","M","R","M","R","T","?","M","$","R","M","R","B",null,"M","M","$","M","?","R","M","R","T","$","M","R","?","M","R"],"character_chosen":"IRONCLAD","items_purchased":["Battle Trance","Whirlwind","Armaments","Limit Break"],"gold_per_floor":[117,128,128,143,162,162,162,175,256,256,269,269,269,282,282,377,377,394,243,260,271,286,286,298,298,298,298,318,147,147,157,157,261,261,277,297,150,161,161,161,181,181,181,100,119,119,119,137,137,137],"floor_reached":50,"campfire_rested":6,"playtime":2310,"current_hp_per_floor":[80,80,85,85,80,80,80,79,79,79,79,79,79,78,78,78,85,77,77,75,48,38,38,27,52,52,52,37,37,37,30,55,36,85,60,56,56,24,24,49,18,43,43,43,23,48,48,25,50,0],"items_purged":["Normality","Strike_R","Strike_R"],"gold":137,"score":515,"play_id":"9dbe58de-558e-46b2-84f9-7d0363240076","local_time":"20180514211319","is_prod":false,"is_daily":false,"chose_seed":false,"is_ascension_mode":false,"campfire_upgraded":6,"timestamp":1526303599,"path_taken":["M","M","?","M","M","R","?","M","T","R","?","R","?","M","R","BOSS","M","$","M","M","M","R","M","R","T","?","M","$","R","M","R","BOSS","M","?","$","M","?","R","M","R","T","?","M","R","?","M","R","BOSS"],"build_version":"2018-05-10","seed_source_timestamp":11536767272921,"purchased_purges":4,"victory":false,"master_deck":["Strike_R","Strike_R","Strike_R","Defend_R","Defend_R","Defend_R","Defend_R","Bash+1","Inflame+1","Shrug It Off+1","Twin Strike","Twin Strike","Shrug It Off+1","Blood for Blood","Limit Break+1","Battle Trance+1","Cleave","Heavy Blade+1","Infernal Blade+1","Seeing Red+1","Whirlwind","Headbutt+1","Offering","True Grit+1","Armaments","Headbutt","Pommel Strike+1","Limit Break","Secret Technique"],"max_hp_per_floor":[80,80,85,85,85,85,85,85,85,85,85,85,85,85,85,85,85,85,85,85,85,85,85,85,85,85,85,85,85,85,85,85,85,85,85,85,85,85,85,85,85,85,85,85,85,85,85,85,85,85],"relics":["Cursed Key"],"card_choices":[{"not_picked":["Clothesline","Reckless Charge"],"picked":"Inflame","floor":1},{"not_picked":["Iron Wave","Havoc"],"picked":"Shrug It Off","floor":2},{"not_picked":["Clothesline","Rage"],"picked":"Twin Strike","floor":4},{"not_picked":["Feel No Pain","Clothesline"],"picked":"Twin Strike","floor":5},{"not_picked":["Perfected Strike","Bludgeon"],"picked":"Shrug It Off","floor":8},{"not_picked":["Sentinel","Reckless Charge"],"picked":"Blood for Blood","floor":11},{"not_picked":["Berserk","Barricade"],"picked":"Limit Break","floor":16},{"not_picked":["Perfected Strike","Blood for Blood"],"picked":"Cleave","floor":20},{"not_picked":["Twin Strike","Havoc"],"picked":"Heavy Blade","floor":21},{"not_picked":["Body Slam","Blood for Blood"],"picked":"Infernal Blade","floor":22},{"not_picked":["Searing Blow","Wild Strike"],"picked":"Seeing Red","floor":28},{"not_picked":["True Grit","Corruption"],"picked":"Headbutt","floor":31},{"not_picked":["Dark Embrace","Demon Form"],"picked":"Offering","floor":33},{"not_picked":["Wild Strike","Hemokinesis"],"picked":"True Grit","floor":35},{"not_picked":["Perfected Strike","Clothesline"],"picked":"Headbutt","floor":38},{"not_picked":["Shockwave","Wild Strike"],"picked":"Pommel Strike","floor":41},{"not_picked":["Flash of Steel","Panache"],"picked":"Secret Technique","floor":47}],"player_experience":610505,"potions_floor_usage":[16,20,22,28,38,45,48,50],"damage_taken":[{"damage":0,"enemies":"Small Slimes","floor":1,"turns":3},{"damage":0,"enemies":"2 Louse","floor":2,"turns":2},{"damage":0,"enemies":"Cultist","floor":4,"turns":3},{"damage":5,"enemies":"Looter","floor":5,"turns":3},{"damage":1,"enemies":"2 Fungi Beasts","floor":8,"turns":3},{"damage":0,"enemies":"Gremlin Gang","floor":11,"turns":4},{"damage":1,"enemies":"3 Louse","floor":14,"turns":3},{"damage":0,"enemies":"Slime Boss","floor":16,"turns":5},{"damage":8,"enemies":"Shell Parasite","floor":18,"turns":4},{"damage":10,"enemies":"Chosen","floor":20,"turns":3},{"damage":27,"enemies":"Centurion and Healer","floor":21,"turns":5},{"damage":16,"enemies":"Snake Plant","floor":22,"turns":3},{"damage":11,"enemies":"Sentry and Sphere","floor":24,"turns":4},{"damage":15,"enemies":"Centurion and Healer","floor":28,"turns":4},{"damage":7,"enemies":"3 Cultists","floor":31,"turns":4},{"damage":19,"enemies":"Champ","floor":33,"turns":7},{"damage":25,"enemies":"3 Darklings","floor":35,"turns":4},{"damage":4,"enemies":"3 Shapes","floor":36,"turns":4},{"damage":40,"enemies":"Maw","floor":38,"turns":5},{"damage":31,"enemies":"Sphere and 2 Shapes","floor":41,"turns":6},{"damage":20,"enemies":"4 Shapes","floor":45,"turns":7},{"damage":31,"enemies":"3 Darklings","floor":48,"turns":4},{"damage":50,"enemies":"Time Eater","floor":50,"turns":4}],"event_choices":[{"event_name":"Big Fish","player_choice":"Donut","floor":3,"damage_taken":0},{"event_name":"Liars Game","player_choice":"disagreed","floor":7,"damage_taken":0},{"event_name":"Dead Adventurer","player_choice":"Searched \u00270\u0027 times","floor":13,"damage_taken":0},{"event_name":"The Mausoleum","player_choice":"No","floor":27,"damage_taken":0},{"event_name":"Mysterious Sphere","player_choice":"Ignore","floor":39,"damage_taken":0},{"event_name":"SensoryStone","player_choice":"Memory 1","floor":47,"damage_taken":0}],"boss_relics":[{"not_picked":["Mark of Pain","Sozu","Black Star"]},{"not_picked":["Orrery","Lizard Tail","Runic Dome"]}],"potions_floor_spawned":[2,4,5,18,21,31,33,35,36,38,45],"seed_played":"7916971947194752695","killed_by":"Time Eater","ascension_level":0,"is_trial":false}