{"gold_per_floor":[117,117,117,117,189,222,222,240,267,267,303,317,69,93,93,93],"floor_reached":16,"playtime":831,"items_purged":[],"score":135,"play_id":"63bfe236-ace2-402a-aee8-3c6e44abb466","local_time":"20190331004539","is_ascension_mode":true,"campfire_choices":[{"floor":7,"key":"REST"},{"floor":10,"key":"REST"},{"floor":15,"key":"REST"}],"neow_cost":"NONE","seed_source_timestamp":135941692559152,"circlet_count":0,"master_deck":["Defend_G","Defend_G","Defend_G","Defend_G","Defend_G","Strike_G","Strike_G","Strike_G","Strike_G","Strike_G","Survivor","Neutralize","PiercingWail","Escape Plan","Cloak And Dagger","Deflect"],"relics":["Ring of the Snake","Juzu Bracelet","Golden Idol","Bottled Lightning","Boot","Ancient Tea Set","Orichalcum","Pantograph"],"potions_floor_usage":[16],"damage_taken":[{"damage":13,"enemies":"Jaw Worm","floor":1,"turns":4},{"damage":51,"enemies":"Gremlin Nob","floor":6,"turns":6},{"damage":4,"enemies":"Cultist","floor":8,"turns":4},{"damage":24,"enemies":"3 Sentries","floor":11,"turns":13},{"damage":2,"enemies":"Small Slimes","floor":12,"turns":4},{"damage":4,"enemies":"Gremlin Gang","floor":14,"turns":5},{"damage":71,"enemies":"Hexaghost","floor":16,"turns":16}],"seed_played":"4696775018647047099","potions_obtained":[{"floor":8,"key":"Dexterity Potion"},{"floor":11,"key":"FairyPotion"},{"floor":12,"key":"LiquidBronze"}],"is_trial":false,"path_per_floor":["M","?","?","?","T","E","R","M","T","R","E","M","$","M","R","B"],"character_chosen":"THE_SILENT","items_purchased":["Pantograph"],"campfire_rested":3,"item_purchase_floors":[13],"current_hp_per_floor":[57,57,57,57,57,6,27,23,23,44,20,18,18,14,35,0],"gold":93,"neow_bonus":"RANDOM_COMMON_RELIC","is_prod":false,"is_daily":false,"chose_seed":false,"campfire_upgraded":0,"win_rate":0,"timestamp":1554011139,"path_taken":["M","?","?","?","?","E","R","M","T","R","E","M","$","M","R","BOSS"],"build_version":"2019-01-23","purchased_purges":0,"victory":false,"max_hp_per_floor":[70,70,70,70,70,70,70,70,70,70,70,70,70,70,70,70],"card_choices":[{"not_picked":["Poisoned Stab","Calculated Gamble"],"picked":"PiercingWail","floor":1},{"not_picked":["Dagger Throw","Deadly Poison"],"picked":"Escape Plan","floor":6},{"not_picked":["Acrobatics","Underhanded Strike"],"picked":"Cloak And Dagger","floor":8},{"not_picked":["Night Terror","Distraction","Setup"],"picked":"SKIP","floor":11},{"not_picked":["Outmaneuver","Backflip"],"picked":"Deflect","floor":12},{"not_picked":["Acrobatics","All Out Attack","Backflip"],"picked":"SKIP","floor":14}],"player_experience":357190,"relics_obtained":[{"floor":5,"key":"Bottled Lightning"},{"floor":6,"key":"Boot"},{"floor":9,"key":"Ancient Tea Set"},{"floor":11,"key":"Orichalcum"}],"event_choices":[{"damage_healed":0,"gold_gain":0,"player_choice":"Take Wound","damage_taken":0,"relics_obtained":["Golden Idol"],"max_hp_gain":0,"max_hp_loss":0,"event_name":"Golden Idol","floor":2,"gold_loss":0,"cards_obtained":["Injury"]},{"cards_removed":["Injury"],"damage_healed":0,"gold_gain":0,"player_choice":"Removed Curses","damage_taken":0,"max_hp_gain":0,"max_hp_loss":0,"event_name":"Fountain of Cleansing","floor":3,"gold_loss":0},{"damage_healed":0,"gold_gain":0,"player_choice":"Ignored","damage_taken":0,"max_hp_gain":0,"max_hp_loss":0,"event_name":"Golden Wing","floor":4,"gold_loss":0}],"is_beta":false,"boss_relics":[],"items_purged_floors":[],"is_endless":false,"potions_floor_spawned":[8,11,12],"killed_by":"Hexaghost","ascension_level":5}