{"gold_per_floor":[116,127,127,32,42,42,73,89,161,161,171,183,202,235,235,314,314,330,345,419,419,419],"floor_reached":22,"playtime":1103,"items_purged":[],"score":330,"play_id":"76e5352d-3ac9-4b6f-9cfe-7fab80f03233","local_time":"20190213202902","is_ascension_mode":true,"campfire_choices":[{"data":"Neutralize","floor":6,"key":"SMITH"},{"data":"Well Laid Plans","floor":10,"key":"SMITH"},{"floor":15,"key":"REST"}],"neow_cost":"CURSE","seed_source_timestamp":29054334470200,"circlet_count":0,"master_deck":["AscendersBane","Defend_G","Defend_G","Defend_G","Defend_G","Defend_G","Strike_G","Survivor","Neutralize+1","Decay","Unload","Deflect","Blur","Well Laid Plans+1","Quick Slash","Blur","Deadly Poison","Deadly Poison","Blade Dance","Catalyst","Bane","Die Die Die","Outmaneuver+1","Noxious Fumes+1","Sucker Punch+1","Dodge and Roll","Catalyst"],"relics":["Ring of the Snake","Ice Cream","Kunai","Potion Belt","Astrolabe","Ornamental Fan"],"potions_floor_usage":[7,16,16,21],"damage_taken":[{"damage":0,"enemies":"Cultist","floor":1,"turns":4},{"damage":6,"enemies":"Jaw Worm","floor":2,"turns":4},{"damage":1,"enemies":"Small Slimes","floor":5,"turns":4},{"damage":5,"enemies":"3 Sentries","floor":7,"turns":11},{"damage":0,"enemies":"2 Fungi Beasts","floor":8,"turns":4},{"damage":5,"enemies":"Exordium Wildlife","floor":11,"turns":3},{"damage":2,"enemies":"Looter","floor":12,"turns":4},{"damage":7,"enemies":"Blue Slaver","floor":13,"turns":4},{"damage":5,"enemies":"Lagavulin","floor":14,"turns":6},{"damage":44,"enemies":"Slime Boss","floor":16,"turns":16},{"damage":2,"enemies":"Chosen","floor":18,"turns":6},{"damage":25,"enemies":"Spheric Guardian","floor":19,"turns":6},{"damage":0,"enemies":"Snecko","floor":21,"turns":3},{"damage":31,"enemies":"Cultist and Chosen","floor":22,"turns":6}],"seed_played":"2316592321169879196","potions_obtained":[{"floor":5,"key":"Explosive Potion"},{"floor":8,"key":"Block Potion"},{"floor":12,"key":"SmokeBomb"},{"floor":14,"key":"Swift Potion"}],"is_trial":false,"path_per_floor":["M","M","?","$","M","R","E","M","T","R","M","M","M","E","R","B",null,"M","M","T","M","M"],"character_chosen":"THE_SILENT","items_purchased":["Well Laid Plans","Quick Slash"],"campfire_rested":1,"item_purchase_floors":[4,4],"current_hp_per_floor":[63,57,57,57,56,56,51,51,51,51,46,44,37,32,53,9,55,53,28,28,28,0],"gold":419,"neow_bonus":"THREE_RARE_CARDS","is_prod":false,"is_daily":false,"chose_seed":false,"campfire_upgraded":2,"win_rate":0,"timestamp":1550086142,"path_taken":["M","?","?","$","M","R","E","M","T","R","M","M","M","E","R","BOSS","M","M","?","M","M"],"build_version":"2019-01-23","purchased_purges":0,"victory":false,"max_hp_per_floor":[70,70,70,70,70,70,70,70,70,70,70,70,70,70,70,70,70,70,70,70,70,70],"card_choices":[{"not_picked":["Venomology","Adrenaline"],"picked":"Unload","floor":0},{"not_picked":["PiercingWail","Slice"],"picked":"Deflect","floor":1},{"not_picked":["Night Terror","Endless Agony"],"picked":"Blur","floor":2},{"not_picked":["Cloak And Dagger","Outmaneuver"],"picked":"Blur","floor":5},{"not_picked":["Cloak And Dagger","Tools of the Trade"],"picked":"Deadly Poison","floor":7},{"not_picked":["Expertise","Calculated Gamble"],"picked":"Deadly Poison","floor":8},{"not_picked":["Riddle With Holes","Finisher"],"picked":"Blade Dance","floor":11},{"not_picked":["Quick Slash","Heel Hook"],"picked":"Catalyst","floor":12},{"not_picked":["Reflex","Quick Slash"],"picked":"Bane","floor":13},{"not_picked":["Quick Slash","Prepared","Expertise"],"picked":"SKIP","floor":14},{"not_picked":["Grand Finale","Unload"],"picked":"Die Die Die","floor":16},{"not_picked":["Terror","Noxious Fumes+1"],"picked":"Dodge and Roll","floor":18},{"not_picked":["Quick Slash","Cloak And Dagger"],"picked":"Catalyst","floor":19}],"player_experience":485401,"relics_obtained":[{"floor":7,"key":"Ice Cream"},{"floor":9,"key":"Kunai"},{"floor":14,"key":"Potion Belt"},{"floor":20,"key":"Ornamental Fan"}],"event_choices":[{"cards_removed":["Strike_G"],"damage_healed":0,"gold_gain":0,"player_choice":"Offered Basic","damage_taken":0,"max_hp_gain":0,"max_hp_loss":0,"event_name":"Bonfire Elementals","floor":3,"gold_loss":0}],"is_beta":false,"boss_relics":[{"not_picked":["Lizard Tail","Fusion Hammer"],"picked":"Astrolabe"}],"items_purged_floors":[],"is_endless":false,"potions_floor_spawned":[5,8,12,14,21],"killed_by":"Cultist and Chosen","ascension_level":13}