{"gold_per_floor":[114,189,139,154,171,197,197,214,240,240,256,282,282,295,295,392,392,408,408,424,26,44,44,73,89,168,180,56,89,108,108,108,108],"floor_reached":33,"playtime":6384,"items_purged":["Impatience"],"score":399,"play_id":"feacec1d-d8e6-42d1-8018-2ac42739dde4","local_time":"20190330204458","is_ascension_mode":true,"campfire_choices":[{"data":"Bludgeon","floor":7,"key":"SMITH"},{"data":"True Grit","floor":13,"key":"SMITH"},{"data":"Bash","floor":15,"key":"SMITH"},{"data":"Cleave","floor":23,"key":"SMITH"},{"floor":32,"key":"REST"}],"neow_cost":"NONE","seed_source_timestamp":96685016094500,"circlet_count":0,"master_deck":["Defend_R","Defend_R","Defend_R","Defend_R","Bash+1","Cleave+1","True Grit+1","Bludgeon+1","Blood for Blood","Shrug It Off","Inflame","Reaper","Anger+1","Bite","Bite","Bite","Bite","Bite","Twin Strike+1","Disarm+1","Seeing Red+1","Flex+1","Thunderclap","Ghostly Armor+1","Armaments+1","Intimidate+1","Battle Trance+1","Uppercut+1"],"relics":["Burning Blood","Potion Belt","Bag of Preparation","Orichalcum","Empty Cage","Toxic Egg 2","Dream Catcher","Singing Bowl","Molten Egg 2"],"potions_floor_usage":[6,16,20,24,27,29,33],"damage_taken":[{"damage":6,"enemies":"Jaw Worm","floor":1,"turns":5},{"damage":6,"enemies":"2 Louse","floor":4,"turns":3},{"damage":1,"enemies":"Cultist","floor":5,"turns":4},{"damage":32,"enemies":"Lagavulin","floor":6,"turns":7},{"damage":3,"enemies":"Blue Slaver","floor":8,"turns":2},{"damage":0,"enemies":"Large Slime","floor":11,"turns":2},{"damage":15,"enemies":"3 Sentries","floor":12,"turns":7},{"damage":9,"enemies":"2 Fungi Beasts","floor":14,"turns":3},{"damage":24,"enemies":"Hexaghost","floor":16,"turns":9},{"damage":29,"enemies":"3 Byrds","floor":18,"turns":6},{"damage":4,"enemies":"Chosen","floor":20,"turns":4},{"damage":23,"enemies":"Shelled Parasite and Fungi","floor":22,"turns":6},{"damage":38,"enemies":"Book of Stabbing","floor":24,"turns":5},{"damage":16,"enemies":"Sentry and Sphere","floor":25,"turns":5},{"damage":6,"enemies":"Chosen and Byrds","floor":27,"turns":3},{"damage":31,"enemies":"Slavers","floor":29,"turns":7},{"damage":27,"enemies":"Shelled Parasite and Fungi","floor":30,"turns":8},{"damage":105,"enemies":"Collector","floor":33,"turns":6}],"seed_played":"-7360986404442068339","potions_obtained":[{"floor":5,"key":"AttackPotion"},{"floor":6,"key":"Weak Potion"},{"floor":16,"key":"Explosive Potion"},{"floor":20,"key":"Strength Potion"},{"floor":24,"key":"LiquidBronze"},{"floor":25,"key":"SpeedPotion"},{"floor":30,"key":"BloodPotion"}],"is_trial":false,"path_per_floor":["M","?","?","M","M","E","R","M","T","?","M","E","R","M","R","B",null,"M","?","M","$","M","R","E","M","T","M","$","E","M","?","R","B"],"character_chosen":"IRONCLAD","items_purchased":["Toxic Egg 2","Disarm+1","Armaments+1","Intimidate+1"],"campfire_rested":1,"item_purchase_floors":[21,21,28,28],"current_hp_per_floor":[80,69,69,69,74,48,48,51,51,51,57,48,48,45,45,27,67,53,53,56,56,45,45,19,11,11,17,17,23,32,32,50,0],"gold":108,"neow_bonus":"RANDOM_COLORLESS","is_prod":false,"is_daily":false,"chose_seed":false,"campfire_upgraded":4,"win_rate":0,"timestamp":1553975098,"path_taken":["M","?","?","M","M","E","R","M","T","?","M","E","R","M","R","BOSS","M","?","M","$","M","R","E","M","T","M","$","E","M","?","R","BOSS"],"build_version":"2019-01-23","purchased_purges":1,"victory":false,"max_hp_per_floor":[80,80,80,80,80,80,80,80,80,80,80,80,80,80,80,80,80,80,56,56,56,56,56,56,56,56,56,56,56,56,56,58,58],"card_choices":[{"not_picked":["Searing Blow","Intimidate"],"picked":"Cleave","floor":1},{"not_picked":["Warcry","Headbutt"],"picked":"True Grit","floor":4},{"not_picked":["Havoc","Body Slam","True Grit"],"picked":"SKIP","floor":5},{"not_picked":["Wild Strike","Sever Soul"],"picked":"Bludgeon","floor":6},{"not_picked":["Iron Wave","Havoc","Anger"],"picked":"SKIP","floor":8},{"not_picked":["Battle Trance","True Grit"],"picked":"Shrug It Off","floor":11},{"not_picked":["Evolve","Sword Boomerang","Body Slam"],"picked":"SKIP","floor":12},{"not_picked":["Flex","Rampage"],"picked":"Inflame","floor":14},{"not_picked":["Fiend Fire","Impervious"],"picked":"Reaper","floor":16},{"not_picked":["Havoc+1","Rupture"],"picked":"Anger+1","floor":18},{"not_picked":["Uppercut","Dual Wield"],"picked":"Twin Strike+1","floor":20},{"not_picked":["Warcry+1","Armaments+1"],"picked":"Seeing Red+1","floor":22},{"not_picked":["Combust","Iron Wave"],"picked":"Flex+1","floor":24},{"not_picked":["Wild Strike+1","Offering+1"],"picked":"Thunderclap","floor":25},{"not_picked":["Wild Strike","Flex+1"],"picked":"Ghostly Armor+1","floor":27},{"not_picked":["Body Slam","Rupture+1"],"picked":"Battle Trance+1","floor":29},{"not_picked":["True Grit+1","Wild Strike+1"],"picked":"Uppercut+1","floor":30},{"not_picked":["Sword Boomerang+1","Disarm+1","Fire Breathing"],"picked":"Singing Bowl","floor":32}],"player_experience":485009,"relics_obtained":[{"floor":6,"key":"Potion Belt"},{"floor":9,"key":"Bag of Preparation"},{"floor":12,"key":"Orichalcum"},{"floor":24,"key":"Dream Catcher"},{"floor":26,"key":"Singing Bowl"},{"floor":29,"key":"Molten Egg 2"}],"event_choices":[{"damage_healed":0,"gold_gain":75,"player_choice":"Gather Gold","damage_taken":11,"max_hp_gain":0,"max_hp_loss":0,"event_name":"World of Goop","floor":2,"gold_loss":0},{"cards_removed":["Strike_R"],"damage_healed":0,"gold_gain":0,"player_choice":"Card Removal","damage_taken":0,"max_hp_gain":0,"max_hp_loss":0,"event_name":"The Cleric","floor":3,"gold_loss":50},{"damage_healed":0,"gold_gain":0,"cards_transformed":["Strike_R"],"player_choice":"Transformed","damage_taken":0,"max_hp_gain":0,"max_hp_loss":0,"event_name":"Transmorgrifier","floor":10,"gold_loss":0,"cards_obtained":["Blood for Blood"]},{"damage_healed":0,"gold_gain":0,"player_choice":"Became a vampire","damage_taken":0,"max_hp_gain":0,"max_hp_loss":24,"event_name":"Vampires","floor":19,"gold_loss":0,"cards_obtained":["Bite","Bite","Bite","Bite","Bite"]},{"damage_healed":0,"gold_gain":0,"player_choice":"Ignored","damage_taken":0,"max_hp_gain":0,"max_hp_loss":0,"event_name":"Ghosts","floor":31,"gold_loss":0}],"is_beta":false,"boss_relics":[{"not_picked":["Coffee Dripper","Ectoplasm"],"picked":"Empty Cage"}],"items_purged_floors":[21],"is_endless":false,"potions_floor_spawned":[5,6,16,20,24,25,30],"killed_by":"Collector","ascension_level":5}