{"gold_per_floor":[109,127,143,160,177,205,215,228,255,274,274,285,285,213,213,310,310,328,345,48,61,74,74,74],"floor_reached":24,"playtime":3158,"items_purged":[],"score":206,"play_id":"38af0ccc-8d3c-4632-8341-572f83bb7e3a","local_time":"20190205115804","is_ascension_mode":false,"campfire_choices":[{"floor":15,"key":"REST"},{"floor":23,"key":"REST"}],"neow_cost":"NONE","seed_source_timestamp":133325471964230,"circlet_count":0,"master_deck":["Strike_B","Strike_B","Strike_B","Strike_B","Defend_B","Defend_B","Defend_B","Defend_B","Zap","Dualcast","Ball Lightning","Leap","Loop","Conserve Battery","Storm+1","Sweeping Beam","Ball Lightning","Capacitor","Machine Learning","Writhe","Regret","Pain","Sweeping Beam","Self Repair+1","Capacitor+1"],"relics":["Fusion Hammer","Pear","Anchor","Calling Bell","Happy Flower","Frozen Egg 2","Pocketwatch","Ice Cream"],"potions_floor_usage":[10,16,16,22],"damage_taken":[{"damage":1,"enemies":"Cultist","floor":1,"turns":3},{"damage":0,"enemies":"2 Louse","floor":2,"turns":2},{"damage":0,"enemies":"Jaw Worm","floor":3,"turns":3},{"damage":1,"enemies":"Exordium Wildlife","floor":4,"turns":4},{"damage":2,"enemies":"Blue Slaver","floor":5,"turns":3},{"damage":14,"enemies":"Lagavulin","floor":6,"turns":6},{"damage":20,"enemies":"Large Slime","floor":7,"turns":6},{"damage":5,"enemies":"Looter","floor":8,"turns":3},{"damage":0,"enemies":"2 Fungi Beasts","floor":10,"turns":3},{"damage":0,"enemies":"Exordium Thugs","floor":12,"turns":3},{"damage":30,"enemies":"The Guardian","floor":16,"turns":9},{"damage":16,"enemies":"Spheric Guardian","floor":18,"turns":4},{"damage":24,"enemies":"2 Thieves","floor":19,"turns":4},{"damage":6,"enemies":"Chosen and Byrds","floor":21,"turns":6},{"damage":33,"enemies":"Snake Plant","floor":22,"turns":4},{"damage":56,"enemies":"Gremlin Leader","floor":24,"turns":5}],"seed_played":"8569299135837554414","potions_obtained":[{"floor":4,"key":"Regen Potion"},{"floor":7,"key":"Fire Potion"},{"floor":8,"key":"Regen Potion"},{"floor":10,"key":"PowerPotion"},{"floor":21,"key":"FocusPotion"}],"is_trial":false,"path_per_floor":["M","M","M","M","M","E","M","M","T","M","?","M","?","$","R","B",null,"M","M","$","M","M","R","E"],"character_chosen":"DEFECT","items_purchased":["Capacitor","Ice Cream"],"campfire_rested":2,"item_purchase_floors":[14,20],"current_hp_per_floor":[74,74,74,73,71,67,47,42,42,51,51,51,51,51,76,61,85,69,45,45,49,26,51,0],"gold":74,"neow_bonus":"BOSS_RELIC","is_prod":false,"is_daily":false,"chose_seed":false,"campfire_upgraded":0,"win_rate":0.0,"timestamp":1549389484,"path_taken":["M","M","M","M","?","E","M","M","T","M","?","M","?","$","R","BOSS","M","M","$","M","M","R","E"],"build_version":"2019-01-23","purchased_purges":0,"victory":false,"max_hp_per_floor":[75,75,75,75,75,85,85,85,85,85,85,85,85,85,85,85,85,85,85,85,85,85,85,85],"card_choices":[{"not_picked":["Redo","Conserve Battery"],"picked":"Ball Lightning","floor":1},{"not_picked":["Chaos","Reinforced Body"],"picked":"Leap","floor":2},{"not_picked":["Darkness","Leap","Skim"],"picked":"SKIP","floor":3},{"not_picked":["Conserve Battery","Hologram"],"picked":"Loop","floor":4},{"not_picked":["Hologram","Genetic Algorithm"],"picked":"Conserve Battery","floor":5},{"not_picked":["Chaos","Conserve Battery"],"picked":"Storm","floor":6},{"not_picked":["Genetic Algorithm","Beam Cell","Aggregate"],"picked":"SKIP","floor":7},{"not_picked":["Steam Power","Glacier"],"picked":"Sweeping Beam","floor":8},{"not_picked":["Force Field","Leap"],"picked":"Ball Lightning","floor":10},{"not_picked":["Darkness","Doom and Gloom","FTL"],"picked":"SKIP","floor":12},{"not_picked":["Thunder Strike","All For One"],"picked":"Machine Learning","floor":16},{"not_picked":["Rip and Tear","Doom and Gloom+1"],"picked":"Sweeping Beam","floor":18},{"not_picked":["Leap+1","Go for the Eyes"],"picked":"Self Repair+1","floor":19},{"not_picked":["Streamline+1","Reprogram"],"picked":"Capacitor+1","floor":21},{"not_picked":["Hologram","Streamline","Coolheaded+1"],"picked":"SKIP","floor":22}],"player_experience":40740,"relics_obtained":[{"floor":6,"key":"Pear"},{"floor":9,"key":"Anchor"},{"floor":17,"key":"Happy Flower"},{"floor":17,"key":"Frozen Egg 2"},{"floor":17,"key":"Pocketwatch"}],"event_choices":[{"damage_healed":0,"gold_gain":0,"player_choice":"Grow","damage_taken":0,"max_hp_gain":0,"max_hp_loss":0,"event_name":"Living Wall","floor":11,"gold_loss":0,"cards_upgraded":["Storm"]},{"damage_healed":0,"gold_gain":0,"player_choice":"Ignored","damage_taken":0,"max_hp_gain":0,"max_hp_loss":0,"event_name":"Golden Wing","floor":13,"gold_loss":0}],"is_beta":false,"boss_relics":[{"not_picked":["White Beast Statue","Busted Crown"],"picked":"Calling Bell"}],"items_purged_floors":[],"is_endless":false,"potions_floor_spawned":[4,7,8,10,21],"killed_by":"Gremlin Leader","ascension_level":0}