{"gold_per_floor":[122,149,173,185,211,223,253,265,355,367,390,422,384,412,424,538,550,577,601,623,635,659,671,700,712,724,646,658,402,422,437,437,541,541,555,167,185,30,30,30,30,30,30,30,30,57,57,404,404,404,404,404,17,44,44],"floor_reached":55,"playtime":3131,"items_purged":["Defend_G"],"score":739,"play_id":"44535ab6-0136-4c6c-81b0-8f96792d3f6b","local_time":"20190312003200","is_ascension_mode":false,"campfire_choices":[{"data":"Neutralize","floor":6,"key":"SMITH"},{"data":"Cloak And Dagger","floor":8,"key":"SMITH"},{"data":"Dagger Spray","floor":10,"key":"SMITH"},{"data":"Cloak And Dagger","floor":15,"key":"SMITH"},{"data":"Cloak And Dagger","floor":23,"key":"SMITH"},{"data":"Footwork","floor":25,"key":"SMITH"},{"data":"Adrenaline","floor":28,"key":"SMITH"},{"data":"Finisher","floor":32,"key":"SMITH"},{"data":"A Thousand Cuts","floor":40,"key":"SMITH"},{"data":"Accuracy","floor":42,"key":"SMITH"},{"floor":45,"key":"RECALL"},{"data":"Backflip","floor":47,"key":"SMITH"},{"data":"Finisher","floor":49,"key":"SMITH"},{"data":"Panacea","floor":52,"key":"SMITH"}],"neow_cost":"NONE","seed_source_timestamp":1415322825060157,"circlet_count":0,"master_deck":["Defend_G","Defend_G","Defend_G","Survivor+1","Neutralize+1","Dagger Spray+1","Deflect","Cloak And Dagger+1","Finisher+1","Finisher+1","Cloak And Dagger+1","After Image","Cloak And Dagger+1","Adrenaline+1","Blade Dance+1","PiercingWail","Dash+1","Bite","Bite","Bite","Bite","Footwork+1","Decay","Terror+1","Backflip+1","A Thousand Cuts+1","Panacea+1","Expertise","Blur","Accuracy+1","Shame","Blur+1","Cloak And Dagger+1","Infinite Blades","PiercingWail+1"],"relics":["Ring of the Snake","MawBank","Tingsha","Mercury Hourglass","Cursed Key","HandDrill","Coffee Dripper","WingedGreaves","Vajra","Bottled Lightning","Pear","Old Coin","Medical Kit","The Specimen"],"potions_floor_usage":[24,33,33,50,50,55,55,55],"damage_taken":[{"damage":0,"enemies":"2 Louse","floor":1,"turns":3},{"damage":0,"enemies":"Jaw Worm","floor":2,"turns":4},{"damage":0,"enemies":"Small Slimes","floor":3,"turns":2},{"damage":1,"enemies":"Exordium Thugs","floor":5,"turns":5},{"damage":11,"enemies":"Large Slime","floor":7,"turns":8},{"damage":0,"enemies":"Looter","floor":11,"turns":2},{"damage":6,"enemies":"Exordium Thugs","floor":12,"turns":4},{"damage":0,"enemies":"Large Slime","floor":14,"turns":5},{"damage":10,"enemies":"The Guardian","floor":16,"turns":11},{"damage":0,"enemies":"3 Byrds","floor":18,"turns":4},{"damage":1,"enemies":"2 Thieves","floor":19,"turns":3},{"damage":2,"enemies":"Shelled Parasite and Fungi","floor":20,"turns":3},{"damage":13,"enemies":"Snake Plant","floor":22,"turns":4},{"damage":0,"enemies":"Centurion and Healer","floor":24,"turns":3},{"damage":0,"enemies":"Shelled Parasite and Fungi","floor":30,"turns":2},{"damage":1,"enemies":"Snake Plant","floor":31,"turns":4},{"damage":15,"enemies":"Champ","floor":33,"turns":11},{"damage":4,"enemies":"3 Shapes","floor":35,"turns":4},{"damage":1,"enemies":"3 Darklings","floor":37,"turns":3},{"damage":10,"enemies":"Giant Head","floor":46,"turns":7},{"damage":12,"enemies":"2 Orb Walkers","floor":48,"turns":5},{"damage":48,"enemies":"Donu and Deca","floor":50,"turns":10},{"damage":26,"enemies":"Shield and Spear","floor":54,"turns":6},{"damage":49,"enemies":"The Heart","floor":55,"turns":6}],"seed_played":"-5986547481066027329","potions_obtained":[{"floor":2,"key":"Energy Potion"},{"floor":3,"key":"Ancient Potion"},{"floor":11,"key":"Weak Potion"},{"floor":22,"key":"Strength Potion"},{"floor":31,"key":"LiquidBronze"},{"floor":46,"key":"AttackPotion"},{"floor":48,"key":"LiquidBronze"}],"is_trial":false,"path_per_floor":["M","M","M","?","M","R","M","R","T","R","M","M","?","M","R","B",null,"M","M","M","?","M","R","M","R","T","?","R","$","M","M","R","B",null,"M","$","M","$","?","R","$","R","T","?","R","E","R","?","R","B",null,"R","$","E","B"],"character_chosen":"THE_SILENT","items_purchased":["HandDrill","WingedGreaves","Panacea","Blur","Accuracy","Medical Kit","PowerPotion","Dexterity Potion","Infinite Blades"],"campfire_rested":0,"item_purchase_floors":[29,36,36,38,38,53,53,53,53],"current_hp_per_floor":[70,70,70,67,66,66,55,55,55,55,55,49,49,49,49,39,70,70,69,67,49,38,38,46,46,46,46,46,46,48,48,48,42,49,49,49,48,48,48,48,48,48,48,48,48,53,53,41,41,3,59,59,59,39,0],"gold":44,"neow_bonus":"RANDOM_COMMON_RELIC","is_prod":false,"is_daily":false,"chose_seed":false,"campfire_upgraded":13,"win_rate":0,"timestamp":1552321920,"path_taken":["M","M","M","?","M","R","M","R","T","R","M","M","?","M","R","BOSS","M","M","M","?","M","R","M","R","T","?","R","$","?","M","R","BOSS","M","$","M","$","?","R","?","R","T","?","R","E","R","?","R","BOSS","R","$","E","BOSS"],"build_version":"2019-01-23","purchased_purges":1,"victory":false,"max_hp_per_floor":[70,70,70,70,70,70,70,70,70,70,70,70,70,70,70,70,70,70,70,70,49,49,49,49,49,49,49,49,49,49,49,49,49,49,49,49,49,49,49,49,49,49,49,49,49,59,59,59,59,59,59,59,59,59,59],"card_choices":[{"not_picked":["Well Laid Plans","Crippling Poison"],"picked":"Dagger Spray","floor":1},{"not_picked":["Heel Hook","Quick Slash"],"picked":"Deflect","floor":2},{"not_picked":["Acrobatics","Dash"],"picked":"Cloak And Dagger","floor":3},{"not_picked":["Dodge and Roll","Masterful Stab"],"picked":"Finisher","floor":5},{"not_picked":["Outmaneuver","Deadly Poison"],"picked":"Finisher","floor":7},{"not_picked":["All Out Attack","Endless Agony"],"picked":"Cloak And Dagger","floor":11},{"not_picked":["Expertise","Underhanded Strike"],"picked":"After Image","floor":12},{"not_picked":["Underhanded Strike","Sucker Punch"],"picked":"Cloak And Dagger","floor":14},{"not_picked":["Venomology","Malaise"],"picked":"Adrenaline","floor":16},{"not_picked":["Predator+1","Deadly Poison"],"picked":"Blade Dance+1","floor":18},{"not_picked":["Outmaneuver+1","Concentrate+1"],"picked":"PiercingWail","floor":19},{"not_picked":["Sucker Punch","Deadly Poison"],"picked":"Dash+1","floor":20},{"not_picked":["Dodge and Roll","Slice","Underhanded Strike"],"picked":"SKIP","floor":22},{"not_picked":["Bouncing Flask","Dagger Throw+1"],"picked":"Footwork","floor":24},{"not_picked":["Reflex","Setup+1"],"picked":"Terror+1","floor":30},{"not_picked":["Well Laid Plans","Bane+1"],"picked":"Backflip","floor":31},{"not_picked":["Unload","Die Die Die"],"picked":"A Thousand Cuts","floor":33},{"not_picked":["Outmaneuver+1","Underhanded Strike","Flying Knee"],"picked":"SKIP","floor":35},{"not_picked":["Dodge and Roll+1","Predator"],"picked":"Expertise","floor":37},{"not_picked":["Accuracy","Infinite Blades+1"],"picked":"Blur+1","floor":46},{"not_picked":["Bane","Riddle With Holes+1"],"picked":"Cloak And Dagger+1","floor":48},{"not_picked":["Slice+1","Deflect"],"picked":"PiercingWail+1","floor":54}],"player_experience":814531,"relics_obtained":[{"floor":9,"key":"Mercury Hourglass"},{"floor":39,"key":"Vajra"},{"floor":43,"key":"Bottled Lightning"},{"floor":46,"key":"Pear"},{"floor":48,"key":"Old Coin"},{"floor":54,"key":"The Specimen"}],"event_choices":[{"damage_healed":0,"gold_gain":0,"player_choice":"Success","damage_taken":3,"relics_obtained":["Tingsha"],"max_hp_gain":0,"max_hp_loss":0,"event_name":"Scrap Ooze","floor":4,"gold_loss":0},{"cards_removed":["Strike_G"],"damage_healed":0,"gold_gain":0,"player_choice":"Card Removal","damage_taken":0,"max_hp_gain":0,"max_hp_loss":0,"event_name":"The Cleric","floor":13,"gold_loss":50},{"damage_healed":0,"gold_gain":0,"player_choice":"Became a vampire","damage_taken":0,"max_hp_gain":0,"max_hp_loss":21,"event_name":"Vampires","floor":21,"gold_loss":0,"cards_obtained":["Bite","Bite","Bite","Bite","Bite"]},{"cards_removed":["Defend_G"],"damage_healed":0,"gold_gain":0,"player_choice":"Upgrade and Remove","damage_taken":0,"max_hp_gain":0,"max_hp_loss":0,"event_name":"Designer","floor":27,"gold_loss":90,"cards_upgraded":["Survivor"]},{"damage_healed":0,"gold_gain":0,"player_choice":"Relic","damage_taken":0,"max_hp_gain":0,"max_hp_loss":0,"event_name":"Wheel of Change","floor":39,"gold_loss":0},{"cards_removed":["Bite"],"damage_healed":0,"gold_gain":0,"player_choice":"Removed Attack","damage_taken":0,"max_hp_gain":0,"max_hp_loss":0,"event_name":"Falling","floor":44,"gold_loss":0},{"damage_healed":0,"gold_gain":0,"player_choice":"Fight","damage_taken":0,"max_hp_gain":0,"max_hp_loss":0,"event_name":"Mysterious Sphere","floor":48,"gold_loss":0}],"is_beta":false,"boss_relics":[{"not_picked":["Tiny House","Ectoplasm"],"picked":"Cursed Key"},{"not_picked":["Fusion Hammer","White Beast Statue"],"picked":"Coffee Dripper"}],"items_purged_floors":[29],"is_endless":false,"potions_floor_spawned":[2,3,11,16,22,31,46,48,54],"killed_by":"The Heart","ascension_level":0}