{"gold_per_floor":[118,138,156,156,173,173,189,217,217,236,246,281,281,281,281,384,384,398,398,398,219,230,256,256,273,298,198,213,213,213,213,213,312,312,326,344,344,356,375,375,126,126,152,152,168,168,168],"floor_reached":47,"playtime":1567,"items_purged":["Strike_R","Strike_R"],"score":609,"play_id":"7e8e79af-d95e-4223-b831-85b00803f8e2","local_time":"20190106142916","is_ascension_mode":true,"campfire_choices":[{"data":"Armaments","floor":6,"key":"SMITH"},{"floor":13,"key":"REST"},{"data":"Demon Form","floor":15,"key":"SMITH"},{"data":"Armaments","floor":24,"key":"SMITH"},{"floor":29,"key":"REST"},{"data":"Metallicize","floor":32,"key":"SMITH"},{"data":"Ghostly","floor":40,"key":"SMITH"},{"data":"Ghostly","floor":44,"key":"SMITH"},{"data":"Ghostly","floor":46,"key":"SMITH"}],"neow_cost":"TEN_PERCENT_HP_LOSS","seed_source_timestamp":536319285997000,"circlet_count":0,"master_deck":["Strike_R","Strike_R","Strike_R","Defend_R","Defend_R+1","Defend_R","Defend_R+1","Bash","Demon Form+1","Cleave","Armaments+1","Twin Strike","Spot Weakness","Shrug It Off","Immolate","Metallicize+1","Whirlwind","Pummel","Armaments+1","Flex+1","Pommel Strike","Ghostly+1","Ghostly+1","Ghostly","Ghostly","Ghostly+1","Warcry","Limit Break","Impervious","Doubt","Regret","Injury","Discovery","Iron Wave+1","Shrug It Off","Feed","Fiend Fire"],"relics":["Burning Blood","War Paint","Odd Mushroom","Ancient Tea Set","Self Forming Clay","Bottled Tornado","Sozu","Letter Opener","Boot","Calling Bell","Lantern","The Courier","Nunchaku","Membership Card","GremlinMask","Bag of Marbles"],"potions_floor_usage":[12,16,25,33],"damage_taken":[{"damage":0,"enemies":"Small Slimes","floor":1,"turns":3},{"damage":11,"enemies":"Jaw Worm","floor":2,"turns":4},{"damage":5,"enemies":"Cultist","floor":3,"turns":4},{"damage":1,"enemies":"Large Slime","floor":5,"turns":7},{"damage":8,"enemies":"Exordium Wildlife","floor":7,"turns":5},{"damage":20,"enemies":"The Mushroom Lair","floor":8,"turns":6},{"damage":15,"enemies":"Exordium Thugs","floor":10,"turns":5},{"damage":8,"enemies":"Blue Slaver","floor":11,"turns":4},{"damage":32,"enemies":"Gremlin Nob","floor":12,"turns":4},{"damage":11,"enemies":"Hexaghost","floor":16,"turns":7},{"damage":4,"enemies":"Chosen","floor":18,"turns":4},{"damage":12,"enemies":"3 Byrds","floor":22,"turns":3},{"damage":29,"enemies":"Gremlin Leader","floor":23,"turns":5},{"damage":15,"enemies":"Shelled Parasite and Fungi","floor":25,"turns":2},{"damage":15,"enemies":"Chosen and Byrds","floor":28,"turns":6},{"damage":7,"enemies":"Champ","floor":33,"turns":9},{"damage":4,"enemies":"3 Shapes","floor":35,"turns":6},{"damage":13,"enemies":"Orb Walker","floor":36,"turns":4},{"damage":23,"enemies":"3 Darklings","floor":38,"turns":2},{"damage":5,"enemies":"Spire Growth","floor":39,"turns":4},{"damage":6,"enemies":"Transient","floor":45,"turns":5},{"damage":21,"enemies":"Jaw Worm Horde","floor":47,"turns":2}],"seed_played":"-3501259598781742797","potions_obtained":[{"floor":2,"key":"Poison Potion"},{"floor":5,"key":"Dexterity Potion"},{"floor":12,"key":"Regen Potion"},{"floor":16,"key":"SteroidPotion"}],"is_trial":false,"path_per_floor":["M","M","M","?","M","R","M","?","T","M","M","E","R","T","R","B",null,"M","?","?","$","M","E","R","M","T","$","M","R","?","?","R","B",null,"M","M","?","M","M","R","$","?","T","R","M","R","M"],"character_chosen":"IRONCLAD","items_purchased":["Pummel","Armaments","Membership Card","Feed","Fiend Fire"],"campfire_rested":2,"item_purchase_floors":[21,21,41,41,41],"current_hp_per_floor":[72,67,68,61,66,66,64,50,50,41,39,13,34,34,34,44,65,67,67,54,54,48,25,25,16,16,16,7,30,30,30,30,29,36,38,31,31,14,15,15,15,15,15,15,15,15,0],"gold":168,"neow_bonus":"THREE_RARE_CARDS","is_prod":false,"is_daily":false,"chose_seed":false,"campfire_upgraded":7,"win_rate":0,"timestamp":1546781356,"path_taken":["M","M","M","?","M","R","M","?","T","?","M","E","R","?","R","BOSS","M","?","?","?","?","E","R","M","T","$","M","R","?","?","R","BOSS","M","?","?","M","M","R","$","?","T","R","M","R","?"],"build_version":"2019-01-03v4","purchased_purges":2,"victory":false,"max_hp_per_floor":[72,72,72,72,72,72,72,72,72,72,72,72,72,72,72,72,72,72,72,77,77,77,77,77,77,77,77,77,77,38,38,38,38,38,38,38,38,38,38,38,38,38,38,38,38,38,38],"card_choices":[{"not_picked":["Dark Embrace","Exhume"],"picked":"Demon Form","floor":0},{"not_picked":["Body Slam","Power Through","Pommel Strike"],"picked":"SKIP","floor":1},{"not_picked":["Warcry","Havoc"],"picked":"Cleave","floor":2},{"not_picked":["Bloodletting","Sever Soul","Blood for Blood"],"picked":"SKIP","floor":3},{"not_picked":["Pommel Strike","Second Wind"],"picked":"Armaments","floor":5},{"not_picked":["Dark Embrace","Entrench","Warcry"],"picked":"SKIP","floor":7},{"not_picked":["Warcry","Anger"],"picked":"Twin Strike","floor":8},{"not_picked":["Havoc","Feel No Pain"],"picked":"Spot Weakness","floor":10},{"not_picked":["Rampage","Fire Breathing","Infernal Blade"],"picked":"SKIP","floor":11},{"not_picked":["Headbutt","Corruption"],"picked":"Shrug It Off","floor":12},{"not_picked":["Juggernaut","Barricade"],"picked":"Immolate","floor":16},{"not_picked":["Rampage+1","Flex"],"picked":"Metallicize","floor":18},{"not_picked":["Pommel Strike+1","Warcry+1"],"picked":"Flex+1","floor":22},{"not_picked":["Body Slam+1","Feel No Pain"],"picked":"Pommel Strike","floor":23},{"not_picked":["Thunderclap","Infernal Blade","Juggernaut"],"picked":"SKIP","floor":25},{"not_picked":["Sentinel","Flex","Dropkick+1"],"picked":"SKIP","floor":28},{"not_picked":["Dark Embrace","Limit Break"],"picked":"Impervious","floor":33},{"not_picked":["Cleave","Flex+1","Whirlwind+1"],"picked":"SKIP","floor":35},{"not_picked":["Combust","Twin Strike","Carnage+1"],"picked":"SKIP","floor":36},{"not_picked":["Jack Of All Trades","Dark Shackles"],"picked":"Discovery","floor":37},{"not_picked":["Perfected Strike","Cleave+1"],"picked":"Iron Wave+1","floor":38},{"not_picked":["Intimidate+1","Havoc"],"picked":"Shrug It Off","floor":39},{"not_picked":["Flex","Havoc","Pommel Strike+1"],"picked":"SKIP","floor":45}],"player_experience":341871,"relics_obtained":[{"floor":8,"key":"Odd Mushroom"},{"floor":9,"key":"Ancient Tea Set"},{"floor":12,"key":"Self Forming Clay"},{"floor":14,"key":"Bottled Tornado"},{"floor":23,"key":"Letter Opener"},{"floor":26,"key":"Boot"},{"floor":34,"key":"Lantern"},{"floor":34,"key":"The Courier"},{"floor":34,"key":"Nunchaku"},{"floor":43,"key":"Bag of Marbles"}],"event_choices":[{"damage_healed":0,"gold_gain":0,"player_choice":"Success","damage_taken":7,"relics_obtained":["War Paint"],"max_hp_gain":0,"max_hp_loss":0,"event_name":"Scrap Ooze","floor":4,"gold_loss":0},{"damage_healed":0,"gold_gain":0,"player_choice":"Fought Mushrooms","damage_taken":0,"max_hp_gain":0,"max_hp_loss":0,"event_name":"Mushrooms","floor":8,"gold_loss":0},{"damage_healed":0,"gold_gain":0,"player_choice":"Read","damage_taken":0,"max_hp_gain":0,"max_hp_loss":0,"event_name":"The Library","floor":19,"gold_loss":0,"cards_obtained":["Whirlwind"]},{"damage_healed":0,"gold_gain":0,"player_choice":"Shed Blood","damage_taken":18,"max_hp_gain":5,"max_hp_loss":0,"event_name":"Forgotten Altar","floor":20,"gold_loss":0},{"damage_healed":0,"gold_gain":0,"player_choice":"Became a Ghost","damage_taken":0,"max_hp_gain":0,"max_hp_loss":39,"event_name":"Ghosts","floor":30,"gold_loss":0,"cards_obtained":["Ghostly","Ghostly","Ghostly","Ghostly","Ghostly"]},{"damage_healed":0,"gold_gain":0,"player_choice":"2 cards matched","damage_taken":0,"max_hp_gain":0,"max_hp_loss":0,"event_name":"Match and Keep!","floor":31,"gold_loss":0,"cards_obtained":["Warcry","Limit Break"]},{"damage_healed":0,"gold_gain":0,"player_choice":"Memory 1","damage_taken":0,"max_hp_gain":0,"max_hp_loss":0,"event_name":"SensoryStone","floor":37,"gold_loss":0},{"damage_healed":0,"gold_gain":0,"player_choice":"Trade","damage_taken":0,"relics_obtained":["GremlinMask"],"max_hp_gain":0,"max_hp_loss":0,"event_name":"FaceTrader","floor":42,"gold_loss":0}],"is_beta":false,"boss_relics":[{"not_picked":["Orrery","Runic Cube"],"picked":"Sozu"},{"not_picked":["Tiny House","Lizard Tail"],"picked":"Calling Bell"}],"items_purged_floors":[21,27],"is_endless":false,"potions_floor_spawned":[2,5,12,16,18,25,33,36,45],"killed_by":"Jaw Worm Horde","ascension_level":5}