{"path_per_floor":["M","M","M","?","M","R","?","E","T","R","M","R","M","?","R","B",null,"M","?","?","M","$","M","M","?","T","M","R","$","?","$","R"],"character_chosen":"IRONCLAD","items_purchased":["Apotheosis","War Paint"],"gold_per_floor":[117,130,149,149,168,168,243,277,277,277,290,290,304,304,304,399,399,412,312,312,322,0,12,23,23,46,56,56,56,56,56,56],"floor_reached":33,"campfire_rested":2,"playtime":1309,"current_hp_per_floor":[80,79,80,80,70,70,70,58,58,58,64,64,62,46,70,37,80,80,80,65,61,61,48,36,36,36,44,69,69,53,53,53],"items_purged":[],"gold":56,"score":247,"play_id":"e15b9ecf-878f-46ed-bbdb-5b2070b707ff","local_time":"20180317225106","is_prod":false,"is_daily":false,"is_ascension_mode":false,"campfire_upgraded":4,"timestamp":1521298266,"path_taken":["M","M","M","?","?","R","?","E","T","R","M","R","M","?","R","BOSS","M","?","?","?","$","M","M","?","T","M","R","$","?","?","R","BOSS"],"build_version":"2018-03-15v2","purchased_purges":0,"victory":false,"master_deck":["Strike_R","Strike_R","Strike_R","Strike_R","Strike_R","Defend_R","Defend_R","Defend_R+1","Defend_R+1","Bash+1","Double Tap+1","Pommel Strike+1","Infernal Blade","Inflame","Headbutt","Shrug It Off+1","Metallicize","Offering+1","Pommel Strike+1","J.A.X.","Headbutt+1","Apotheosis+1","Blood for Blood+1","Whirlwind","Offering"],"max_hp_per_floor":[80,80,80,80,80,80,80,80,80,80,80,80,80,80,80,80,80,80,80,85,85,85,85,85,85,85,85,85,85,85,85,85],"relics":["Burning Blood","Prayer Wheel","Lantern","Oddly Smooth Stone","Velvet Choker","War Paint","Juzu Bracelet","Nilry\u0027s Codex"],"card_choices":[{"not_picked":["Havoc","Anger"],"picked":"Double Tap"},{"not_picked":["Warcry","Sentinel"],"picked":"Pommel Strike"},{"not_picked":["Clothesline","Thunderclap"],"picked":"Infernal Blade"},{"not_picked":["Berserk","Flex"],"picked":"Inflame"},{"not_picked":["Sever Soul","Clash"],"picked":"Headbutt"},{"not_picked":["Warcry","Disarm"],"picked":"Shrug It Off"},{"not_picked":["Flex","Body Slam"],"picked":"Metallicize"},{"not_picked":["Double Tap","Immolate"],"picked":"Offering"},{"not_picked":["Ghostly Armor","Iron Wave"],"picked":"Pommel Strike"},{"not_picked":["Cleave","Rage"],"picked":"Headbutt"},{"not_picked":["Flex","Second Wind"],"picked":"Blood for Blood"},{"not_picked":["Flex","True Grit"],"picked":"Whirlwind"},{"not_picked":["Feel No Pain","Second Wind"],"picked":"Offering"}],"player_experience":332709,"potions_floor_usage":[8,16,27,33],"damage_taken":[{"damage":3,"enemies":"2 Louse","floor":1,"turns":4},{"damage":7,"enemies":"Small Slimes","floor":2,"turns":4},{"damage":0,"enemies":"Cultist","floor":3,"turns":2},{"damage":16,"enemies":"Exordium Wildlife","floor":5,"turns":4},{"damage":18,"enemies":"3 Sentries","floor":8,"turns":6},{"damage":0,"enemies":"3 Louse","floor":11,"turns":3},{"damage":8,"enemies":"Gremlin Gang","floor":13,"turns":4},{"damage":39,"enemies":"The Guardian","floor":16,"turns":11},{"damage":6,"enemies":"Spheric Guardian","floor":18,"turns":4},{"damage":10,"enemies":"Shell Parasite","floor":21,"turns":4},{"damage":19,"enemies":"Snake Plant","floor":23,"turns":3},{"damage":18,"enemies":"Sentry and Sphere","floor":24,"turns":5},{"damage":4,"enemies":"Chosen and Byrds","floor":27,"turns":3},{"damage":53,"enemies":"Champ","floor":33,"turns":7}],"event_choices":[{"event_name":"Liars Game","player_choice":"disagreed","floor":4,"damage_taken":0},{"event_name":"Golden Wing","player_choice":"Gained Gold","floor":7,"damage_taken":0},{"event_name":"Shining Light","player_choice":"Entered Light","floor":14,"damage_taken":0},{"event_name":"Drug Dealer","player_choice":"Got JAXXED","floor":19,"damage_taken":0},{"event_name":"Forgotten Altar","player_choice":"Shed Blood","floor":20,"damage_taken":0},{"event_name":"Beggar","player_choice":"Ignored","floor":25,"damage_taken":0},{"event_name":"Cursed Tome","player_choice":"Obtained Book","floor":30,"damage_taken":0}],"boss_relics":[{"not_picked":["Pandora\u0027s Box","Black Blood"],"picked":"Velvet Choker"}],"potions_floor_spawned":[1,3,5,13,16,24],"seed_played":"7075982102273515990","killed_by":"Champ","ascension_level":0,"is_trial":false}