{"gold_per_floor":[114,129,141,40,40,68,68,80,80,107,122,122,142,153,153,249,249],"floor_reached":17,"playtime":753,"items_purged":["Strike_G"],"score":220,"play_id":"3f53ee6e-4c91-4409-89bc-2869d875b618","local_time":"20190419185017","is_ascension_mode":true,"campfire_choices":[{"floor":7.0,"key":"REST"},{"floor":12,"key":"REST"},{"floor":15,"key":"REST"}],"neow_cost":"NONE","seed_source_timestamp":32126348097102,"circlet_count":0,"master_deck":["Survivor","Neutralize","Well Laid Plans","Backstab","Blade Dance","Deflect","Wraith Form v2","Prepared","Terror","Blur","Night Terror","Backflip","Tools of the Trade"],"special_seed":0,"relics":["Cursed Key","Mercury Hourglass","Orichalcum","Pandora\u0027s Box"],"potions_floor_usage":[16,16],"damage_taken":[{"damage":0.0,"enemies":"2 Louse","floor":1.0,"turns":3.0},{"damage":4.0,"enemies":"Cultist","floor":2.0,"turns":5.0},{"damage":0.0,"enemies":"Small Slimes","floor":3.0,"turns":3.0},{"damage":23.0,"enemies":"Gremlin Nob","floor":6.0,"turns":7.0},{"damage":4.0,"enemies":"3 Louse","floor":8.0,"turns":2.0},{"damage":52,"enemies":"Lagavulin","floor":10,"turns":9},{"damage":0,"enemies":"Large Slime","floor":11,"turns":6},{"damage":5,"enemies":"Looter","floor":13,"turns":3},{"damage":1,"enemies":"Red Slaver","floor":14,"turns":4},{"damage":13,"enemies":"Slime Boss","floor":16,"turns":10}],"seed_played":"-1269483039738436794","potions_obtained":[{"floor":2.0,"key":"Block Potion"},{"floor":3.0,"key":"PowerPotion"},{"floor":6.0,"key":"Block Potion"},{"floor":11,"key":"Dexterity Potion"},{"floor":13,"key":"PowerPotion"}],"is_trial":false,"path_per_floor":["M","M","M","$","?","E","R","M","T","E","M","R","M","M","R","B",null],"character_chosen":"THE_SILENT","items_purchased":["Deflect"],"campfire_rested":3,"item_purchase_floors":[4],"current_hp_per_floor":[63,59,59,59,59,36,57,53,53,1,1,22,17,16,37,24,24],"gold":249,"neow_bonus":"BOSS_RELIC","is_prod":false,"is_daily":false,"chose_seed":false,"campfire_upgraded":0,"win_rate":0,"timestamp":1555667417,"path_taken":["M","M","M","$","?","E","R","M","T","E","M","R","?","M","R","BOSS"],"build_version":"2019-01-23","purchased_purges":1,"victory":false,"max_hp_per_floor":[70,70,70,70,70,70,70,70,70,70,70,70,70,70,70,70,70],"card_choices":[{"not_picked":["Deadly Poison","Concentrate"],"picked":"Well Laid Plans","floor":1.0},{"not_picked":["Poisoned Stab","Dagger Spray"],"picked":"Backstab","floor":2.0},{"not_picked":["PiercingWail","Backstab"],"picked":"Blade Dance","floor":3.0},{"not_picked":["Deflect","Setup","Unload"],"picked":"SKIP","floor":6.0},{"not_picked":["Quick Slash","Flechettes"],"picked":"Prepared","floor":8.0},{"not_picked":["Poisoned Stab","Dagger Throw"],"picked":"Terror","floor":10},{"not_picked":["Bane","Underhanded Strike"],"picked":"Blur","floor":11},{"not_picked":["Dodge and Roll","Quick Slash"],"picked":"Night Terror","floor":13},{"not_picked":["Flying Knee","Dagger Spray"],"picked":"Backflip","floor":14},{"not_picked":["Phantasmal Killer","Glass Knife"],"picked":"Tools of the Trade","floor":16}],"player_experience":643724,"relics_obtained":[{"floor":6.0,"key":"Mercury Hourglass"},{"floor":10,"key":"Orichalcum"}],"event_choices":[{"damage_healed":0.0,"max_hp_gain":0.0,"max_hp_loss":0.0,"gold_gain":0.0,"cards_transformed":["Strike_G"],"event_name":"Transmorgrifier","player_choice":"Transformed","floor":5.0,"gold_loss":0.0,"damage_taken":0.0,"cards_obtained":["Wraith Form v2"]}],"is_beta":false,"boss_relics":[{"not_picked":["Runic Dome","Philosopher\u0027s Stone"],"picked":"Pandora\u0027s Box"}],"items_purged_floors":[4],"is_endless":false,"potions_floor_spawned":[2,3,6,11,13,14],"ascension_level":6}