{"gold_per_floor":[110,121,135,135,145,145,165,183,208,208,69,69,84,7,7,105,105,124,124,57,75,75,75,0,0],"floor_reached":25,"playtime":865,"items_purged":["Strike_G"],"score":292,"play_id":"04e1d3e4-5af8-45d0-9ead-16715396277c","local_time":"20190407234723","is_ascension_mode":true,"campfire_choices":[{"data":"Bane","floor":6,"key":"SMITH"},{"data":"Deadly Poison","floor":10,"key":"SMITH"},{"data":"Adrenaline","floor":15,"key":"SMITH"},{"data":"Burst","floor":23,"key":"SMITH"}],"neow_cost":"NONE","seed_source_timestamp":115028696109584,"circlet_count":0,"master_deck":["Defend_G","Defend_G","Defend_G","Defend_G","Defend_G","Strike_G","Strike_G","Strike_G","Survivor","Neutralize+1","Deadly Poison+1","Bane+1","Flying Knee","Outmaneuver","Dagger Spray","Quick Slash","Die Die Die","Parasite","Adrenaline+1","Burst+1","Escape Plan","Crippling Poison","Footwork","PiercingWail"],"relics":["Ring of the Snake","Art of War","Coffee Dripper"],"potions_floor_usage":[16,21,22,25],"damage_taken":[{"damage":0,"enemies":"Cultist","floor":1,"turns":4},{"damage":1,"enemies":"Small Slimes","floor":2,"turns":4},{"damage":1,"enemies":"Jaw Worm","floor":3,"turns":3},{"damage":4,"enemies":"Looter","floor":5,"turns":3},{"damage":1,"enemies":"3 Louse","floor":7,"turns":5},{"damage":5,"enemies":"Exordium Wildlife","floor":8,"turns":4},{"damage":8,"enemies":"Looter","floor":13,"turns":3},{"damage":0,"enemies":"Slime Boss","floor":16,"turns":7},{"damage":11,"enemies":"2 Thieves","floor":18,"turns":2},{"damage":8,"enemies":"Shell Parasite","floor":21,"turns":5},{"damage":13,"enemies":"Colosseum Slavers","floor":22,"turns":5},{"damage":32,"enemies":"Book of Stabbing","floor":25,"turns":7}],"seed_played":"34501335615308419","potions_obtained":[{"floor":2,"key":"Poison Potion"},{"floor":7,"key":"AttackPotion"},{"floor":8,"key":"Block Potion"},{"floor":18,"key":"SpeedPotion"},{"floor":21,"key":"LiquidBronze"}],"is_trial":false,"path_per_floor":["M","M","M","?","M","R","M","M","T","R","$","?","M","$","R","B",null,"M","?","$","M","?","R","$","E"],"character_chosen":"THE_SILENT","items_purchased":["Die Die Die","Adrenaline","Footwork"],"campfire_rested":0,"item_purchase_floors":[11,14,20],"current_hp_per_floor":[70,69,68,68,64,64,63,58,58,58,58,70,62,62,62,62,70,59,59,59,51,38,38,38,6],"gold":0,"neow_bonus":"UPGRADE_CARD","is_prod":false,"is_daily":false,"chose_seed":false,"campfire_upgraded":4,"win_rate":0,"timestamp":1554652043,"path_taken":["M","M","M","?","M","R","?","M","T","R","?","?","?","$","R","BOSS","M","?","$","M","?","R","?","E"],"build_version":"2019-01-23","purchased_purges":1,"victory":false,"max_hp_per_floor":[70,70,70,70,70,70,70,70,70,70,70,70,70,70,70,70,70,70,70,70,70,70,70,70,70],"card_choices":[{"not_picked":["Prepared","Skewer"],"picked":"Deadly Poison","floor":1},{"not_picked":["Outmaneuver","Expertise"],"picked":"Bane","floor":2},{"not_picked":["Slice","Deflect"],"picked":"Flying Knee","floor":3},{"not_picked":["Skewer","PiercingWail"],"picked":"Outmaneuver","floor":5},{"not_picked":["Deflect","PiercingWail"],"picked":"Dagger Spray","floor":7},{"not_picked":["Skewer","Deflect"],"picked":"Quick Slash","floor":8},{"not_picked":["Sucker Punch","Leg Sweep","Accuracy"],"picked":"SKIP","floor":13},{"not_picked":["Venomology","Bullet Time"],"picked":"Burst","floor":16},{"not_picked":["Flechettes","Poisoned Stab"],"picked":"Escape Plan","floor":18},{"not_picked":["Poisoned Stab+1","Deadly Poison"],"picked":"PiercingWail","floor":21}],"player_experience":951985,"relics_obtained":[{"floor":9,"key":"Art of War"}],"event_choices":[{"cards_removed":["Strike_G"],"damage_healed":0,"gold_gain":0,"player_choice":"Card Removal","damage_taken":0,"max_hp_gain":0,"max_hp_loss":0,"event_name":"Wheel of Change","floor":4,"gold_loss":0},{"damage_healed":17,"gold_gain":0,"player_choice":"Healed and dodged fight","damage_taken":0,"max_hp_gain":0,"max_hp_loss":0,"event_name":"Mushrooms","floor":12,"gold_loss":0,"cards_obtained":["Parasite"]},{"damage_healed":0,"gold_gain":0,"player_choice":"Read","damage_taken":0,"max_hp_gain":0,"max_hp_loss":0,"event_name":"The Library","floor":19,"gold_loss":0,"cards_obtained":["Crippling Poison"]},{"damage_healed":0,"gold_gain":0,"player_choice":"Fight","damage_taken":0,"max_hp_gain":0,"max_hp_loss":0,"event_name":"Colosseum","floor":22,"gold_loss":0},{"damage_healed":0,"gold_gain":0,"player_choice":"Fled From Nobs","damage_taken":0,"max_hp_gain":0,"max_hp_loss":0,"event_name":"Colosseum","floor":22,"gold_loss":0}],"is_beta":false,"boss_relics":[{"not_picked":["Tiny House","Eternal Feather"],"picked":"Coffee Dripper"}],"items_purged_floors":[24],"is_endless":false,"potions_floor_spawned":[2,7,8,18,21],"killed_by":"Book of Stabbing","ascension_level":4}