{"gold_per_floor":[116,116,131,21,34,34,109,109,135,115,131,131,7,20,20,124,124,143,46,46,46,65,65,92,107,107,68,100,0,13,24,24,24],"floor_reached":33,"playtime":3209,"items_purged":["Strike_G","Strike_G"],"score":255,"play_id":"d1105d5b-76c2-46bf-b819-bcaa75a1cd0c","local_time":"20190213202513","is_ascension_mode":false,"campfire_choices":[{"data":"Footwork","floor":6,"key":"SMITH"},{"data":"Well Laid Plans","floor":8,"key":"SMITH"},{"data":"Poisoned Stab","floor":12,"key":"SMITH"},{"data":"All Out Attack","floor":15,"key":"SMITH"},{"floor":23,"key":"REST"},{"floor":32,"key":"REST"}],"neow_cost":"NONE","seed_source_timestamp":62559662322600,"circlet_count":0,"master_deck":["Defend_G","Defend_G","Defend_G","Defend_G","Defend_G","Strike_G","Strike_G","Strike_G","Survivor","Neutralize+1","Well Laid Plans+1","Regret","All Out Attack+1","Footwork+1","Blade Dance","Poisoned Stab+1","Bullet Time","Bane","Bane","Venomology","Outmaneuver+1","Acrobatics","Noxious Fumes","Deadly Poison","Endless Agony","Envenom","Infinite Blades","Eviscerate+1","Caltrops","Blade Dance+1"],"relics":["Ring of the Snake","Bird Faced Urn","PreservedInsect","Velvet Choker","Vajra","Anchor","Mummified Hand","Red Mask"],"potions_floor_usage":[16,16,16,18,22,24,24,25,28,28,30,33,33,33,33,33,33],"damage_taken":[{"damage":0,"enemies":"Small Slimes","floor":1,"turns":4},{"damage":2,"enemies":"Jaw Worm","floor":3,"turns":6},{"damage":6,"enemies":"Cultist","floor":5,"turns":5},{"damage":0,"enemies":"Exordium Thugs","floor":11,"turns":5},{"damage":3,"enemies":"3 Louse","floor":14,"turns":2},{"damage":34,"enemies":"Hexaghost","floor":16,"turns":9},{"damage":20,"enemies":"Chosen","floor":18,"turns":7},{"damage":19,"enemies":"Shell Parasite","floor":22,"turns":5},{"damage":26,"enemies":"Slavers","floor":24,"turns":6},{"damage":4,"enemies":"Shelled Parasite and Fungi","floor":25,"turns":6},{"damage":6,"enemies":"Masked Bandits","floor":28,"turns":5},{"damage":19,"enemies":"Cultist and Chosen","floor":30,"turns":5},{"damage":32,"enemies":"Snecko","floor":31,"turns":4},{"damage":70,"enemies":"Collector","floor":33,"turns":7}],"seed_played":"-1775076356132213560","potions_obtained":[{"floor":3,"key":"Fire Potion"},{"floor":10,"key":"LiquidBronze"},{"floor":11,"key":"EntropicBrew"},{"floor":16,"key":"PowerPotion"},{"floor":22,"key":"Regen Potion"},{"floor":24,"key":"GamblersBrew"},{"floor":31,"key":"Explosive Potion"}],"is_trial":false,"path_per_floor":["M","?","M","$","M","R","?","R","T","?","M","R","$","M","R","B",null,"M","$","T","$","M","R","E","M","T","$","?","$","M","M","R","B"],"character_chosen":"THE_SILENT","items_purchased":["Footwork","Bullet Time","Bane","Acrobatics","Noxious Fumes","Infinite Blades"],"campfire_rested":2,"item_purchase_floors":[4,13,13,19,19,27],"current_hp_per_floor":[70,70,68,68,66,66,55,55,55,55,59,59,59,60,60,30,70,56,56,56,56,43,64,58,60,60,60,64,64,51,29,50,0],"gold":24,"neow_bonus":"UPGRADE_CARD","is_prod":false,"is_daily":false,"chose_seed":false,"campfire_upgraded":4,"win_rate":0.0,"timestamp":1550085913,"path_taken":["M","?","M","$","M","R","?","R","T","?","M","R","$","M","R","BOSS","M","$","?","$","M","R","E","M","T","?","?","?","?","M","R","BOSS"],"build_version":"2019-01-23","purchased_purges":2,"victory":false,"max_hp_per_floor":[70,70,70,70,70,70,70,70,70,70,70,70,70,70,70,70,70,70,70,70,70,70,70,70,70,70,70,70,70,70,70,70,70],"card_choices":[{"not_picked":["Dagger Spray","Predator"],"picked":"Well Laid Plans","floor":1},{"not_picked":["Dagger Throw","Well Laid Plans"],"picked":"All Out Attack","floor":3},{"not_picked":["Deflect","Dagger Throw"],"picked":"Blade Dance","floor":5},{"not_picked":["Choke","Dodge and Roll"],"picked":"Poisoned Stab","floor":11},{"not_picked":["Masterful Stab","Eviscerate"],"picked":"Bane","floor":14},{"not_picked":["Tools of the Trade","Glass Knife"],"picked":"Venomology","floor":16},{"not_picked":["Dagger Throw","Backflip"],"picked":"Outmaneuver+1","floor":18},{"not_picked":["Bane+1","Escape Plan"],"picked":"Deadly Poison","floor":22},{"not_picked":["Deflect","Flechettes"],"picked":"Endless Agony","floor":24},{"not_picked":["Dagger Spray","Deadly Poison"],"picked":"Envenom","floor":25},{"not_picked":["Blade Dance","Backstab+1"],"picked":"Eviscerate+1","floor":28},{"not_picked":["Backflip","Dodge and Roll"],"picked":"Caltrops","floor":30},{"not_picked":["Dagger Throw","Sucker Punch"],"picked":"Blade Dance+1","floor":31}],"player_experience":77093,"relics_obtained":[{"floor":9,"key":"PreservedInsect"},{"floor":20,"key":"Vajra"},{"floor":24,"key":"Anchor"},{"floor":26,"key":"Mummified Hand"},{"floor":28,"key":"Red Mask"}],"event_choices":[{"damage_healed":0,"gold_gain":0,"player_choice":"Box","damage_taken":0,"relics_obtained":["Bird Faced Urn"],"max_hp_gain":0,"max_hp_loss":0,"event_name":"Big Fish","floor":2,"gold_loss":0,"cards_obtained":["Regret"]},{"damage_healed":0,"gold_gain":75,"player_choice":"Gather Gold","damage_taken":11,"max_hp_gain":0,"max_hp_loss":0,"event_name":"World of Goop","floor":7,"gold_loss":0},{"damage_healed":0,"gold_gain":0,"player_choice":"Bought 1 Potion","damage_taken":0,"max_hp_gain":0,"max_hp_loss":0,"event_name":"The Woman in Blue","floor":10,"gold_loss":0},{"damage_healed":0,"gold_gain":0,"player_choice":"Fought Bandits","damage_taken":0,"max_hp_gain":0,"max_hp_loss":0,"event_name":"Masked Bandits","floor":28,"gold_loss":0}],"is_beta":false,"boss_relics":[{"not_picked":["Empty Cage","HoveringKite"],"picked":"Velvet Choker"}],"items_purged_floors":[4,29],"is_endless":false,"potions_floor_spawned":[3,11,16,22,24,31],"killed_by":"Collector","ascension_level":0}