{"gold_per_floor":[119,131,141,141,153,180,199,233,233,233,243,243,168,243,243,344,344,354,367,367,367],"floor_reached":21,"playtime":4961,"items_purged":["Strike_G"],"score":239,"play_id":"b0c99719-6f1a-4eb6-9f4d-66b800ff4ed9","local_time":"20190407020339","is_ascension_mode":true,"campfire_choices":[{"floor":10,"key":"REST"},{"floor":12,"key":"REST"},{"floor":15,"key":"REST"}],"neow_cost":"NONE","seed_source_timestamp":85327666577700,"circlet_count":0,"master_deck":["Defend_G","Defend_G","Defend_G","Defend_G","Defend_G","Strike_G","Strike_G","Strike_G","Strike_G","Survivor","Neutralize","Envenom","Deadly Poison","Bouncing Flask","Footwork","All Out Attack","Well Laid Plans","Infinite Blades","Adrenaline","Dodge and Roll","Adrenaline","Footwork+1"],"relics":["Ring of the Snake","Prayer Wheel","Blue Candle","Bottled Tornado","Velvet Choker","Gremlin Horn"],"potions_floor_usage":[7,8,18],"damage_taken":[{"damage":5,"enemies":"Cultist","floor":1,"turns":6},{"damage":0,"enemies":"2 Louse","floor":2,"turns":3},{"damage":5,"enemies":"Jaw Worm","floor":3,"turns":4},{"damage":1,"enemies":"Looter","floor":5,"turns":3},{"damage":20,"enemies":"Lagavulin","floor":6,"turns":6},{"damage":0,"enemies":"Red Slaver","floor":7,"turns":4},{"damage":42,"enemies":"Gremlin Nob","floor":8,"turns":5},{"damage":16,"enemies":"2 Fungi Beasts","floor":11,"turns":3},{"damage":20,"enemies":"The Guardian","floor":16,"turns":11},{"damage":10,"enemies":"3 Byrds","floor":18,"turns":5},{"damage":17,"enemies":"Spheric Guardian","floor":19,"turns":4},{"damage":42,"enemies":"Chosen and Byrds","floor":21,"turns":4}],"seed_played":"4056592142117804323","potions_obtained":[{"floor":1,"key":"SkillPotion"},{"floor":6,"key":"Energy Potion"},{"floor":7,"key":"Swift Potion"},{"floor":16,"key":"Fire Potion"}],"is_trial":false,"path_per_floor":["M","M","M","?","M","E","M","E","T","R","M","R","$","?","R","B",null,"M","M","?","M"],"character_chosen":"THE_SILENT","items_purchased":[],"campfire_rested":3,"item_purchase_floors":[],"current_hp_per_floor":[65,65,60,65,64,44,44,2,2,24,8,30,30,30,52,32,64,54,37,37,0],"gold":367,"neow_bonus":"ONE_RANDOM_RARE_CARD","is_prod":false,"is_daily":false,"chose_seed":false,"campfire_upgraded":0,"win_rate":0,"timestamp":1554595419,"path_taken":["M","?","?","?","M","E","M","E","T","R","M","R","$","?","R","BOSS","M","M","?","M"],"build_version":"2019-01-23","purchased_purges":1,"victory":false,"max_hp_per_floor":[70,70,70,75,75,75,75,75,75,75,75,75,75,75,75,75,75,75,75,75,75],"card_choices":[{"not_picked":["Bouncing Flask","Backflip"],"picked":"Deadly Poison","floor":1},{"not_picked":["Acrobatics","All Out Attack","Dagger Throw"],"picked":"SKIP","floor":2},{"not_picked":["Predator","Dodge and Roll"],"picked":"Bouncing Flask","floor":3},{"not_picked":["Acrobatics","Underhanded Strike","Flechettes"],"picked":"SKIP","floor":5},{"not_picked":["Prepared","Flying Knee"],"picked":"Footwork","floor":6},{"not_picked":["Dagger Spray","Blade Dance"],"picked":"All Out Attack","floor":7},{"not_picked":["Endless Agony","Flechettes","Accuracy"],"picked":"SKIP","floor":7},{"not_picked":["Quick Slash","Backflip"],"picked":"Well Laid Plans","floor":8},{"not_picked":["Outmaneuver","Doppelganger"],"picked":"Infinite Blades","floor":11},{"not_picked":["Deadly Poison","Quick Slash","Masterful Stab"],"picked":"SKIP","floor":11},{"not_picked":["Grand Finale","Tools of the Trade"],"picked":"Adrenaline","floor":16},{"not_picked":["Acrobatics","Backflip"],"picked":"Dodge and Roll","floor":18},{"not_picked":["Blade Dance","Heel Hook","Finisher"],"picked":"SKIP","floor":18},{"not_picked":["Dodge and Roll","Acrobatics"],"picked":"Adrenaline","floor":19},{"not_picked":["Slice","Blade Dance+1"],"picked":"Footwork+1","floor":19}],"player_experience":564364,"relics_obtained":[{"floor":6,"key":"Prayer Wheel"},{"floor":8,"key":"Blue Candle"},{"floor":9,"key":"Bottled Tornado"}],"event_choices":[{"damage_healed":0,"gold_gain":0,"player_choice":"Donut","damage_taken":0,"max_hp_gain":5,"max_hp_loss":0,"event_name":"Big Fish","floor":4,"gold_loss":0},{"damage_healed":0,"gold_gain":75,"player_choice":"Gained Gold","damage_taken":0,"max_hp_gain":0,"max_hp_loss":0,"event_name":"Golden Wing","floor":14,"gold_loss":0},{"damage_healed":0,"gold_gain":0,"player_choice":"Gave Potion","damage_taken":0,"relics_obtained":["Gremlin Horn"],"max_hp_gain":0,"max_hp_loss":0,"event_name":"WeMeetAgain","floor":20,"gold_loss":0}],"is_beta":false,"boss_relics":[{"not_picked":["WristBlade","Coffee Dripper"],"picked":"Velvet Choker"}],"items_purged_floors":[13],"is_endless":false,"potions_floor_spawned":[1,6,7,16],"killed_by":"Chosen and Byrds","ascension_level":5}