{"gold_per_floor":[116,194,210,66,66,66,79,79,130,50,50,50,63,88,88,186,236,249,264,131,131,131,131,131,146,146,159,159,159],"floor_reached":29,"playtime":1322,"items_purged":["Strike_G","Strike_G"],"score":236,"play_id":"68b39ca9-5452-46da-b173-bc0d349d5dd9","local_time":"20190309053158","is_ascension_mode":false,"campfire_choices":[{"data":"Neutralize","floor":6.0,"key":"SMITH"},{"data":"Caltrops","floor":8.0,"key":"SMITH"},{"data":"Noxious Fumes","floor":12.0,"key":"SMITH"},{"data":"Neutralize","floor":15.0,"key":"SMITH"},{"data":"Noxious Fumes","floor":23,"key":"SMITH"},{"data":"Malaise","floor":28,"key":"SMITH"}],"neow_cost":"NONE","seed_source_timestamp":30389463621658,"circlet_count":0,"master_deck":["Defend_G","Defend_G+1","Defend_G","Defend_G","Defend_G","Strike_G","Strike_G","Strike_G","Survivor","Neutralize+1","Sucker Punch","Outmaneuver","Caltrops+1","Dodge and Roll","Noxious Fumes+1","Neutralize+1","Tools of the Trade","Deflect","Backstab","Malaise+1","Skewer","Footwork+1","Deadly Poison","Noxious Fumes+1","Writhe","Catalyst+1","Deadly Poison+1"],"special_seed":0,"relics":["Ring of the Snake","Strawberry","Blood Vial","Odd Mushroom","Tiny House","Pantograph","Meat on the Bone"],"potions_floor_usage":[22,22,27,27],"damage_taken":[{"damage":0.0,"enemies":"Cultist","floor":1.0,"turns":5.0},{"damage":0.0,"enemies":"Jaw Worm","floor":3.0,"turns":5.0},{"damage":0.0,"enemies":"2 Louse","floor":7.0,"turns":4.0},{"damage":11.0,"enemies":"Lots of Slimes","floor":13.0,"turns":4.0},{"damage":15.0,"enemies":"The Mushroom Lair","floor":14.0,"turns":4.0},{"damage":17.0,"enemies":"Hexaghost","floor":16.0,"turns":10.0},{"damage":23,"enemies":"Spheric Guardian","floor":18,"turns":7},{"damage":24,"enemies":"3 Byrds","floor":19,"turns":3},{"damage":9,"enemies":"Colosseum Slavers","floor":22,"turns":5},{"damage":21,"enemies":"Snake Plant","floor":25,"turns":5},{"damage":15,"enemies":"Shelled Parasite and Fungi","floor":27,"turns":6},{"damage":32,"enemies":"3 Cultists","floor":29,"turns":5}],"seed_played":"4675213522351246772","potions_obtained":[{"floor":13.0,"key":"Regen Potion"},{"floor":17,"key":"EssenceOfSteel"},{"floor":19,"key":"Block Potion"},{"floor":25,"key":"Explosive Potion"}],"is_trial":false,"path_per_floor":["M","T","M","$","?","R","M","R","T","$","?","R","M","?","R","B",null,"M","M","$","?","?","R","?","M","T","M","R","M"],"character_chosen":"THE_SILENT","items_purchased":["Caltrops","Noxious Fumes","Noxious Fumes"],"campfire_rested":0,"item_purchase_floors":[4,10,20],"current_hp_per_floor":[77,77,77,77,82,82,82,82,82,82,82,82,71,58,58,43,87,64,42,42,42,35,35,35,16,16,29,29,0],"gold":159,"neow_bonus":"RANDOM_COMMON_RELIC","is_prod":false,"is_daily":false,"chose_seed":false,"campfire_upgraded":6,"win_rate":0,"timestamp":1552131118,"path_taken":["M","?","M","$","?","R","M","R","T","?","?","R","?","?","R","BOSS","BOSS","M","M","$","?","?","R","?","?","T","M","R","M"],"build_version":"2019-01-23","purchased_purges":2,"victory":false,"max_hp_per_floor":[77,77,77,77,82,82,82,82,82,82,82,82,82,82,82,82,87,87,87,87,87,87,87,87,87,87,87,87,87],"card_choices":[{"not_picked":["Outmaneuver","Prepared"],"picked":"Sucker Punch","floor":1.0},{"not_picked":["Finisher","Catalyst"],"picked":"Outmaneuver","floor":3.0},{"not_picked":["Flying Knee","Dodge and Roll","Heel Hook"],"picked":"SKIP","floor":7.0},{"not_picked":["Flying Knee","Heel Hook"],"picked":"Dodge and Roll","floor":7.0},{"not_picked":["Dagger Throw","Sucker Punch"],"picked":"Deflect","floor":13.0},{"not_picked":["Sucker Punch","Setup"],"picked":"Backstab","floor":14.0},{"not_picked":["Bullet Time","Venomology"],"picked":"Malaise","floor":16},{"not_picked":["Dagger Throw","Acrobatics"],"picked":"Skewer","floor":17},{"not_picked":["Backflip+1","Flying Knee"],"picked":"Footwork+1","floor":18},{"not_picked":["Grand Finale","Slice"],"picked":"Deadly Poison","floor":19},{"not_picked":["Sucker Punch","Deflect"],"picked":"Catalyst+1","floor":25},{"not_picked":["Riddle With Holes+1","Masterful Stab"],"picked":"Deadly Poison+1","floor":27}],"player_experience":1008920,"relics_obtained":[{"floor":9.0,"key":"Blood Vial"},{"floor":14.0,"key":"Odd Mushroom"},{"floor":26,"key":"Meat on the Bone"}],"event_choices":[{"damage_healed":0.0,"max_hp_gain":5.0,"max_hp_loss":0.0,"gold_gain":0.0,"event_name":"Big Fish","player_choice":"Donut","floor":5.0,"gold_loss":0.0,"damage_taken":0.0},{"damage_healed":0.0,"max_hp_gain":0.0,"max_hp_loss":0.0,"gold_gain":0.0,"event_name":"Match and Keep!","player_choice":"2 cards matched","floor":11.0,"gold_loss":0.0,"damage_taken":0.0,"cards_obtained":["Neutralize","Tools of the Trade"]},{"damage_healed":0.0,"max_hp_gain":0.0,"max_hp_loss":0.0,"gold_gain":0.0,"event_name":"Mushrooms","player_choice":"Fought Mushrooms","floor":14.0,"gold_loss":0.0,"damage_taken":0.0},{"damage_healed":0,"gold_gain":0,"player_choice":"Opened","damage_taken":0,"relics_obtained":["Pantograph"],"max_hp_gain":0,"max_hp_loss":0,"event_name":"The Mausoleum","floor":21,"gold_loss":0,"cards_obtained":["Writhe"]},{"damage_healed":0,"gold_gain":0,"player_choice":"Fight","damage_taken":0,"max_hp_gain":0,"max_hp_loss":0,"event_name":"Colosseum","floor":22,"gold_loss":0},{"damage_healed":0,"gold_gain":0,"player_choice":"Fled From Nobs","damage_taken":0,"max_hp_gain":0,"max_hp_loss":0,"event_name":"Colosseum","floor":22,"gold_loss":0},{"damage_healed":0,"gold_gain":0,"player_choice":"Ignored","damage_taken":0,"max_hp_gain":0,"max_hp_loss":0,"event_name":"NoteForYourself","floor":24,"gold_loss":0}],"is_beta":false,"boss_relics":[{"not_picked":["Lizard Tail","Empty Cage"],"picked":"Tiny House"}],"items_purged_floors":[4,20],"is_endless":false,"potions_floor_spawned":[13,19,22,25],"killed_by":"3 Cultists","ascension_level":0}