{"path_per_floor":["M","M","M","?","M","R","M","M","T","M","R","E","?","?","R","B",null,"M","?","M","M","?","R","E","R","T","M","M"],"character_chosen":"IRONCLAD","items_purchased":[],"gold_per_floor":[20,30,40,40,60,60,73,88,88,100,100,128,128,158,158,255,255,270,270,286,305,305,305,336,336,361,372,392],"floor_reached":29,"campfire_rested":0,"playtime":1542,"current_hp_per_floor":[80,80,80,64,68,68,71,69,69,69,69,75,75,75,75,19,80,77,61,57,54,54,54,37,37,37,26,7],"items_purged":[],"gold":392,"score":274,"play_id":"27b0fb0e-b87a-46be-979d-481518759b87","local_time":"20180322000547","is_prod":false,"is_daily":false,"is_ascension_mode":false,"campfire_upgraded":5,"timestamp":1521648347,"path_taken":["M","M","M","?","M","R","M","M","T","M","R","E","?","?","R","BOSS","M","?","?","M","?","R","E","R","T","M","M","M"],"build_version":"2018-03-15v3","purchased_purges":0,"victory":false,"master_deck":["Strike_R","Strike_R","Defend_R","Defend_R","Defend_R","Defend_R+1","Bash","Uppercut","Infernal Blade","Armaments+1","Twin Strike","Headbutt+1","Seeing Red","Iron Wave","Searing Blow+4","Exhume","Shrug It Off","Headbutt+1","Bloodletting","Decay","Bloodletting","Rage+1"],"max_hp_per_floor":[80,80,80,80,80,80,80,80,80,80,80,80,80,80,80,80,80,80,80,80,80,80,80,80,80,80,80,80],"relics":["Burning Blood","Dream Catcher","Oddly Smooth Stone","Cursed Key","Enchiridion","Juzu Bracelet","Ancient Tea Set"],"card_choices":[{"not_picked":["Shockwave","Headbutt"],"picked":"Armaments"},{"not_picked":["True Grit","Perfected Strike"],"picked":"Twin Strike"},{"not_picked":["Pummel","Wild Strike"],"picked":"Headbutt"},{"not_picked":["Twin Strike","Sever Soul"],"picked":"Seeing Red"},{"not_picked":["Sentinel","Heavy Blade"],"picked":"Iron Wave"},{"not_picked":["Rage","Rupture"],"picked":"Searing Blow"},{"not_picked":["Berserk","Feed"],"picked":"Exhume"},{"not_picked":["Iron Wave","Blood for Blood"],"picked":"Shrug It Off"},{"not_picked":["Intimidate","Rupture"],"picked":"Headbutt"},{"not_picked":["Headbutt","Entrench"],"picked":"Bloodletting"},{"not_picked":["Shrug It Off","Carnage"],"picked":"Bloodletting"},{"not_picked":["Twin Strike","Reckless Charge"],"picked":"Rage"}],"player_experience":352393,"potions_floor_usage":[20,24,28,29],"damage_taken":[{"damage":3,"enemies":"Jaw Worm","floor":1,"turns":3},{"damage":1,"enemies":"2 Louse","floor":2,"turns":3},{"damage":0,"enemies":"Cultist","floor":3,"turns":2},{"damage":2,"enemies":"3 Louse","floor":5,"turns":3},{"damage":3,"enemies":"Exordium Wildlife","floor":7,"turns":2},{"damage":8,"enemies":"Gremlin Gang","floor":8,"turns":3},{"damage":6,"enemies":"3 Louse","floor":10,"turns":4},{"damage":0,"enemies":"Gremlin Nob","floor":12,"turns":3},{"damage":62,"enemies":"Hexaghost","floor":16,"turns":11},{"damage":9,"enemies":"3 Byrds","floor":18,"turns":6},{"damage":10,"enemies":"Spheric Guardian","floor":20,"turns":3},{"damage":9,"enemies":"3 Cultists","floor":21,"turns":5},{"damage":23,"enemies":"Slavers","floor":24,"turns":11},{"damage":17,"enemies":"Centurion and Healer","floor":27,"turns":4},{"damage":25,"enemies":"Snake Plant","floor":28,"turns":3},{"damage":12,"enemies":"3 Cultists","floor":29,"turns":3}],"event_choices":[{"event_name":"Shining Light","player_choice":"Entered Light","floor":4,"damage_taken":0},{"event_name":"Liars Game","player_choice":"disagreed","floor":13,"damage_taken":0},{"event_name":"Dead Adventurer","player_choice":"Searched \u00271\u0027 times","floor":14,"damage_taken":0},{"event_name":"Cursed Tome","player_choice":"Obtained Book","floor":19,"damage_taken":0},{"event_name":"Bonfire Elementals","player_choice":"BASIC","floor":22,"damage_taken":0}],"boss_relics":[{"not_picked":["Tiny House","Philosopher\u0027s Stone"],"picked":"Cursed Key"}],"potions_floor_spawned":[1,3,5,7,10,18,24],"seed_played":"5433646446603175566","killed_by":"3 Cultists","ascension_level":0,"is_trial":false}