{"gold_per_floor":[110,1,17,29,43,43,60,60,60,47,65,26,26,26,26,125,125,125,125,125,113,124,124,0,0,52,52,1,26,43,59,59,155,155,173,193,206,206,223,223,123,123,123,123],"floor_reached":44,"playtime":2273,"items_purged":["Strike_B","Strike_B"],"score":422,"play_id":"ea70b559-f780-4358-ae53-dd91bed1db62","local_time":"20190416234237","is_ascension_mode":false,"campfire_choices":[{"data":"Zap","floor":6,"key":"SMITH"},{"data":"Streamline","floor":13,"key":"SMITH"},{"data":"Hologram","floor":15,"key":"SMITH"},{"data":"Fission","floor":23,"key":"SMITH"},{"data":"Conserve Battery","floor":25,"key":"SMITH"},{"data":"Coolheaded","floor":27,"key":"SMITH"},{"floor":32,"key":"REST"},{"floor":40,"key":"REST"}],"neow_cost":"NONE","seed_source_timestamp":311581567703856,"circlet_count":0,"master_deck":["Strike_B","Strike_B","Defend_B","Defend_B","Defend_B","Defend_B","Zap+1","Dualcast","Purity","Turbo","Rip and Tear","Conserve Battery+1","Hologram","Conserve Battery+1","Hologram+1","Reinforced Body","Streamline+1","Melter","Fission+1","Chill","Doom and Gloom+1","Coolheaded+1","Conserve Battery","Self Repair","Defragment+1","Scrape+1","Amplify","Beam Cell+1","Sweeping Beam+1","Turbo+1","Defragment+1"],"relics":["Cracked Core"],"potions_floor_usage":[4,16,18,29,36,39],"damage_taken":[{"damage":1,"enemies":"Cultist","floor":1,"turns":3},{"damage":13,"enemies":"2 Louse","floor":3,"turns":2},{"damage":8,"enemies":"Small Slimes","floor":4,"turns":3},{"damage":0,"enemies":"3 Louse","floor":5,"turns":3},{"damage":0,"enemies":"Blue Slaver","floor":7,"turns":4},{"damage":12,"enemies":"Exordium Thugs","floor":10,"turns":4},{"damage":8,"enemies":"Lots of Slimes","floor":11,"turns":6},{"damage":35,"enemies":"The Guardian","floor":16,"turns":14},{"damage":0,"enemies":"3 Byrds","floor":18,"turns":1},{"damage":27,"enemies":"2 Thieves","floor":21,"turns":4},{"damage":5,"enemies":"Snecko","floor":22,"turns":7},{"damage":20,"enemies":"Gremlin Leader","floor":29,"turns":7},{"damage":11,"enemies":"Chosen and Byrds","floor":30,"turns":5},{"damage":12,"enemies":"Centurion and Healer","floor":31,"turns":7},{"damage":69,"enemies":"Automaton","floor":33,"turns":14},{"damage":10,"enemies":"3 Shapes","floor":35,"turns":3},{"damage":7,"enemies":"3 Darklings","floor":36,"turns":11},{"damage":42,"enemies":"Spire Growth","floor":37,"turns":6},{"damage":26,"enemies":"Sphere and 2 Shapes","floor":39,"turns":5},{"damage":23,"enemies":"Writhing Mass","floor":44,"turns":5}],"seed_played":"6969448948225457278","potions_obtained":[{"floor":1,"key":"FairyPotion"},{"floor":3,"key":"Regen Potion"},{"floor":5,"key":"SmokeBomb"},{"floor":10,"key":"Dexterity Potion"},{"floor":22,"key":"Weak Potion"},{"floor":30,"key":"Fire Potion"},{"floor":31,"key":"SpeedPotion"},{"floor":33,"key":"FocusPotion"}],"is_trial":false,"path_per_floor":["M","$","M","M","M","R","M","$","T","M","M","$","R","?","R","B",null,"M","?","?","M","M","R","?","R","T","R","$","E","M","M","R","B",null,"M","M","M","?","M","R","$","?","T","M"],"character_chosen":"DEFECT","items_purchased":["Rip and Tear","Melter","Conserve Battery"],"campfire_rested":2,"item_purchase_floors":[2,12,28],"current_hp_per_floor":[74,74,61,62,62,62,62,62,62,50,42,42,42,42,42,7,75,75,75,75,48,43,43,43,43,43,43,43,23,19,14,36,14,75,65,65,30,30,11,33,33,26,26,3],"gold":123,"neow_bonus":"RANDOM_COLORLESS","is_prod":false,"is_daily":false,"chose_seed":false,"campfire_upgraded":6,"win_rate":0,"timestamp":1555429357,"path_taken":["M","$","M","M","M","R","M","$","T","M","?","?","R","?","R","BOSS","M","?","?","M","M","R","?","R","T","R","?","E","?","M","R","BOSS","M","?","M","?","?","R","?","?","T","?"],"build_version":"2019-01-23","purchased_purges":2,"victory":false,"max_hp_per_floor":[75,75,75,75,75,75,75,75,75,75,75,75,75,75,75,75,75,75,75,75,75,75,75,75,75,75,75,75,75,75,75,75,75,75,75,75,75,75,75,75,75,75,75,75],"card_choices":[{"not_picked":["Reinforced Body","Skim"],"picked":"Turbo","floor":1},{"not_picked":["Skim","Turbo"],"picked":"Conserve Battery","floor":3},{"not_picked":["FTL","Sweeping Beam"],"picked":"Hologram","floor":4},{"not_picked":["Lockon","Go for the Eyes"],"picked":"Conserve Battery","floor":5},{"not_picked":["Hello World","Sweeping Beam"],"picked":"Hologram","floor":7},{"not_picked":["Cold Snap","Sweeping Beam"],"picked":"Reinforced Body","floor":10},{"not_picked":["Gash","Turbo"],"picked":"Streamline","floor":11},{"not_picked":["Creative AI","Thunder Strike"],"picked":"Fission","floor":16},{"not_picked":["Cold Snap+1","Compile Driver"],"picked":"Doom and Gloom+1","floor":21},{"not_picked":["Go for the Eyes","Reprogram"],"picked":"Coolheaded","floor":22},{"not_picked":["Leap","Ball Lightning"],"picked":"Self Repair","floor":29},{"not_picked":["Glacier+1","Redo+1"],"picked":"Defragment+1","floor":30},{"not_picked":["Compile Driver","Beam Cell"],"picked":"Scrape+1","floor":31},{"not_picked":["Machine Learning","Rainbow"],"picked":"Amplify","floor":33},{"not_picked":["Rebound","Ball Lightning"],"picked":"Beam Cell+1","floor":35},{"not_picked":["Storm","Doom and Gloom"],"picked":"Sweeping Beam+1","floor":36},{"not_picked":["Gash+1","FTL"],"picked":"Turbo+1","floor":37},{"not_picked":["Auto Shields+1","Sunder"],"picked":"Defragment+1","floor":39}],"player_experience":982831,"relics_obtained":[],"event_choices":[{"damage_healed":0,"gold_gain":0,"player_choice":"Grow","damage_taken":0,"max_hp_gain":0,"max_hp_loss":0,"event_name":"Living Wall","floor":14,"gold_loss":0,"cards_upgraded":["Conserve Battery"]},{"damage_healed":0,"gold_gain":0,"player_choice":"Read","damage_taken":0,"max_hp_gain":0,"max_hp_loss":0,"event_name":"The Library","floor":19,"gold_loss":0,"cards_obtained":["Chill"]},{"damage_healed":0,"gold_gain":0,"player_choice":"Ignored","damage_taken":0,"max_hp_gain":0,"max_hp_loss":0,"event_name":"Ghosts","floor":20,"gold_loss":0},{"damage_healed":0,"gold_gain":0,"player_choice":"Paid Fearfully","damage_taken":0,"max_hp_gain":0,"max_hp_loss":0,"event_name":"Masked Bandits","floor":24,"gold_loss":124},{"damage_healed":0,"gold_gain":0,"player_choice":"Ignored","damage_taken":0,"max_hp_gain":0,"max_hp_loss":0,"event_name":"SecretPortal","floor":38,"gold_loss":0},{"damage_healed":0,"gold_gain":0,"player_choice":"Damaged","damage_taken":7,"max_hp_gain":0,"max_hp_loss":0,"event_name":"Wheel of Change","floor":42,"gold_loss":0}],"is_beta":false,"boss_relics":[{"not_picked":["Pandora\u0027s Box","Runic Pyramid","Calling Bell"]},{"not_picked":["Fusion Hammer","Philosopher\u0027s Stone","Coffee Dripper"]}],"items_purged_floors":[2,41],"is_endless":false,"potions_floor_spawned":[1,3,5,10,22,30,31,33],"killed_by":"Writhing Mass","ascension_level":0}