{"gold_per_floor":[117,133,150,162,43,70,87,102,102,112,112,124,124,124,124,124],"floor_reached":16,"playtime":2430,"items_purged":[],"score":106,"play_id":"fed42ed0-20f2-4023-bbf5-9dc484ca9d59","local_time":"20190210181938","is_ascension_mode":false,"campfire_choices":[{"data":"Mind Blast","floor":11,"key":"SMITH"},{"data":"Defend_G","floor":15,"key":"SMITH"}],"neow_cost":"NONE","seed_source_timestamp":1047019270079800,"circlet_count":0,"master_deck":["Defend_G","Defend_G","Defend_G","Defend_G","Defend_G+1","Strike_G","Strike_G","Survivor","Neutralize","Infinite Blades","Noxious Fumes","Poisoned Stab","Infinite Blades","Dodge and Roll","Mind Blast+1","Tools of the Trade","Bouncing Flask","Dagger Spray","Bouncing Flask","Flying Knee"],"relics":["Ring of the Snake","Juzu Bracelet","Ninja Scroll"],"potions_floor_usage":[6,6,16],"damage_taken":[{"damage":1,"enemies":"2 Louse","floor":1,"turns":5},{"damage":2,"enemies":"Small Slimes","floor":2,"turns":5},{"damage":1,"enemies":"Jaw Worm","floor":3,"turns":5},{"damage":6,"enemies":"2 Fungi Beasts","floor":4,"turns":4},{"damage":6,"enemies":"3 Sentries","floor":6,"turns":7},{"damage":7,"enemies":"Looter","floor":7,"turns":4},{"damage":26,"enemies":"Lots of Slimes","floor":8,"turns":5},{"damage":1,"enemies":"Blue Slaver","floor":10,"turns":4},{"damage":0,"enemies":"Looter","floor":12,"turns":3},{"damage":20,"enemies":"Slime Boss","floor":16,"turns":5}],"seed_played":"-1633015582591786970","potions_obtained":[{"floor":1,"key":"Strength Potion"},{"floor":4,"key":"EssenceOfSteel"},{"floor":7,"key":"PowerPotion"}],"is_trial":false,"path_per_floor":["M","M","M","M","$","E","M","M","T","M","R","M","?","?","R","B"],"character_chosen":"THE_SILENT","items_purchased":["Dodge and Roll","Mind Blast"],"campfire_rested":0,"item_purchase_floors":[5,5],"current_hp_per_floor":[69,67,66,60,60,54,47,21,21,20,20,20,20,13,13,0],"gold":124,"neow_bonus":"REMOVE_CARD","is_prod":false,"is_daily":false,"chose_seed":false,"campfire_upgraded":2,"win_rate":0.0,"timestamp":1549819178,"path_taken":["M","M","M","M","$","E","M","M","T","M","R","M","?","?","R","BOSS"],"build_version":"2019-01-23","purchased_purges":0,"victory":false,"max_hp_per_floor":[70,70,70,70,70,70,70,70,70,70,70,70,70,70,70,70],"card_choices":[{"not_picked":["Underhanded Strike","Slice"],"picked":"Infinite Blades","floor":1},{"not_picked":["Infinite Blades","Choke"],"picked":"Noxious Fumes","floor":2},{"not_picked":["Dagger Spray","PiercingWail"],"picked":"Poisoned Stab","floor":3},{"not_picked":["Dagger Throw","Sucker Punch"],"picked":"Infinite Blades","floor":4},{"not_picked":["Finisher","Underhanded Strike"],"picked":"Tools of the Trade","floor":6},{"not_picked":["Blade Dance","All Out Attack"],"picked":"Bouncing Flask","floor":7},{"not_picked":["Acrobatics","Skewer"],"picked":"Dagger Spray","floor":8},{"not_picked":["Dagger Spray","Slice"],"picked":"Bouncing Flask","floor":10},{"not_picked":["Prepared","Noxious Fumes"],"picked":"Flying Knee","floor":12}],"player_experience":17269,"relics_obtained":[{"floor":6,"key":"Juzu Bracelet"},{"floor":9,"key":"Ninja Scroll"}],"event_choices":[{"cards_removed":["Strike_G"],"damage_healed":0,"gold_gain":0,"player_choice":"Forget","damage_taken":0,"max_hp_gain":0,"max_hp_loss":0,"event_name":"Living Wall","floor":13,"gold_loss":0},{"cards_removed":["Strike_G"],"damage_healed":0,"gold_gain":0,"player_choice":"Card Removal","damage_taken":7,"max_hp_gain":0,"max_hp_loss":0,"event_name":"Golden Wing","floor":14,"gold_loss":0}],"is_beta":false,"boss_relics":[],"items_purged_floors":[],"is_endless":false,"potions_floor_spawned":[1,4,7],"killed_by":"Slime Boss","ascension_level":0}