{"gold_per_floor":[110,129,129,154,10,46,67,67,67,242,34,34,57,77,77,206,206,206,12,12,12,12,12,12,12,12,12,12,12,12,12,12,12,12,12,12,12,12,12,12,12,12,12,12,12,12,12,12,12,12],"floor_reached":51,"playtime":4701,"items_purged":["Doubt"],"score":1146,"play_id":"1a436efd-20ac-4f05-9537-4bb32a690eb2","local_time":"20190403230709","is_ascension_mode":true,"campfire_choices":[{"floor":8,"key":"REST"},{"data":"Capacitor","floor":12,"key":"SMITH"},{"data":"Loop","floor":15,"key":"SMITH"},{"data":"Creative AI","floor":24,"key":"SMITH"},{"data":"Chill","floor":28,"key":"SMITH"},{"data":"White Noise","floor":30,"key":"SMITH"},{"data":"Loop","floor":32,"key":"SMITH"},{"floor":40,"key":"REST"},{"data":"Buffer","floor":42,"key":"SMITH"},{"floor":49,"key":"REST"}],"neow_cost":"NONE","seed_source_timestamp":1050800350616864,"circlet_count":0,"master_deck":["AscendersBane","Strike_B","Strike_B","Strike_B","Defend_B","Defend_B","Defend_B","Defend_B","Zap+1","Dualcast","Ball Lightning","Leap","Hologram","Glacier","Capacitor+1","Leap","Loop+1","Compile Driver","Creative AI+1","White Noise+1","Go for the Eyes","Go for the Eyes","Coolheaded","Chill+1","Ghostly","Ghostly","Ghostly","Ghostly","Ghostly","Loop+1","Coolheaded+1","Buffer+1","Ball Lightning","Hologram+1","Ball Lightning","Ball Lightning+1","Defragment+1"],"relics":["Cracked Core","Golden Idol","Lantern","Ornamental Fan","Pear","Ectoplasm","Blood Vial","Bottled Tornado","Dodecahedron","Philosopher\u0027s Stone","Ginger","Boot","Smiling Mask"],"potions_floor_usage":[6,16,16,23,23,48,48],"damage_taken":[{"damage":0,"enemies":"Small Slimes","floor":1,"turns":3},{"damage":6,"enemies":"Jaw Worm","floor":2,"turns":4},{"damage":0,"enemies":"2 Louse","floor":4,"turns":2},{"damage":21,"enemies":"3 Sentries","floor":6,"turns":8},{"damage":2,"enemies":"Looter","floor":7,"turns":2},{"damage":8,"enemies":"Blue Slaver","floor":13,"turns":4},{"damage":5,"enemies":"Lots of Slimes","floor":14,"turns":6},{"damage":24,"enemies":"Slime Boss","floor":16,"turns":9},{"damage":0,"enemies":"Spheric Guardian","floor":18,"turns":3},{"damage":0,"enemies":"Shell Parasite","floor":21,"turns":8},{"damage":0,"enemies":"Snecko","floor":22,"turns":8},{"damage":13,"enemies":"Book of Stabbing","floor":23,"turns":7},{"damage":3,"enemies":"Slavers","floor":27,"turns":5},{"damage":7,"enemies":"Centurion and Healer","floor":29,"turns":12},{"damage":6,"enemies":"Snake Plant","floor":31,"turns":7},{"damage":0,"enemies":"Champ","floor":33,"turns":15},{"damage":0,"enemies":"3 Shapes","floor":35,"turns":6},{"damage":17,"enemies":"2 Orb Walkers","floor":36,"turns":7},{"damage":0,"enemies":"Orb Walker","floor":37,"turns":6},{"damage":7,"enemies":"Sphere and 2 Shapes","floor":38,"turns":10},{"damage":0,"enemies":"4 Shapes","floor":44,"turns":6},{"damage":0,"enemies":"Spire Growth","floor":46,"turns":5},{"damage":9,"enemies":"Maw","floor":47,"turns":9},{"damage":25,"enemies":"Jaw Worm Horde","floor":48,"turns":8},{"damage":9,"enemies":"Time Eater","floor":50,"turns":14}],"seed_played":"6925407375235604663","potions_obtained":[{"floor":2,"key":"Regen Potion"},{"floor":6,"key":"Fire Potion"},{"floor":16,"key":"Weak Potion"},{"floor":18,"key":"AttackPotion"},{"floor":27,"key":"SpeedPotion"},{"floor":31,"key":"SpeedPotion"},{"floor":35,"key":"Dexterity Potion"},{"floor":44,"key":"Regen Potion"}],"is_trial":false,"path_per_floor":["M","M","?","M","$","E","M","R","T","?","$","R","M","M","R","B",null,"M","$","?","M","M","E","R","?","T","E","R","M","R","M","R","B",null,"M","?","M","M","?","R","T","R","T","M","?","M","M","M","R","B",null],"character_chosen":"DEFECT","items_purchased":["Lantern","Capacitor","Leap","Swift Potion","Blood Vial","Go for the Eyes"],"campfire_rested":3,"item_purchase_floors":[5,11,11,11,19,19],"current_hp_per_floor":[68,62,44,44,44,38,36,58,68,68,68,68,60,55,55,31,72,72,72,72,74,76,65,65,42,42,39,39,34,34,30,30,32,40,42,25,27,22,22,34,34,34,34,36,36,38,31,22,34,27],"gold":12,"neow_bonus":"UPGRADE_CARD","is_prod":false,"is_daily":false,"chose_seed":false,"campfire_upgraded":7,"win_rate":0,"timestamp":1554358029,"path_taken":["M","M","?","M","$","E","M","R","T","?","$","R","M","M","R","BOSS","M","$","?","M","M","E","R","?","T","E","R","M","R","M","R","BOSS","M","?","M","M","?","R","?","R","T","M","?","M","M","M","R","BOSS"],"build_version":"2019-01-23","purchased_purges":1,"victory":true,"max_hp_per_floor":[75,75,75,75,75,75,75,75,85,85,85,85,85,85,85,85,85,85,85,85,85,85,85,85,42,42,42,42,42,42,42,42,42,42,42,42,42,42,42,42,42,42,42,42,42,42,42,42,42,42],"card_choices":[{"not_picked":["Sweeping Beam","Conserve Battery"],"picked":"Ball Lightning","floor":1},{"not_picked":["Sunder","Streamline"],"picked":"Leap","floor":2},{"not_picked":["Turbo","Blizzard"],"picked":"Hologram","floor":4},{"not_picked":["Buffer","Beam Cell"],"picked":"Glacier","floor":6},{"not_picked":["Beam Cell","Lockon","Redo"],"picked":"SKIP","floor":7},{"not_picked":["Hologram","Skim"],"picked":"Loop","floor":13},{"not_picked":["Stack","Rebound"],"picked":"Compile Driver","floor":14},{"not_picked":["Rainbow","Seek"],"picked":"Creative AI","floor":16},{"not_picked":["Gash+1","Turbo"],"picked":"White Noise","floor":18},{"not_picked":["Ball Lightning","Compile Driver+1"],"picked":"Go for the Eyes","floor":21},{"not_picked":["Rebound","Steam"],"picked":"Coolheaded","floor":22},{"not_picked":["Rebound","Tempest"],"picked":"Chill","floor":23},{"not_picked":["Hello World+1","Coolheaded"],"picked":"Loop","floor":27},{"not_picked":["Redo","Hello World","Static Discharge"],"picked":"SKIP","floor":29},{"not_picked":["All For One","Redo"],"picked":"Coolheaded+1","floor":31},{"not_picked":["Biased Cognition","Thunder Strike"],"picked":"Buffer","floor":33},{"not_picked":["Rebound","Coolheaded+1","Streamline+1"],"picked":"SKIP","floor":35},{"not_picked":["Rebound","Coolheaded+1","Streamline+1"],"picked":"SKIP","floor":35},{"not_picked":["BootSequence+1","Sunder+1"],"picked":"Ball Lightning","floor":36},{"not_picked":["Sweeping Beam","Streamline"],"picked":"Hologram+1","floor":37},{"not_picked":["Hologram","Rip and Tear+1","Sweeping Beam"],"picked":"SKIP","floor":38},{"not_picked":["Rebound","Barrage+1"],"picked":"Ball Lightning","floor":44},{"not_picked":["Conserve Battery+1","Genetic Algorithm+1"],"picked":"Ball Lightning+1","floor":46},{"not_picked":["Recycle","Turbo+1"],"picked":"Defragment+1","floor":47},{"not_picked":["Fission","Redo","Steam"],"picked":"SKIP","floor":48}],"player_experience":375117,"relics_obtained":[{"floor":6,"key":"Ornamental Fan"},{"floor":9,"key":"Pear"},{"floor":23,"key":"Bottled Tornado"},{"floor":27,"key":"Dodecahedron"},{"floor":36,"key":"Ginger"},{"floor":41,"key":"Boot"},{"floor":43,"key":"Smiling Mask"}],"event_choices":[{"damage_healed":0,"gold_gain":0,"player_choice":"Take Damage","damage_taken":18,"relics_obtained":["Golden Idol"],"max_hp_gain":0,"max_hp_loss":0,"event_name":"Golden Idol","floor":3,"gold_loss":0},{"damage_healed":0,"gold_gain":175,"player_choice":"AGREE","damage_taken":0,"max_hp_gain":0,"max_hp_loss":0,"event_name":"Liars Game","floor":10,"gold_loss":0,"cards_obtained":["Doubt"]},{"damage_healed":0,"gold_gain":0,"player_choice":"Ignored","damage_taken":0,"max_hp_gain":0,"max_hp_loss":0,"event_name":"Beggar","floor":20,"gold_loss":0},{"damage_healed":0,"gold_gain":0,"player_choice":"Became a Ghost","damage_taken":0,"max_hp_gain":0,"max_hp_loss":43,"event_name":"Ghosts","floor":25,"gold_loss":0,"cards_obtained":["Ghostly","Ghostly","Ghostly","Ghostly","Ghostly"]},{"damage_healed":0,"gold_gain":0,"player_choice":"Fight","damage_taken":0,"max_hp_gain":0,"max_hp_loss":0,"event_name":"Mysterious Sphere","floor":36,"gold_loss":0},{"damage_healed":0,"gold_gain":0,"player_choice":"Ignored","damage_taken":0,"max_hp_gain":0,"max_hp_loss":0,"event_name":"The Moai Head","floor":39,"gold_loss":0},{"cards_removed":["Strike_B"],"damage_healed":0,"gold_gain":0,"player_choice":"Removed Attack","damage_taken":0,"max_hp_gain":0,"max_hp_loss":0,"event_name":"Falling","floor":45,"gold_loss":0}],"is_beta":false,"boss_relics":[{"not_picked":["Pandora\u0027s Box","Empty Cage"],"picked":"Ectoplasm"},{"not_picked":["Velvet Choker","Snecko Eye"],"picked":"Philosopher\u0027s Stone"}],"items_purged_floors":[11],"is_endless":false,"potions_floor_spawned":[2,6,14,16,18,27,31,35,44,47],"ascension_level":11}