{"path_per_floor":["M","M","?","?","M","R","?","R","T","$","M","M","R","M","R","B",null,"M","M","$","?","?","R","$","?","T","M","M","$","R","M","R"],"character_chosen":"IRONCLAD","items_purchased":["Body Slam","Shrug It Off","Bloodletting","Exhume","Armaments"],"gold_per_floor":[116,135,85,85,104,104,104,104,129,8,27,46,46,57,57,158,158,170,184,81,81,331,331,89,89,89,106,124,72,72,82,82,82],"floor_reached":33,"campfire_rested":0,"playtime":5000,"current_hp_per_floor":[80,80,80,85,85,85,85,85,85,85,71,72,72,74,74,12,85,81,85,85,85,85,85,85,85,85,79,70,70,70,57,57,0],"items_purged":["Strike_R","Regret"],"gold":82,"score":237,"play_id":"a4f712d5-e75d-4bfe-8477-e652453a6aa3","local_time":"20180514203403","is_prod":false,"is_daily":false,"chose_seed":false,"is_ascension_mode":false,"campfire_upgraded":7,"timestamp":1526301243,"path_taken":["M","M","?","?","M","R","?","R","T","$","M","M","R","M","R","BOSS","M","M","$","?","?","R","$","?","T","?","M","$","R","M","R","BOSS"],"build_version":"2018-05-10","seed_source_timestamp":6488780217129,"purchased_purges":2,"victory":false,"master_deck":["Strike_R","Strike_R","Defend_R","Defend_R","Defend_R","Defend_R","Bash+1","Body Slam+1","Entrench+1","Body Slam+1","Entrench+1","Pommel Strike","Immolate","Impervious","Warcry","Shrug It Off+1","Bloodletting+1","Exhume","Jack Of All Trades","Headbutt","Armaments+1"],"max_hp_per_floor":[80,80,80,85,85,85,85,85,85,85,85,85,85,85,85,85,85,85,85,85,85,85,85,85,85,85,85,85,85,85,85,85,85],"relics":["Burning Blood"],"card_choices":[{"not_picked":["Havoc","Infernal Blade"],"picked":"Body Slam","floor":1},{"not_picked":["Heavy Blade","Rampage"],"picked":"Entrench","floor":2},{"not_picked":["Body Slam","Clash"],"picked":"Entrench","floor":11},{"not_picked":["Wild Strike","Anger"],"picked":"Pommel Strike","floor":12},{"not_picked":["Wild Strike","Body Slam"],"picked":"Immolate","floor":14},{"not_picked":["Juggernaut","Limit Break"],"picked":"Impervious","floor":16},{"not_picked":["Iron Wave","Clothesline"],"picked":"Warcry","floor":19}],"player_experience":605505,"potions_floor_usage":[16,18,27,33,33],"damage_taken":[{"damage":1,"enemies":"Cultist","floor":1,"turns":3},{"damage":3,"enemies":"Small Slimes","floor":2,"turns":3},{"damage":2,"enemies":"2 Louse","floor":5,"turns":4},{"damage":20,"enemies":"Exordium Wildlife","floor":11,"turns":4},{"damage":5,"enemies":"Looter","floor":12,"turns":3},{"damage":4,"enemies":"2 Fungi Beasts","floor":14,"turns":4},{"damage":68,"enemies":"Hexaghost","floor":16,"turns":11},{"damage":10,"enemies":"3 Byrds","floor":18,"turns":4},{"damage":0,"enemies":"Spheric Guardian","floor":19,"turns":2},{"damage":12,"enemies":"Centurion and Healer","floor":27,"turns":7},{"damage":15,"enemies":"Snake Plant","floor":28,"turns":5},{"damage":19,"enemies":"Cultist and Chosen","floor":31,"turns":7},{"damage":72,"enemies":"Champ","floor":33,"turns":20}],"event_choices":[{"event_name":"The Cleric","player_choice":"Card Removal","floor":3,"damage_taken":0},{"event_name":"Big Fish","player_choice":"Donut","floor":4,"damage_taken":0},{"event_name":"Purifier","player_choice":"One Purge","floor":7,"damage_taken":0},{"event_name":"The Lab","player_choice":"Got Potions","floor":21,"damage_taken":0},{"event_name":"Golden Shrine","player_choice":"Desecrate","floor":22,"damage_taken":0},{"event_name":"Match and Keep!","player_choice":"2 cards matched","floor":25,"damage_taken":0}],"boss_relics":[{"not_picked":["Tiny House","Astrolabe","Eternal Feather"]}],"potions_floor_spawned":[11,12,14,18,31],"seed_played":"8367715438688479681","killed_by":"Champ","ascension_level":0,"is_trial":false}