{"gold_per_floor":[116,191,206,206,268,295,295,328,328,23,23,23,38,38,38,139,139,126,126,142,159,84,114,114,143,143,155,180,200,200,211,211,314,314,328,36,55,70,85,85,95,115,115,149,149,169,269,288,288,288],"floor_reached":51,"playtime":6402,"items_purged":["Strike_R","Regret"],"score":734,"play_id":"cd3d6ecb-1120-4e85-ac52-7385108ea134","local_time":"20190224202836","is_ascension_mode":true,"campfire_choices":[{"floor":7.0,"key":"REST"},{"floor":12.0,"key":"REST"},{"floor":15.0,"key":"REST"},{"floor":24.0,"key":"REST"},{"floor":30.0,"key":"REST"},{"floor":32.0,"key":"REST"},{"floor":40.0,"key":"REST"},{"data":"Limit Break","floor":49,"key":"SMITH"}],"neow_cost":"NONE","seed_source_timestamp":752447540341407,"circlet_count":0,"master_deck":["Bash+1","Intimidate+1","Pommel Strike","Inflame","Flame Barrier+1","Havoc","Reaper","Dual Wield+1","Carnage+1","Shrug It Off","Clothesline","Shrug It Off+1","Juggernaut","Bludgeon","Wild Strike","Headbutt","Seeing Red","Double Tap","Feel No Pain","Limit Break+1","Dark Embrace","Whirlwind+1","Clothesline+1","Clothesline+1","Ghostly Armor","Regret","Limit Break","Armaments+1"],"special_seed":0,"relics":["Cursed Key","Dodecahedron","Pantograph","Blood Vial","Du-Vu Doll","Snecko Eye","Ginger","Ice Cream","Self Forming Clay","Pandora\u0027s Box","War Paint","Shuriken","Orichalcum","Torii"],"potions_floor_usage":[48,50,50],"damage_taken":[{"damage":0.0,"enemies":"Small Slimes","floor":1.0,"turns":2.0},{"damage":1.0,"enemies":"Jaw Worm","floor":3.0,"turns":3.0},{"damage":28.0,"enemies":"Gremlin Nob","floor":6.0,"turns":4.0},{"damage":25.0,"enemies":"Lagavulin","floor":8.0,"turns":7.0},{"damage":0.0,"enemies":"2 Louse","floor":13.0,"turns":1.0},{"damage":32.0,"enemies":"Hexaghost","floor":16.0,"turns":8.0},{"damage":13.0,"enemies":"2 Thieves","floor":18.0,"turns":4.0},{"damage":19.0,"enemies":"Spheric Guardian","floor":20.0,"turns":4.0},{"damage":27.0,"enemies":"Shelled Parasite and Fungi","floor":21.0,"turns":7.0},{"damage":19.0,"enemies":"Book of Stabbing","floor":23.0,"turns":4.0},{"damage":10.0,"enemies":"Gremlin Leader","floor":25.0,"turns":3.0},{"damage":24.0,"enemies":"Centurion and Healer","floor":27.0,"turns":4.0},{"damage":35.0,"enemies":"Book of Stabbing","floor":28.0,"turns":7.0},{"damage":14.0,"enemies":"Snecko","floor":29.0,"turns":4.0},{"damage":14.0,"enemies":"Snake Plant","floor":31.0,"turns":3.0},{"damage":29.0,"enemies":"Automaton","floor":33.0,"turns":9.0},{"damage":24.0,"enemies":"3 Darklings","floor":35.0,"turns":3.0},{"damage":9.0,"enemies":"3 Shapes","floor":37.0,"turns":2.0},{"damage":0.0,"enemies":"Spire Growth","floor":38.0,"turns":3.0},{"damage":31.0,"enemies":"4 Shapes","floor":39.0,"turns":3.0},{"damage":18.0,"enemies":"3 Darklings","floor":41.0,"turns":3.0},{"damage":17.0,"enemies":"Maw","floor":42.0,"turns":6.0},{"damage":40.0,"enemies":"Giant Head","floor":44.0,"turns":7.0},{"damage":12.0,"enemies":"4 Shapes","floor":46.0,"turns":2.0},{"damage":14.0,"enemies":"Mind Bloom Boss Battle","floor":47.0,"turns":4.0},{"damage":14,"enemies":"Sphere and 2 Shapes","floor":48,"turns":3},{"damage":39,"enemies":"Donu and Deca","floor":50,"turns":4}],"seed_played":"-6737883529585355658","potions_obtained":[{"floor":3.0,"key":"SpeedPotion"},{"floor":6.0,"key":"BloodPotion"},{"floor":13.0,"key":"GamblersBrew"},{"floor":23.0,"key":"Swift Potion"},{"floor":29.0,"key":"GamblersBrew"},{"floor":38.0,"key":"SpeedPotion"},{"floor":42.0,"key":"SmokeBomb"},{"floor":44.0,"key":"Block Potion"},{"floor":46.0,"key":"GamblersBrew"},{"floor":47.0,"key":"Strength Potion"}],"is_trial":false,"path_per_floor":["M","?","M","?","?","E","R","E","T","$","?","R","M","$","R","B",null,"M","?","M","M","$","E","R","E","T","M","E","M","R","M","R","B",null,"M","$","M","M","M","R","M","M","T","E","?","M","?","M","R","B",null],"character_chosen":"IRONCLAD","items_purchased":["Du-Vu Doll","War Paint","Energy Potion"],"campfire_rested":7,"item_purchase_floors":[10,36,36],"current_hp_per_floor":[80,69,68,52,52,24,48,23,23,23,23,47,49,49,73,48,80,70,70,53,37,37,20,44,54,54,37,17,15,39,27,51,51,80,56,56,49,51,34,58,54,39,39,10,10,40,71,69,69,41],"gold":288,"neow_bonus":"BOSS_RELIC","is_prod":false,"is_daily":false,"chose_seed":false,"campfire_upgraded":1,"win_rate":0,"timestamp":1551061716,"path_taken":["M","?","M","?","?","E","R","E","T","$","?","R","?","?","R","BOSS","M","?","?","M","$","E","R","E","T","M","E","?","R","?","R","BOSS","M","$","M","M","M","R","M","M","T","E","?","M","?","M","R","BOSS"],"build_version":"2019-01-23","purchased_purges":2,"victory":true,"max_hp_per_floor":[80,80,80,80,80,80,80,80,80,80,80,80,80,80,80,80,80,80,80,80,80,80,80,80,80,80,80,80,80,80,80,80,80,80,80,80,80,80,80,80,80,80,80,80,80,80,80,80,80,80],"card_choices":[{"not_picked":["Cleave","Flex"],"picked":"Intimidate","floor":1.0},{"not_picked":["Flex","Body Slam"],"picked":"Pommel Strike","floor":3.0},{"not_picked":["True Grit","Bloodletting"],"picked":"Inflame","floor":6.0},{"not_picked":["Cleave","Berserk"],"picked":"Flame Barrier","floor":8.0},{"not_picked":["Iron Wave","Cleave"],"picked":"Havoc","floor":13.0},{"not_picked":["Juggernaut","Berserk"],"picked":"Reaper","floor":16.0},{"not_picked":["Perfected Strike","Armaments"],"picked":"Dual Wield+1","floor":18.0},{"not_picked":["Twin Strike","Hemokinesis"],"picked":"Carnage+1","floor":20.0},{"not_picked":["Rampage","Headbutt"],"picked":"Shrug It Off","floor":21.0},{"not_picked":["True Grit","Hemokinesis","Thunderclap"],"picked":"SKIP","floor":23.0},{"not_picked":["Headbutt+1","Clash"],"picked":"Clothesline","floor":25.0},{"not_picked":["Infernal Blade+1","Body Slam"],"picked":"Shrug It Off+1","floor":27.0},{"not_picked":["Brutality","Feed"],"picked":"Juggernaut","floor":28.0},{"not_picked":["Wild Strike+1","Armaments","Thunderclap"],"picked":"SKIP","floor":29.0},{"not_picked":["Sentinel","Intimidate+1","Cleave+1"],"picked":"SKIP","floor":31.0},{"not_picked":["Juggernaut","Berserk"],"picked":"Bludgeon","floor":33.0},{"not_picked":["Dropkick+1","Carnage+1"],"picked":"Whirlwind+1","floor":35.0},{"not_picked":["Perfected Strike","Burning Pact"],"picked":"Clothesline+1","floor":37.0},{"not_picked":["Rage+1","Clash+1","Warcry"],"picked":"SKIP","floor":38.0},{"not_picked":["Rampage","Sword Boomerang+1"],"picked":"Clothesline+1","floor":39.0},{"not_picked":["Pommel Strike","Burning Pact+1"],"picked":"Ghostly Armor","floor":41.0},{"not_picked":["Fire Breathing","Anger+1","Rupture+1"],"picked":"SKIP","floor":42.0},{"not_picked":["Carnage","Body Slam"],"picked":"Limit Break","floor":44.0},{"not_picked":["Clash+1","Flex","Headbutt+1"],"picked":"SKIP","floor":46.0},{"not_picked":["Havoc+1","Anger"],"picked":"Armaments+1","floor":48}],"player_experience":189526,"relics_obtained":[{"floor":6.0,"key":"Dodecahedron"},{"floor":8.0,"key":"Pantograph"},{"floor":9.0,"key":"Blood Vial"},{"floor":23.0,"key":"Ginger"},{"floor":25.0,"key":"Ice Cream"},{"floor":28.0,"key":"Self Forming Clay"},{"floor":43.0,"key":"Shuriken"},{"floor":44.0,"key":"Orichalcum"},{"floor":47.0,"key":"Torii"}],"event_choices":[{"damage_healed":0.0,"max_hp_gain":0.0,"max_hp_loss":0.0,"gold_gain":75.0,"event_name":"World of Goop","player_choice":"Gather Gold","floor":2.0,"gold_loss":0.0,"damage_taken":11.0},{"damage_healed":0.0,"max_hp_gain":0.0,"max_hp_loss":0.0,"gold_gain":0.0,"event_name":"Shining Light","player_choice":"Entered Light","floor":4.0,"gold_loss":0.0,"damage_taken":16.0,"cards_upgraded":["Bash","Strike_R"]},{"damage_healed":0.0,"max_hp_gain":0.0,"max_hp_loss":0.0,"gold_gain":62.0,"event_name":"Golden Wing","player_choice":"Gained Gold","floor":5.0,"gold_loss":0.0,"damage_taken":0.0},{"cards_removed":["Strike_R"],"damage_healed":0.0,"max_hp_gain":0.0,"max_hp_loss":0.0,"gold_gain":0.0,"event_name":"Bonfire Elementals","player_choice":"Offered Basic","floor":11.0,"gold_loss":0.0,"damage_taken":0.0},{"cards_removed":["Doubt"],"damage_healed":0.0,"max_hp_gain":0.0,"max_hp_loss":0.0,"gold_gain":0.0,"event_name":"Fountain of Cleansing","player_choice":"Removed Curses","floor":19.0,"gold_loss":0.0,"damage_taken":0.0},{"damage_healed":0.0,"max_hp_gain":0.0,"max_hp_loss":0.0,"gold_gain":0.0,"event_name":"Mysterious Sphere","player_choice":"Ignored","floor":45.0,"gold_loss":0.0,"damage_taken":0.0},{"damage_healed":0.0,"max_hp_gain":0.0,"max_hp_loss":0.0,"gold_gain":0.0,"event_name":"MindBloom","player_choice":"Fight","floor":47.0,"gold_loss":0.0,"damage_taken":0.0}],"is_beta":false,"boss_relics":[{"not_picked":["Philosopher\u0027s Stone","Empty Cage"],"picked":"Snecko Eye"},{"not_picked":["Lizard Tail","Tiny House"],"picked":"Pandora\u0027s Box"}],"items_purged_floors":[22,36],"is_endless":false,"potions_floor_spawned":[3,6,13,20,23,27,29,38,42,44,46,47],"ascension_level":1}