{"gold_per_floor":[115,132,132,151,71,71,82,109,109,123,123,123,137,166,166,166],"floor_reached":16,"playtime":551,"items_purged":[],"score":189,"play_id":"5066119a-a2e9-449e-8112-35921c4caa8d","local_time":"20190202200006","is_ascension_mode":true,"campfire_choices":[{"floor":6,"key":"REST"},{"floor":12,"key":"REST"},{"floor":15,"key":"REST"}],"neow_cost":"NONE","seed_source_timestamp":793051170638200,"circlet_count":0,"master_deck":["AscendersBane","Strike_B","Strike_B+1","Strike_B","Defend_B","Defend_B","Defend_B","Defend_B","Zap","Dualcast","Defragment+1","Steam","Hologram","Blizzard","Sweeping Beam","Conserve Battery","Loop","Defragment","Rebound"],"relics":["Cracked Core","Omamori","Letter Opener","Darkstone Periapt","DataDisk"],"potions_floor_usage":[7,13,14],"damage_taken":[{"damage":5,"enemies":"Small Slimes","floor":1,"turns":3},{"damage":3,"enemies":"Jaw Worm","floor":2,"turns":4},{"damage":7,"enemies":"2 Louse","floor":4,"turns":3},{"damage":38,"enemies":"Gremlin Gang","floor":7,"turns":6},{"damage":1,"enemies":"Looter","floor":10,"turns":4},{"damage":9,"enemies":"3 Louse","floor":13,"turns":2},{"damage":17,"enemies":"Lagavulin","floor":14,"turns":6},{"damage":38,"enemies":"Slime Boss","floor":16,"turns":3}],"seed_played":"3239524541730273454","potions_obtained":[{"floor":2,"key":"Weak Potion"},{"floor":10,"key":"SkillPotion"},{"floor":13,"key":"Poison Potion"}],"is_trial":false,"path_per_floor":["M","M","?","M","$","R","M","T","T","M","T","R","M","E","R","B"],"character_chosen":"DEFECT","items_purchased":["Sweeping Beam","Conserve Battery"],"campfire_rested":3,"item_purchase_floors":[5,5],"current_hp_per_floor":[59,56,35,28,28,49,11,11,11,10,10,31,22,5,26,0],"gold":166,"neow_bonus":"TRANSFORM_CARD","is_prod":false,"is_daily":false,"chose_seed":false,"campfire_upgraded":0,"win_rate":0,"timestamp":1549134006,"path_taken":["M","M","?","M","$","R","M","?","T","M","?","R","M","E","R","BOSS"],"build_version":"2019-01-23","purchased_purges":0,"victory":false,"max_hp_per_floor":[71,71,71,71,71,71,71,71,71,71,71,71,71,71,71,71],"card_choices":[{"not_picked":["Scrape","Compile Driver"],"picked":"Steam","floor":1},{"not_picked":["Gash","Turbo"],"picked":"Hologram","floor":2},{"not_picked":["Beam Cell","Reprogram"],"picked":"Blizzard","floor":4},{"not_picked":["Recycle","Coolheaded"],"picked":"Loop","floor":7},{"not_picked":["Lockon","Streamline","Static Discharge"],"picked":"SKIP","floor":10},{"not_picked":["Stack","Hologram"],"picked":"Defragment","floor":13},{"not_picked":["Barrage","Gash"],"picked":"Rebound","floor":14}],"player_experience":444432,"relics_obtained":[{"floor":8,"key":"Omamori"},{"floor":9,"key":"Letter Opener"},{"floor":11,"key":"Darkstone Periapt"},{"floor":14,"key":"DataDisk"}],"event_choices":[{"damage_healed":0,"gold_gain":0,"player_choice":"Entered Light","damage_taken":21,"max_hp_gain":0,"max_hp_loss":0,"event_name":"Shining Light","floor":3,"gold_loss":0,"cards_upgraded":["Defragment","Strike_B"]}],"is_beta":false,"boss_relics":[],"items_purged_floors":[],"is_endless":false,"potions_floor_spawned":[2,10,13],"killed_by":"Slime Boss","ascension_level":17}