{"gold_per_floor":[122,148,235,247,273,285,262,274,335,357,369,22,41,55,55,160,160,130,130,145,0,15,15],"floor_reached":23,"playtime":1630,"items_purged":["Strike_R"],"score":293,"play_id":"3c26cefa-1ae8-466c-9ef0-a1a81390c454","local_time":"20190404164113","is_ascension_mode":true,"campfire_choices":[{"data":"Armaments","floor":6,"key":"SMITH"},{"data":"Shrug It Off","floor":11,"key":"SMITH"},{"data":"Limit Break","floor":15,"key":"SMITH"}],"neow_cost":"NONE","seed_source_timestamp":1117131640419721,"circlet_count":0,"master_deck":["AscendersBane","Strike_R+1","Strike_R","Strike_R+1","Strike_R","Defend_R","Defend_R","Defend_R","Defend_R","Bash","Headbutt","Armaments+1","Shrug It Off+1","Limit Break+1","Shrug It Off","Headbutt","Inflame","Demon Form","True Grit+1","Limit Break+1","Shockwave+1","Metallicize"],"relics":["Black Blood","MawBank","FossilizedHelix","Blood Vial","Pear"],"potions_floor_usage":[20,22],"damage_taken":[{"damage":11,"enemies":"Jaw Worm","floor":1,"turns":5},{"damage":5,"enemies":"2 Louse","floor":2,"turns":4},{"damage":5,"enemies":"Small Slimes","floor":5,"turns":5},{"damage":0,"enemies":"Gremlin Gang","floor":10,"turns":6},{"damage":0,"enemies":"Looter","floor":13,"turns":4},{"damage":0,"enemies":"Blue Slaver","floor":14,"turns":6},{"damage":20,"enemies":"Slime Boss","floor":16,"turns":9},{"damage":25,"enemies":"2 Thieves","floor":18,"turns":5},{"damage":7,"enemies":"Shell Parasite","floor":20,"turns":5},{"damage":53,"enemies":"3 Cultists","floor":22,"turns":7},{"damage":50,"enemies":"Slavers","floor":23,"turns":3}],"seed_played":"6284214050796046110","potions_obtained":[{"floor":1,"key":"Swift Potion"},{"floor":13,"key":"Energy Potion"}],"is_trial":false,"path_per_floor":["M","M","?","?","M","R","?","T","T","M","R","$","M","M","R","B",null,"M","?","M","$","M","E"],"character_chosen":"IRONCLAD","items_purchased":["Shrug It Off","Headbutt","Pear","Metallicize"],"campfire_rested":0,"item_purchase_floors":[12,12,12,21],"current_hp_per_floor":[67,68,57,41,42,42,62,62,62,70,70,80,88,90,90,76,87,74,74,79,79,38,0],"gold":15,"neow_bonus":"RANDOM_COMMON_RELIC","is_prod":false,"is_daily":false,"chose_seed":false,"campfire_upgraded":3,"win_rate":0,"timestamp":1554421273,"path_taken":["M","M","?","?","M","R","?","?","T","M","R","$","M","M","R","BOSS","M","?","M","$","M","E"],"build_version":"2019-01-23","purchased_purges":1,"victory":false,"max_hp_per_floor":[80,80,80,80,80,80,80,80,80,80,80,90,90,90,90,90,90,90,90,90,90,90,90],"card_choices":[{"not_picked":["Feel No Pain","Flex"],"picked":"Headbutt","floor":1},{"not_picked":["Heavy Blade","Wild Strike"],"picked":"Armaments","floor":2},{"not_picked":["Sever Soul","Havoc"],"picked":"Shrug It Off","floor":5},{"not_picked":["Clothesline","Twin Strike"],"picked":"Limit Break","floor":10},{"not_picked":["Battle Trance","Havoc"],"picked":"Inflame","floor":13},{"not_picked":["Wild Strike","Iron Wave","Anger"],"picked":"SKIP","floor":14},{"not_picked":["Limit Break","Double Tap"],"picked":"Demon Form","floor":16},{"not_picked":["Iron Wave","Heavy Blade"],"picked":"True Grit+1","floor":18},{"not_picked":["Heavy Blade+1","Perfected Strike"],"picked":"Shockwave+1","floor":20},{"not_picked":["Perfected Strike","Heavy Blade","Combust"],"picked":"SKIP","floor":22}],"player_experience":379818,"relics_obtained":[{"floor":8,"key":"FossilizedHelix"},{"floor":9,"key":"Blood Vial"}],"event_choices":[{"damage_healed":0,"gold_gain":75,"player_choice":"Gather Gold","damage_taken":11,"max_hp_gain":0,"max_hp_loss":0,"event_name":"World of Goop","floor":3,"gold_loss":0},{"damage_healed":0,"gold_gain":0,"player_choice":"Entered Light","damage_taken":16,"max_hp_gain":0,"max_hp_loss":0,"event_name":"Shining Light","floor":4,"gold_loss":0,"cards_upgraded":["Strike_R","Strike_R"]},{"damage_healed":20,"gold_gain":0,"player_choice":"Healed","damage_taken":0,"max_hp_gain":0,"max_hp_loss":0,"event_name":"The Cleric","floor":7,"gold_loss":35},{"damage_healed":0,"gold_gain":0,"player_choice":"Copied","damage_taken":0,"max_hp_gain":0,"max_hp_loss":0,"event_name":"Duplicator","floor":19,"gold_loss":0,"cards_obtained":["Limit Break"]}],"is_beta":false,"boss_relics":[{"not_picked":["Tiny House","Empty Cage"],"picked":"Black Blood"}],"items_purged_floors":[21],"is_endless":false,"potions_floor_spawned":[1,13,16,18],"killed_by":"Slavers","ascension_level":12}