{"gold_per_floor":[117,136,149,163,19,19,32,32,32,55,55,55,55,79,79,199,199,193,268,208,208,223,223,257,272,325,325,350,400,400,410,410,410],"floor_reached":33,"playtime":1383,"items_purged":[],"score":259,"play_id":"1d4948a9-f028-459d-9b34-28630478d800","local_time":"20190318004005","is_ascension_mode":false,"campfire_choices":[{"data":"Zap","floor":6,"key":"SMITH"},{"data":"Static Discharge","floor":11,"key":"SMITH"},{"data":"Dualcast","floor":13,"key":"SMITH"},{"data":"Go for the Eyes","floor":15,"key":"SMITH"},{"data":"Loop","floor":23,"key":"SMITH"},{"data":"Amplify","floor":27,"key":"SMITH"},{"data":"Force Field","floor":32,"key":"SMITH"}],"neow_cost":"PERCENT_DAMAGE","seed_source_timestamp":1935919592337979,"circlet_count":0,"master_deck":["Strike_B+1","Strike_B+1","Defend_B+1","Defend_B+1","Defend_B+1","Defend_B+1","Zap+1","Dualcast+1","Conserve Battery","Consume+1","Conserve Battery","Go for the Eyes+1","Static Discharge+1","Injury","Cold Snap","Barrage","Reboot","Loop+1","Thunder Strike","Gash","Leap","Amplify+1","Ball Lightning","White Noise+1","Force Field+1"],"relics":["Cracked Core","Unceasing Top","Juzu Bracelet","Bloody Idol","Coffee Dripper","PreservedInsect","Oddly Smooth Stone"],"potions_floor_usage":[4,14,18,24],"damage_taken":[{"damage":1,"enemies":"Jaw Worm","floor":1,"turns":3},{"damage":0,"enemies":"Small Slimes","floor":2,"turns":3},{"damage":0,"enemies":"Cultist","floor":3,"turns":4},{"damage":23,"enemies":"Gremlin Gang","floor":4,"turns":6},{"damage":1,"enemies":"3 Louse","floor":7,"turns":5},{"damage":0,"enemies":"Exordium Thugs","floor":10,"turns":5},{"damage":2,"enemies":"Gremlin Gang","floor":14,"turns":4},{"damage":18,"enemies":"The Guardian","floor":16,"turns":10},{"damage":10,"enemies":"2 Thieves","floor":18,"turns":4},{"damage":10,"enemies":"3 Byrds","floor":22,"turns":6},{"damage":8,"enemies":"Book of Stabbing","floor":24,"turns":5},{"damage":6,"enemies":"Snake Plant","floor":25,"turns":3},{"damage":5,"enemies":"Centurion and Healer","floor":28,"turns":6},{"damage":6,"enemies":"Chosen and Byrds","floor":31,"turns":5},{"damage":48,"enemies":"Collector","floor":33,"turns":6}],"seed_played":"3951351736999298435","potions_obtained":[{"floor":2,"key":"Regen Potion"},{"floor":7,"key":"Fire Potion"},{"floor":10,"key":"SkillPotion"},{"floor":22,"key":"FocusPotion"},{"floor":28,"key":"Ancient Potion"}],"is_trial":false,"path_per_floor":["M","M","M","M","$","R","M","?","T","M","R","?","R","M","R","B",null,"M","?","?","?","M","R","E","M","T","R","M","?","?","M","R","B"],"character_chosen":"DEFECT","items_purchased":["Juzu Bracelet"],"campfire_rested":0,"item_purchase_floors":[5],"current_hp_per_floor":[53,53,53,45,45,45,44,44,44,44,44,44,44,42,42,24,75,65,58,58,58,48,48,40,34,34,34,29,29,29,28,28,0],"gold":410,"neow_bonus":"ONE_RARE_RELIC","is_prod":false,"is_daily":false,"chose_seed":false,"campfire_upgraded":7,"win_rate":0,"timestamp":1552840805,"path_taken":["M","M","M","M","$","R","M","?","T","M","R","?","R","M","R","BOSS","M","?","?","?","M","R","E","M","T","R","M","?","?","M","R","BOSS"],"build_version":"2019-01-23","purchased_purges":0,"victory":false,"max_hp_per_floor":[75,75,75,75,75,75,75,75,75,75,75,75,75,75,75,75,75,75,75,75,75,75,75,75,75,75,75,75,75,75,75,75,75],"card_choices":[{"not_picked":["Stack","Auto Shields"],"picked":"Conserve Battery","floor":1},{"not_picked":["Reinforced Body","Steam"],"picked":"Consume","floor":2},{"not_picked":["Sweeping Beam","Go for the Eyes"],"picked":"Conserve Battery","floor":3},{"not_picked":["Reinforced Body","Beam Cell"],"picked":"Go for the Eyes","floor":4},{"not_picked":["Beam Cell","Buffer"],"picked":"Static Discharge","floor":7},{"not_picked":["Lockon","Redo"],"picked":"Cold Snap","floor":10},{"not_picked":["Beam Cell","Aggregate"],"picked":"Barrage","floor":14},{"not_picked":["Creative AI","Rainbow"],"picked":"Reboot","floor":16},{"not_picked":["Ball Lightning","Compile Driver"],"picked":"Loop","floor":18},{"not_picked":["Turbo","Gash"],"picked":"Leap","floor":22},{"not_picked":["Creative AI","Gash"],"picked":"Amplify","floor":24},{"not_picked":["Barrage","Coolheaded"],"picked":"Ball Lightning","floor":25},{"not_picked":["FTL","BootSequence"],"picked":"White Noise+1","floor":28},{"not_picked":["Turbo","Redo"],"picked":"Force Field","floor":31}],"player_experience":871288,"relics_obtained":[{"floor":24,"key":"PreservedInsect"},{"floor":26,"key":"Oddly Smooth Stone"}],"event_choices":[{"damage_healed":0,"gold_gain":0,"player_choice":"Take Wound","damage_taken":0,"relics_obtained":["Golden Idol"],"max_hp_gain":0,"max_hp_loss":0,"event_name":"Golden Idol","floor":8,"gold_loss":0,"cards_obtained":["Injury"]},{"damage_healed":0,"gold_gain":0,"player_choice":"Grow","damage_taken":0,"max_hp_gain":0,"max_hp_loss":0,"event_name":"Living Wall","floor":12,"gold_loss":0,"cards_upgraded":["Consume"]},{"damage_healed":0,"gold_gain":75,"player_choice":"Touch","damage_taken":7,"max_hp_gain":0,"max_hp_loss":0,"event_name":"FaceTrader","floor":19,"gold_loss":0},{"damage_healed":0,"gold_gain":0,"cards_transformed":["Strike_B","Strike_B"],"player_choice":"Transformed Cards","damage_taken":0,"max_hp_gain":0,"max_hp_loss":0,"event_name":"Designer","floor":20,"gold_loss":60,"cards_obtained":["Thunder Strike","Gash"]},{"damage_healed":0,"gold_gain":0,"player_choice":"Simplicity","damage_taken":0,"max_hp_gain":0,"max_hp_loss":0,"event_name":"Back to Basics","floor":21,"gold_loss":0,"cards_upgraded":["Strike_B","Strike_B","Defend_B","Defend_B","Defend_B","Defend_B"]},{"damage_healed":0,"gold_gain":100,"player_choice":"Bet on Murderer","damage_taken":0,"max_hp_gain":0,"max_hp_loss":0,"event_name":"The Joust","floor":29,"gold_loss":50},{"damage_healed":0,"gold_gain":0,"player_choice":"Gave Idol","damage_taken":0,"relics_obtained":["Bloody Idol"],"max_hp_gain":0,"max_hp_loss":0,"event_name":"Forgotten Altar","floor":30,"relics_lost":["Golden Idol"],"gold_loss":0}],"is_beta":false,"boss_relics":[{"not_picked":["Ectoplasm","Snecko Eye"],"picked":"Coffee Dripper"}],"items_purged_floors":[],"is_endless":false,"potions_floor_spawned":[2,7,10,22,28],"killed_by":"Collector","ascension_level":0}