{"gold_per_floor":[113,133,133,153,171,171,186,218,292,310,324,342,342,373,373,468,468,488,502,502],"floor_reached":20,"playtime":1083,"items_purged":[],"score":238,"play_id":"c5eba135-84cd-42bd-a800-1f9279d5ff03","local_time":"20190330150159","is_ascension_mode":true,"campfire_choices":[{"data":"Tempest","floor":6,"key":"SMITH"},{"floor":13,"key":"REST"},{"floor":15,"key":"REST"}],"neow_cost":"NONE","seed_source_timestamp":100670579407122,"circlet_count":0,"master_deck":["Strike_B","Strike_B","Strike_B","Strike_B","Defend_B","Defend_B","Defend_B","Defend_B","Zap","Dualcast","Tempest+1","Static Discharge+1","Loop","Conserve Battery","Ball Lightning","Conserve Battery","Leap","Conserve Battery","Machine Learning","Redo+1"],"relics":["Cracked Core","Darkstone Periapt","Question Card","Turnip","Cursed Key"],"potions_floor_usage":[7,8,8,14,16,18],"damage_taken":[{"damage":2,"enemies":"Small Slimes","floor":1,"turns":3},{"damage":1,"enemies":"Cultist","floor":2,"turns":3},{"damage":4,"enemies":"Jaw Worm","floor":4,"turns":3},{"damage":8,"enemies":"Blue Slaver","floor":5,"turns":3},{"damage":13,"enemies":"Exordium Wildlife","floor":7,"turns":4},{"damage":5,"enemies":"Gremlin Nob","floor":8,"turns":3},{"damage":6,"enemies":"Exordium Thugs","floor":10,"turns":3},{"damage":0,"enemies":"Large Slime","floor":11,"turns":3},{"damage":0,"enemies":"Blue Slaver","floor":12,"turns":3},{"damage":16,"enemies":"3 Sentries","floor":14,"turns":4},{"damage":16,"enemies":"Slime Boss","floor":16,"turns":9},{"damage":20,"enemies":"Shell Parasite","floor":18,"turns":5},{"damage":37,"enemies":"2 Thieves","floor":19,"turns":2},{"damage":34,"enemies":"Masked Bandits","floor":20,"turns":2}],"seed_played":"6868326569921786791","potions_obtained":[{"floor":1,"key":"EssenceOfSteel"},{"floor":4,"key":"EntropicBrew"},{"floor":8,"key":"Strength Potion"},{"floor":10,"key":"AttackPotion"},{"floor":12,"key":"PowerPotion"},{"floor":16,"key":"Regen Potion"}],"is_trial":false,"path_per_floor":["M","M","?","M","M","R","M","E","T","M","M","M","R","E","R","B",null,"M","M","?"],"character_chosen":"DEFECT","items_purchased":[],"campfire_rested":2,"item_purchase_floors":[],"current_hp_per_floor":[80,79,79,75,67,67,54,49,49,43,43,43,67,51,75,59,76,68,31,0],"gold":502,"neow_bonus":"TEN_PERCENT_HP_BONUS","is_prod":false,"is_daily":false,"chose_seed":false,"campfire_upgraded":1,"win_rate":0,"timestamp":1553976119,"path_taken":["M","M","?","?","M","R","M","E","T","M","M","M","R","E","R","BOSS","M","M","?"],"build_version":"2019-01-23","purchased_purges":0,"victory":false,"max_hp_per_floor":[82,82,82,82,82,82,82,82,82,82,82,82,82,82,82,82,82,82,82,82],"card_choices":[{"not_picked":["Reinforced Body","Leap"],"picked":"Tempest","floor":1},{"not_picked":["Doom and Gloom","Redo"],"picked":"Static Discharge","floor":2},{"not_picked":["Recycle","Sweeping Beam","Go for the Eyes"],"picked":"SKIP","floor":4},{"not_picked":["Go for the Eyes","Hologram"],"picked":"Loop","floor":5},{"not_picked":["Steam Power","Glacier"],"picked":"Conserve Battery","floor":7},{"not_picked":["Rip and Tear","Stack"],"picked":"Ball Lightning","floor":8},{"not_picked":["Echo Form","Streamline","Ball Lightning"],"picked":"Conserve Battery","floor":10},{"not_picked":["Turbo","Conserve Battery","Hologram"],"picked":"Leap","floor":11},{"not_picked":["Stack","Reinforced Body","Genetic Algorithm"],"picked":"Conserve Battery","floor":12},{"not_picked":["Steam","Aggregate","Leap"],"picked":"Machine Learning","floor":14},{"not_picked":["Hologram","FTL","Turbo+1","Sweeping Beam"],"picked":"SKIP","floor":18},{"not_picked":["Glacier","Go for the Eyes","Sunder"],"picked":"Redo+1","floor":19}],"player_experience":346436,"relics_obtained":[{"floor":8,"key":"Darkstone Periapt"},{"floor":9,"key":"Question Card"},{"floor":14,"key":"Turnip"}],"event_choices":[{"damage_healed":0,"gold_gain":0,"player_choice":"Upgraded","damage_taken":0,"max_hp_gain":0,"max_hp_loss":0,"event_name":"Upgrade Shrine","floor":3,"gold_loss":0,"cards_upgraded":["Static Discharge"]},{"damage_healed":0,"gold_gain":0,"player_choice":"Fought Bandits","damage_taken":0,"max_hp_gain":0,"max_hp_loss":0,"event_name":"Masked Bandits","floor":20,"gold_loss":0}],"is_beta":false,"boss_relics":[{"not_picked":["Snecko Eye","Coffee Dripper"],"picked":"Cursed Key"}],"items_purged_floors":[],"is_endless":false,"potions_floor_spawned":[1,4,8,10,12,16],"killed_by":"Masked Bandits","ascension_level":5}