{"gold_per_floor":[109,125,200,200,50,50,67,82,136,165,179,196,196,209,209,307,307,317,333,333,345,345,373,391,316,316,316,328,328,345,362,362,362],"floor_reached":33,"playtime":5900,"items_purged":["Strike_R"],"score":298,"play_id":"688612a0-15ea-4182-90e0-77234cff5fe9","local_time":"20190203213358","is_ascension_mode":false,"campfire_choices":[{"data":"Fiend Fire","floor":6.0,"key":"SMITH"},{"data":"Fiend Fire","floor":13.0,"key":"SMITH"},{"data":"Anger","floor":15.0,"key":"SMITH"},{"data":"Second Wind","floor":27,"key":"SMITH"},{"data":"Clash","floor":29,"key":"SMITH"},{"floor":32,"key":"REST"}],"neow_cost":"NONE","seed_source_timestamp":0,"circlet_count":0,"master_deck":["Strike_R","Strike_R","Strike_R+1","Defend_R+1","Bash","Clash+1","Intimidate","Fiend Fire+1","Clash","Intimidate","Fiend Fire+1","Thunderclap","Flex","Anger+1","Flame Barrier+1","Feel No Pain+1","Clash+1","Second Wind+1","Iron Wave","Thunderclap","Clash"],"special_seed":0,"relics":["Burning Blood","Vajra","Potion Belt","Astrolabe","Self Forming Clay","Question Card"],"potions_floor_usage":[31,31,33,33,33,33],"damage_taken":[{"damage":4.0,"enemies":"Small Slimes","floor":1.0,"turns":4.0},{"damage":1.0,"enemies":"2 Louse","floor":2.0,"turns":2.0},{"damage":0.0,"enemies":"Cultist","floor":7.0,"turns":2.0},{"damage":8.0,"enemies":"Red Slaver","floor":8.0,"turns":2.0},{"damage":8.0,"enemies":"Gremlin Nob","floor":10.0,"turns":3.0},{"damage":0.0,"enemies":"2 Fungi Beasts","floor":11.0,"turns":2.0},{"damage":0.0,"enemies":"3 Louse","floor":12.0,"turns":3.0},{"damage":5.0,"enemies":"Lots of Slimes","floor":14.0,"turns":3.0},{"damage":49.0,"enemies":"The Guardian","floor":16.0,"turns":7.0},{"damage":14.0,"enemies":"2 Thieves","floor":18.0,"turns":4.0},{"damage":0.0,"enemies":"Spheric Guardian","floor":19.0,"turns":2.0},{"damage":0.0,"enemies":"3 Cultists","floor":21.0,"turns":5.0},{"damage":18,"enemies":"Gremlin Leader","floor":23,"turns":5},{"damage":15,"enemies":"Chosen and Byrds","floor":24,"turns":6},{"damage":15,"enemies":"Snake Plant","floor":28,"turns":3},{"damage":32,"enemies":"Snecko","floor":30,"turns":5},{"damage":20,"enemies":"Centurion and Healer","floor":31,"turns":3},{"damage":56,"enemies":"Champ","floor":33,"turns":10}],"seed_played":"1786160911935971990","potions_obtained":[{"floor":2.0,"key":"SneckoOil"},{"floor":7.0,"key":"FearPotion"},{"floor":11.0,"key":"SkillPotion"},{"floor":16.0,"key":"SkillPotion"},{"floor":19.0,"key":"LiquidBronze"},{"floor":24,"key":"EssenceOfSteel"},{"floor":31,"key":"Regen Potion"}],"is_trial":false,"path_per_floor":["M","M","?","?","$","R","M","M","T","E","M","M","R","M","R","B",null,"M","M","?","M","?","E","M","$","T","R","M","R","M","M","R","B"],"character_chosen":"IRONCLAD","items_purchased":["Fiend Fire"],"campfire_rested":1,"item_purchase_floors":[5],"current_hp_per_floor":[88,88,77,59,59,59,65,63,63,61,67,73,73,74,74,31,88,80,86,86,88,88,76,67,67,67,67,58,58,32,18,44,0],"gold":362,"neow_bonus":"TEN_PERCENT_HP_BONUS","is_prod":false,"is_daily":false,"chose_seed":false,"campfire_upgraded":5,"win_rate":0.0,"timestamp":1549251238,"path_taken":["M","M","?","?","$","R","M","M","T","E","M","M","R","M","R","BOSS","M","M","?","M","?","E","?","$","T","R","M","R","M","M","R","BOSS"],"build_version":"2019-01-23","purchased_purges":1,"victory":false,"max_hp_per_floor":[88,88,88,88,88,88,88,88,88,88,88,88,88,88,88,88,88,88,88,88,88,88,88,88,88,88,88,88,88,88,88,88,88],"card_choices":[{"not_picked":["Shrug It Off","Cleave"],"picked":"Clash","floor":1.0},{"not_picked":["Second Wind","Fire Breathing"],"picked":"Intimidate","floor":2.0},{"not_picked":["Shockwave","Seeing Red"],"picked":"Clash","floor":7.0},{"not_picked":["True Grit","Thunderclap"],"picked":"Intimidate","floor":8.0},{"not_picked":["Inflame","Shrug It Off"],"picked":"Fiend Fire","floor":10.0},{"not_picked":["True Grit","Twin Strike"],"picked":"Thunderclap","floor":11.0},{"not_picked":["Pummel","Clothesline"],"picked":"Flex","floor":12.0},{"not_picked":["Body Slam","Clash"],"picked":"Anger","floor":14.0},{"not_picked":["True Grit+1","Twin Strike"],"picked":"Clash+1","floor":18.0},{"not_picked":["True Grit","Flame Barrier+1","Combust"],"picked":"SKIP","floor":19.0},{"not_picked":["Twin Strike+1","Flame Barrier"],"picked":"Second Wind","floor":21.0},{"not_picked":["Armaments","Iron Wave"],"picked":"Thunderclap","floor":23},{"not_picked":["Headbutt","Whirlwind"],"picked":"Clash","floor":24},{"not_picked":["Iron Wave","Second Wind","Sever Soul","Twin Strike"],"picked":"SKIP","floor":28},{"not_picked":["Iron Wave","Second Wind","Sever Soul","Twin Strike"],"picked":"SKIP","floor":28},{"not_picked":["Iron Wave","Shrug It Off","Intimidate","Armaments"],"picked":"SKIP","floor":30},{"not_picked":["Sever Soul","Thunderclap","Body Slam","Rampage"],"picked":"SKIP","floor":31}],"player_experience":0,"relics_obtained":[{"floor":9.0,"key":"Vajra"},{"floor":10.0,"key":"Potion Belt"},{"floor":23,"key":"Self Forming Clay"},{"floor":26,"key":"Question Card"}],"event_choices":[{"damage_healed":0.0,"max_hp_gain":0.0,"max_hp_loss":0.0,"gold_gain":75.0,"event_name":"World of Goop","player_choice":"Gather Gold","floor":3.0,"gold_loss":0.0,"damage_taken":11.0},{"damage_healed":0.0,"max_hp_gain":0.0,"max_hp_loss":0.0,"gold_gain":0.0,"event_name":"Shining Light","player_choice":"Entered Light","floor":4.0,"gold_loss":0.0,"damage_taken":18.0,"cards_upgraded":["Strike_R","Defend_R"]},{"cards_removed":["Juggernaut"],"damage_healed":0.0,"max_hp_gain":0.0,"max_hp_loss":0.0,"gold_gain":0.0,"event_name":"Back to Basics","player_choice":"Elegance","floor":20.0,"gold_loss":0.0,"damage_taken":0.0},{"cards_removed":["Strike_R"],"damage_healed":0.0,"max_hp_gain":0.0,"max_hp_loss":0.0,"gold_gain":0.0,"event_name":"NoteForYourself","player_choice":"Took Card","floor":22.0,"gold_loss":0.0,"damage_taken":0.0,"cards_obtained":["Iron Wave"]}],"is_beta":false,"boss_relics":[{"not_picked":["Runic Dome","Ectoplasm"],"picked":"Astrolabe"}],"items_purged_floors":[25],"is_endless":false,"potions_floor_spawned":[2,7,11,16,19,24,31],"killed_by":"Champ","ascension_level":0}