{"gold_per_floor":[114,126,126,136,148,148,163,88,112,143,155,170,181,0,0,99,149,162,173,173,189,25,56,56,68,143,143,158,158,190,204,204,307,307,320,73,119,136,136],"floor_reached":39,"playtime":3214,"items_purged":["Strike_R","Strike_R","Pain","Hemokinesis"],"score":448,"play_id":"62146dd5-c0ce-4bb3-a1c8-e0b9b0d46e30","local_time":"20190222225652","is_ascension_mode":true,"campfire_choices":[{"data":"True Grit","floor":6,"key":"SMITH"},{"data":"Inflame","floor":15,"key":"SMITH"},{"floor":24,"key":"REST"},{"floor":27,"key":"REST"},{"floor":32,"key":"REST"}],"neow_cost":"NONE","seed_source_timestamp":430816792263900,"circlet_count":0,"master_deck":["Bash","Pommel Strike","True Grit+1","Battle Trance","Shrug It Off","Thunderclap","Entrench","Intimidate","Inflame+1","Barricade+1","Heavy Blade","Anger+1","Whirlwind","RitualDagger","Infernal Blade","Inflame","Warcry+1","Cleave","Battle Trance","Inflame+1","Body Slam","Reaper","Flame Barrier","Pommel Strike","Infernal Blade","Body Slam","Feel No Pain","Intimidate","Metallicize","Headbutt","Evolve+1","Battle Trance+1","Clothesline+1"],"relics":["Burning Blood","WarpedTongs","Oddly Smooth Stone","Orichalcum","Tiny House","Omamori","Dodecahedron","Darkstone Periapt","Pandora\u0027s Box","Prayer Wheel"],"potions_floor_usage":[7,18,19,21,23,25,30,33],"damage_taken":[{"damage":0,"enemies":"Small Slimes","floor":1,"turns":3},{"damage":1,"enemies":"Cultist","floor":2,"turns":4},{"damage":5,"enemies":"Jaw Worm","floor":4,"turns":4},{"damage":4,"enemies":"Blue Slaver","floor":5,"turns":4},{"damage":2,"enemies":"Exordium Thugs","floor":7,"turns":7},{"damage":3,"enemies":"Lagavulin","floor":10,"turns":8},{"damage":9,"enemies":"Lots of Slimes","floor":11,"turns":4},{"damage":14,"enemies":"Large Slime","floor":12,"turns":6},{"damage":3,"enemies":"Blue Slaver","floor":13,"turns":5},{"damage":34,"enemies":"Slime Boss","floor":16,"turns":12},{"damage":44,"enemies":"Spheric Guardian","floor":18,"turns":12},{"damage":28,"enemies":"2 Thieves","floor":19,"turns":5},{"damage":5,"enemies":"Snake Plant","floor":21,"turns":5},{"damage":6,"enemies":"Gremlin Leader","floor":23,"turns":9},{"damage":9,"enemies":"Snecko","floor":25,"turns":4},{"damage":43,"enemies":"Shelled Parasite and Fungi","floor":28,"turns":8},{"damage":23,"enemies":"Book of Stabbing","floor":30,"turns":7},{"damage":25,"enemies":"Centurion and Healer","floor":31,"turns":6},{"damage":11,"enemies":"Automaton","floor":33,"turns":11},{"damage":17,"enemies":"3 Shapes","floor":35,"turns":3},{"damage":76,"enemies":"2 Orb Walkers","floor":37,"turns":6},{"damage":19,"enemies":"Orb Walker","floor":38,"turns":6},{"damage":16,"enemies":"Transient","floor":39,"turns":3}],"seed_played":"3467997785394492377","potions_obtained":[{"floor":4,"key":"Explosive Potion"},{"floor":5,"key":"Regen Potion"},{"floor":7,"key":"Swift Potion"},{"floor":16,"key":"LiquidBronze"},{"floor":17,"key":"Ancient Potion"},{"floor":19,"key":"PowerPotion"},{"floor":21,"key":"Weak Potion"},{"floor":28,"key":"Weak Potion"},{"floor":31,"key":"SkillPotion"}],"is_trial":false,"path_per_floor":["M","M","?","M","M","R","M","$","T","E","M","M","M","$","R","B",null,"M","M","?","M","$","E","R","M","T","R","M","?","E","M","R","B",null,"M","$","?","M","M"],"character_chosen":"IRONCLAD","items_purchased":["Inflame","Inflame","Metallicize","Headbutt"],"campfire_rested":3,"item_purchase_floors":[14,22,36,36],"current_hp_per_floor":[80,80,80,80,80,80,80,80,80,80,77,69,72,72,72,44,85,62,40,34,35,35,35,60,57,57,82,45,45,28,9,34,29,85,74,74,16,8,0],"gold":136,"neow_bonus":"THREE_CARDS","is_prod":false,"is_daily":false,"chose_seed":false,"campfire_upgraded":2,"win_rate":0,"timestamp":1550872612,"path_taken":["M","M","?","M","M","R","M","$","T","E","M","M","M","$","R","BOSS","M","?","?","M","$","E","R","M","T","R","M","?","E","?","R","BOSS","M","$","?","M","M"],"build_version":"2019-01-23","purchased_purges":4,"victory":false,"max_hp_per_floor":[80,80,80,80,80,80,80,80,80,80,80,80,80,80,80,80,85,85,85,85,85,85,85,85,85,85,85,85,85,85,85,85,85,85,85,85,85,85,85],"card_choices":[{"not_picked":["Havoc","Reckless Charge"],"picked":"Pommel Strike","floor":0},{"not_picked":["Twin Strike","Anger"],"picked":"True Grit","floor":1},{"not_picked":["Pommel Strike","Pummel","Hemokinesis"],"picked":"SKIP","floor":2},{"not_picked":["Bloodletting","Sword Boomerang"],"picked":"Battle Trance","floor":4},{"not_picked":["Sword Boomerang","Thunderclap"],"picked":"Shrug It Off","floor":5},{"not_picked":["Battle Trance","Headbutt"],"picked":"Thunderclap","floor":7},{"not_picked":["Armaments","Combust","Reckless Charge"],"picked":"SKIP","floor":10},{"not_picked":["Thunderclap","Dual Wield"],"picked":"Entrench","floor":11},{"not_picked":["Corruption","Armaments"],"picked":"Intimidate","floor":12},{"not_picked":["Entrench","Pommel Strike","Bloodletting"],"picked":"SKIP","floor":13},{"not_picked":["Exhume","Berserk"],"picked":"Barricade","floor":16},{"not_picked":["Infernal Blade","Sword Boomerang"],"picked":"Heavy Blade","floor":17},{"not_picked":["Heavy Blade","Shrug It Off"],"picked":"Anger+1","floor":18},{"not_picked":["Wild Strike","Heavy Blade"],"picked":"Whirlwind","floor":19},{"not_picked":["Sword Boomerang","Flex"],"picked":"Infernal Blade","floor":21},{"not_picked":["Burning Pact+1","Power Through+1"],"picked":"Warcry+1","floor":23},{"not_picked":["Anger","Wild Strike","True Grit"],"picked":"SKIP","floor":25},{"not_picked":["Berserk","Rage"],"picked":"Cleave","floor":28},{"not_picked":["True Grit","Dual Wield+1"],"picked":"Inflame+1","floor":30},{"not_picked":["Anger","Carnage"],"picked":"Body Slam","floor":31},{"not_picked":["Brutality","Dark Embrace"],"picked":"Reaper","floor":33},{"not_picked":["Sword Boomerang","Cleave","Power Through+1"],"picked":"SKIP","floor":35},{"not_picked":["Sword Boomerang+1","Fire Breathing"],"picked":"Evolve+1","floor":37},{"not_picked":["Heavy Blade","Twin Strike+1"],"picked":"Battle Trance+1","floor":38},{"not_picked":["Thunderclap+1","Perfected Strike"],"picked":"Clothesline+1","floor":38}],"player_experience":206986,"relics_obtained":[{"floor":9,"key":"Oddly Smooth Stone"},{"floor":10,"key":"Orichalcum"},{"floor":23,"key":"Omamori"},{"floor":26,"key":"Dodecahedron"},{"floor":30,"key":"Darkstone Periapt"},{"floor":37,"key":"Prayer Wheel"}],"event_choices":[{"damage_healed":0,"gold_gain":0,"player_choice":"Rummage","damage_taken":0,"relics_obtained":["WarpedTongs"],"max_hp_gain":0,"max_hp_loss":0,"event_name":"Accursed Blacksmith","floor":3,"gold_loss":0,"cards_obtained":["Pain"]},{"damage_healed":0,"gold_gain":0,"player_choice":"Joined the Cult","damage_taken":6,"max_hp_gain":0,"max_hp_loss":0,"event_name":"Nest","floor":20,"gold_loss":0,"cards_obtained":["RitualDagger"]},{"damage_healed":0,"gold_gain":0,"player_choice":"Copied","damage_taken":0,"max_hp_gain":0,"max_hp_loss":0,"event_name":"Duplicator","floor":29,"gold_loss":0,"cards_obtained":["Battle Trance"]},{"damage_healed":0,"gold_gain":0,"player_choice":"Fight","damage_taken":0,"max_hp_gain":0,"max_hp_loss":0,"event_name":"Mysterious Sphere","floor":37,"gold_loss":0}],"is_beta":false,"boss_relics":[{"not_picked":["Coffee Dripper","White Beast Statue"],"picked":"Tiny House"},{"not_picked":["Busted Crown","Philosopher\u0027s Stone"],"picked":"Pandora\u0027s Box"}],"items_purged_floors":[8,14,22,36],"is_endless":false,"potions_floor_spawned":[4,5,7,16,19,21,28,31],"killed_by":"Transient","ascension_level":1}