{"gold_per_floor":[116,191,211,221,239,239,264,264,264,277,277,30,30,41,41,140,140,150,150,150,161,178,178,194,209,209,309,309,324,249,262,262,358,358,378,778,778,798,798,829,452,452,452,452,467,216,216,228,228,228,228,228,24,58,58],"floor_reached":55,"playtime":2714,"items_purged":["Strike_R","Strike_R+1","Shockwave+1"],"score":699,"play_id":"30a62c53-02f8-4779-ba57-5a8e00e3814a","local_time":"20190309220306","is_ascension_mode":false,"campfire_choices":[{"data":"Flame Barrier","floor":6,"key":"SMITH"},{"data":"Pommel Strike","floor":8,"key":"SMITH"},{"data":"Iron Wave","floor":11,"key":"SMITH"},{"data":"Shrug It Off","floor":15,"key":"SMITH"},{"data":"Demon Form","floor":23,"key":"SMITH"},{"data":"Shockwave","floor":28,"key":"SMITH"},{"floor":32,"key":"RECALL"},{"data":"Apotheosis","floor":44,"key":"SMITH"},{"data":"Rupture","floor":47,"key":"SMITH"},{"data":"True Grit","floor":49,"key":"SMITH"},{"data":"Shrug It Off","floor":52,"key":"SMITH"}],"neow_cost":"NONE","seed_source_timestamp":1234015812374871,"circlet_count":0,"master_deck":["Defend_R+1","Defend_R+1","Defend_R+1","Defend_R+1","Bash+1","Flame Barrier+1","Iron Wave+1","Pommel Strike+1","Headbutt","Shrug It Off+1","Sword Boomerang","Demon Form+1","Shockwave+1","Shrug It Off+1","Flame Barrier+1","Sword Boomerang+1","Brutality","Flex+1","Heavy Blade+1","True Grit+1","Rupture+1","Apotheosis+1","Disarm+1","Dual Wield","Flex+1"],"relics":["Burning Blood","Gremlin Horn","Sundial","Centennial Puzzle","Sozu","MutagenicStrength","Astrolabe","Old Coin","Mercury Hourglass","Membership Card","Bronze Scales","Torii","Ancient Tea Set","Orichalcum","HandDrill","Bottled Lightning","Happy Flower"],"potions_floor_usage":[16,33],"damage_taken":[{"damage":0,"enemies":"Small Slimes","floor":1,"turns":3},{"damage":1,"enemies":"Jaw Worm","floor":3,"turns":4},{"damage":0,"enemies":"2 Louse","floor":4,"turns":3},{"damage":1,"enemies":"2 Fungi Beasts","floor":5,"turns":4},{"damage":30,"enemies":"Gremlin Nob","floor":7,"turns":5},{"damage":0,"enemies":"Large Slime","floor":10,"turns":4},{"damage":10,"enemies":"Exordium Thugs","floor":14,"turns":5},{"damage":14,"enemies":"Slime Boss","floor":16,"turns":8},{"damage":0,"enemies":"Chosen","floor":18,"turns":4},{"damage":7,"enemies":"3 Byrds","floor":21,"turns":4},{"damage":0,"enemies":"Cultist and Chosen","floor":22,"turns":5},{"damage":3,"enemies":"Shelled Parasite and Fungi","floor":24,"turns":5},{"damage":3,"enemies":"Sentry and Sphere","floor":25,"turns":4},{"damage":6,"enemies":"Centurion and Healer","floor":29,"turns":4},{"damage":10,"enemies":"Snake Plant","floor":31,"turns":3},{"damage":55,"enemies":"Collector","floor":33,"turns":8},{"damage":14,"enemies":"3 Darklings","floor":35,"turns":5},{"damage":1,"enemies":"Mind Bloom Boss Battle","floor":36,"turns":4},{"damage":0,"enemies":"3 Shapes","floor":38,"turns":6},{"damage":15,"enemies":"Giant Head","floor":40,"turns":7},{"damage":12,"enemies":"3 Darklings","floor":45,"turns":3},{"damage":1,"enemies":"Sphere and 2 Shapes","floor":48,"turns":4},{"damage":30,"enemies":"Time Eater","floor":50,"turns":10},{"damage":66,"enemies":"Shield and Spear","floor":54,"turns":7},{"damage":41,"enemies":"The Heart","floor":55,"turns":3}],"seed_played":"-8690339035033044993","potions_obtained":[{"floor":1,"key":"GamblersBrew"},{"floor":7,"key":"Explosive Potion"},{"floor":16,"key":"SteroidPotion"}],"is_trial":false,"path_per_floor":["M","?","M","M","M","R","E","R","T","M","R","$","?","M","R","B",null,"M","?","?","M","M","R","M","M","T","?","R","M","?","M","R","B",null,"M","?","?","M","?","E","$","?","T","R","M","$","R","M","R","B",null,"R","$","E","B"],"character_chosen":"IRONCLAD","items_purchased":["Shrug It Off","Centennial Puzzle","Membership Card","Bronze Scales","Ancient Tea Set","Orichalcum","HandDrill","Bottled Lightning","Dual Wield"],"campfire_rested":0,"item_purchase_floors":[12,12,41,41,46,46,46,53,53],"current_hp_per_floor":[80,69,74,80,80,80,56,56,56,62,62,62,55,51,51,43,80,80,80,80,79,80,80,80,80,80,80,80,80,80,76,76,27,80,72,77,77,80,80,71,71,71,71,71,65,65,65,70,70,46,80,80,80,20,0],"gold":58,"neow_bonus":"UPGRADE_CARD","is_prod":false,"is_daily":false,"chose_seed":false,"campfire_upgraded":10,"win_rate":0,"timestamp":1552140186,"path_taken":["M","?","M","M","M","R","E","R","T","M","R","$","?","M","R","BOSS","M","?","?","M","M","R","M","M","T","?","R","?","?","M","R","BOSS","M","?","?","?","?","E","$","?","T","R","M","?","R","M","R","BOSS","R","$","E","BOSS"],"build_version":"2019-01-23","purchased_purges":3,"victory":false,"max_hp_per_floor":[80,80,80,80,80,80,80,80,80,80,80,80,80,80,80,80,80,80,80,80,80,80,80,80,80,80,80,80,80,80,80,80,80,80,80,80,80,80,80,80,80,80,80,80,80,80,80,80,80,80,80,80,80,80,80],"card_choices":[{"not_picked":["Iron Wave","Wild Strike"],"picked":"Flame Barrier","floor":1},{"not_picked":["True Grit","Pummel"],"picked":"Iron Wave","floor":3},{"not_picked":["Headbutt","Wild Strike"],"picked":"Pommel Strike","floor":4},{"not_picked":["Anger","Carnage"],"picked":"Headbutt","floor":5},{"not_picked":["Clash","Havoc"],"picked":"Headbutt","floor":7},{"not_picked":["Pummel","Seeing Red"],"picked":"Cleave","floor":10},{"not_picked":["Thunderclap","Pommel Strike"],"picked":"Sword Boomerang","floor":14},{"not_picked":["Reaper","Barricade"],"picked":"Demon Form","floor":16},{"not_picked":["Dual Wield","Carnage"],"picked":"Shockwave","floor":18},{"not_picked":["Iron Wave","Dual Wield"],"picked":"Shrug It Off","floor":21},{"not_picked":["Corruption","Havoc"],"picked":"Flame Barrier+1","floor":22},{"not_picked":["Cleave","Heavy Blade","Headbutt"],"picked":"SKIP","floor":24},{"not_picked":["Headbutt","Shrug It Off"],"picked":"Sword Boomerang+1","floor":25},{"not_picked":["Sentinel","Demon Form","Wild Strike+1"],"picked":"SKIP","floor":29},{"not_picked":["Second Wind","Perfected Strike","Armaments"],"picked":"SKIP","floor":31},{"not_picked":["Immolate","Juggernaut"],"picked":"Brutality","floor":33},{"not_picked":["Clothesline+1","Twin Strike"],"picked":"True Grit","floor":35},{"not_picked":["Flex","Warcry","Perfected Strike+1"],"picked":"SKIP","floor":38},{"not_picked":["Body Slam","Feel No Pain+1"],"picked":"Rupture","floor":40},{"not_picked":["Mind Blast","Deep Breath"],"picked":"Apotheosis","floor":42},{"not_picked":["Clash+1","Headbutt","Perfected Strike+1"],"picked":"SKIP","floor":45},{"not_picked":["Pommel Strike+1","Warcry"],"picked":"Disarm+1","floor":48},{"not_picked":["Twin Strike","Brutality"],"picked":"Flex+1","floor":54}],"player_experience":780256,"relics_obtained":[{"floor":7,"key":"Gremlin Horn"},{"floor":9,"key":"Sundial"},{"floor":36,"key":"Old Coin"},{"floor":40,"key":"Mercury Hourglass"},{"floor":43,"key":"Torii"},{"floor":54,"key":"Happy Flower"}],"event_choices":[{"damage_healed":0,"gold_gain":75,"player_choice":"Gather Gold","damage_taken":11,"max_hp_gain":0,"max_hp_loss":0,"event_name":"World of Goop","floor":2,"gold_loss":0},{"cards_removed":["Strike_R"],"damage_healed":0,"gold_gain":0,"player_choice":"Card Removal","damage_taken":7,"max_hp_gain":0,"max_hp_loss":0,"event_name":"Golden Wing","floor":13,"gold_loss":0},{"damage_healed":0,"gold_gain":0,"player_choice":"Simplicity","damage_taken":0,"max_hp_gain":0,"max_hp_loss":0,"event_name":"Back to Basics","floor":19,"gold_loss":0,"cards_upgraded":["Strike_R","Strike_R","Strike_R","Defend_R","Defend_R","Defend_R","Defend_R"]},{"damage_healed":0,"gold_gain":0,"player_choice":"Inject Mutagens","damage_taken":0,"relics_obtained":["MutagenicStrength"],"max_hp_gain":0,"max_hp_loss":0,"event_name":"Drug Dealer","floor":20,"gold_loss":0},{"damage_healed":0,"gold_gain":100,"player_choice":"Pray","damage_taken":0,"max_hp_gain":0,"max_hp_loss":0,"event_name":"Golden Shrine","floor":27,"gold_loss":0},{"cards_removed":["Strike_R"],"damage_healed":0,"gold_gain":0,"player_choice":"Gave Gold","damage_taken":0,"max_hp_gain":0,"max_hp_loss":0,"event_name":"Beggar","floor":30,"gold_loss":75},{"damage_healed":0,"gold_gain":0,"player_choice":"Fight","damage_taken":0,"max_hp_gain":0,"max_hp_loss":0,"event_name":"MindBloom","floor":36,"gold_loss":0},{"damage_healed":0,"gold_gain":0,"player_choice":"0 cards matched","damage_taken":0,"max_hp_gain":0,"max_hp_loss":0,"event_name":"Match and Keep!","floor":37,"gold_loss":0,"cards_obtained":[]},{"damage_healed":0,"gold_gain":0,"player_choice":"Ignored","damage_taken":0,"max_hp_gain":0,"max_hp_loss":0,"event_name":"Mysterious Sphere","floor":39,"gold_loss":0},{"damage_healed":0,"gold_gain":0,"player_choice":"Memory 1","damage_taken":0,"max_hp_gain":0,"max_hp_loss":0,"event_name":"SensoryStone","floor":42,"gold_loss":0}],"is_beta":false,"boss_relics":[{"not_picked":["Pandora\u0027s Box","Eternal Feather"],"picked":"Sozu"},{"not_picked":["Philosopher\u0027s Stone","Snecko Eye"],"picked":"Astrolabe"}],"items_purged_floors":[12,41,53],"is_endless":false,"potions_floor_spawned":[1,7,16,22,25,33,35,38,40,54],"killed_by":"The Heart","ascension_level":0}