{"gold_per_floor":[116,129,141,211,222,222,74,90,390,390,243,243,257,268,268,368,368,386,401,401,412,427,427,441,441,513,527,527,561,561,280,280,280],"floor_reached":33,"playtime":1206,"items_purged":["Strike_R","Strike_R","Strike_R"],"score":261,"play_id":"a6409a71-7ed1-4261-b584-19962a81be29","local_time":"20180716150355","is_ascension_mode":false,"campfire_choices":[{"data":"Shrug It Off","floor":6,"key":"SMITH"},{"data":"Seeing Red","floor":10,"key":"SMITH"},{"data":"Sword Boomerang","floor":15,"key":"SMITH"},{"floor":23,"key":"REST"},{"data":"Bludgeon","floor":25,"key":"SMITH"},{"data":"Bloodletting","floor":28,"key":"SMITH"},{"floor":30,"key":"REST"},{"floor":32,"key":"REST"}],"neow_cost":"NONE","seed_source_timestamp":240640402635926,"circlet_count":0,"master_deck":["Strike_R","Strike_R","Defend_R","Defend_R","Defend_R","Defend_R","Bash+1","Shrug It Off+1","Thunderclap","Sword Boomerang+1","Inflame+1","Seeing Red+1","Shrug It Off+1","Injury","Twin Strike","Twin Strike","Bludgeon+1","Headbutt","Bloodletting+1","Flame Barrier+1","Exhume","Spot Weakness","Pummel+1"],"relics":["Burning Blood","Frozen Egg 2","Old Coin","Busted Crown","Molten Egg 2","Self Forming Clay"],"potions_floor_usage":[16,21,29,29,33],"damage_taken":[{"damage":1,"enemies":"Cultist","floor":1,"turns":4},{"damage":2,"enemies":"Small Slimes","floor":2,"turns":4},{"damage":1,"enemies":"Jaw Worm","floor":3,"turns":4},{"damage":5,"enemies":"Red Slaver","floor":5,"turns":4},{"damage":6,"enemies":"Exordium Wildlife","floor":8,"turns":4},{"damage":0,"enemies":"2 Fungi Beasts","floor":13,"turns":3},{"damage":11,"enemies":"Red Slaver","floor":14,"turns":4},{"damage":42,"enemies":"Hexaghost","floor":16,"turns":8},{"damage":17,"enemies":"Spheric Guardian","floor":18,"turns":4},{"damage":11,"enemies":"Shell Parasite","floor":19,"turns":4},{"damage":14,"enemies":"Snake Plant","floor":21,"turns":3},{"damage":41,"enemies":"Snecko","floor":22,"turns":7},{"damage":9,"enemies":"Centurion and Healer","floor":24,"turns":4},{"damage":0,"enemies":"Cultist and Chosen","floor":27,"turns":4},{"damage":61,"enemies":"Gremlin Leader","floor":29,"turns":7},{"damage":56,"enemies":"Collector","floor":33,"turns":5}],"seed_played":"-238543653908760008","potions_obtained":[{"floor":8,"key":"Block Potion"},{"floor":13,"key":"PowerPotion"},{"floor":14,"key":"Ancient Potion"},{"floor":16,"key":"Weak Potion"},{"floor":21,"key":"Explosive Potion"},{"floor":27,"key":"Regen Potion"}],"is_trial":false,"path_per_floor":["M","M","M","T","M","R","$","M","T","R","$","?","M","M","R","B",null,"M","M","?","M","M","R","M","R","T","M","R","E","R","$","R"],"character_chosen":"IRONCLAD","items_purchased":["Inflame+1","Shrug It Off","Spot Weakness","SteroidPotion","Pummel+1"],"campfire_rested":3,"item_purchase_floors":[7,11,31,31,31],"current_hp_per_floor":[80,80,80,80,80,80,80,80,80,80,80,80,80,75,75,39,80,69,64,64,56,21,45,42,42,42,48,48,8,32,32,56,0],"gold":280,"neow_bonus":"UPGRADE_CARD","is_prod":false,"is_daily":false,"chose_seed":false,"campfire_upgraded":5,"win_rate":0,"timestamp":1531724635,"path_taken":["M","?","M","?","M","R","$","M","T","R","$","?","M","?","R","BOSS","M","M","?","M","M","R","M","R","T","?","R","E","R","?","R","BOSS"],"build_version":"2018-07-12","purchased_purges":3,"victory":false,"max_hp_per_floor":[80,80,80,80,80,80,80,80,80,80,80,80,80,80,80,80,80,80,80,80,80,80,80,80,80,80,80,80,80,80,80,80,80],"card_choices":[{"not_picked":["Headbutt","Searing Blow"],"picked":"Shrug It Off","floor":1},{"not_picked":["Heavy Blade","Warcry","Second Wind"],"picked":"SKIP","floor":2},{"not_picked":["Dropkick","Body Slam"],"picked":"Thunderclap","floor":3},{"not_picked":["Warcry","Havoc"],"picked":"Sword Boomerang","floor":5},{"not_picked":["Reckless Charge","Anger"],"picked":"Seeing Red","floor":8},{"not_picked":["Warcry","Shrug It Off"],"picked":"Twin Strike","floor":13},{"not_picked":["Sever Soul","Clothesline"],"picked":"Twin Strike","floor":14},{"not_picked":["Juggernaut+1","Fiend Fire"],"picked":"Bludgeon","floor":16},{"not_picked":["Searing Blow"],"picked":"SKIP","floor":18},{"not_picked":[],"picked":"Headbutt","floor":19},{"not_picked":["Body Slam"],"picked":"SKIP","floor":21},{"not_picked":[],"picked":"Flame Barrier+1","floor":22},{"not_picked":["Warcry"],"picked":"SKIP","floor":24},{"not_picked":["Flex"],"picked":"SKIP","floor":27},{"not_picked":[],"picked":"Exhume","floor":29}],"player_experience":675569,"relics_obtained":[{"floor":4,"key":"Frozen Egg 2"},{"floor":9,"key":"Old Coin"},{"floor":26,"key":"Molten Egg 2"},{"floor":29,"key":"Self Forming Clay"}],"event_choices":[{"event_name":"Accursed Blacksmith","player_choice":"Forge","floor":12,"damage_taken":0},{"event_name":"The Library","player_choice":"Read","floor":20,"damage_taken":0}],"boss_relics":[{"not_picked":["Tiny House","Velvet Choker"],"picked":"Busted Crown"}],"items_purged_floors":[7,11,31],"is_endless":false,"potions_floor_spawned":[8,13,14,16,19,21,27],"killed_by":"Collector","ascension_level":0}