{"gold_per_floor":[109,109,126,126,126,153,153,171,171,171,187,187,198,226,226,323,323,333,343,18,29,44,44,61,75,75,75,92,92,108,123,123,220,220,239,339,339,356,256,256,267,279,356,205,233,251,271,291,291,291],"floor_reached":51,"playtime":2398,"items_purged":["Strike_R","Strike_R","Clumsy"],"score":747,"play_id":"39623d28-91c9-4189-a1e7-e25dccf9608d","local_time":"20180719002720","is_ascension_mode":false,"campfire_choices":[{"data":"Limit Break","floor":7,"key":"SMITH"},{"data":"Flame Barrier","floor":10,"key":"SMITH"},{"data":"Bash","floor":12,"key":"SMITH"},{"data":"Armaments","floor":15,"key":"SMITH"},{"data":"Flex","floor":23,"key":"SMITH"},{"data":"Pommel Strike","floor":27,"key":"SMITH"},{"data":"Rage","floor":29,"key":"SMITH"},{"data":"Shrug It Off","floor":32,"key":"SMITH"},{"data":"Intimidate","floor":40,"key":"SMITH"},{"data":"Demon Form","floor":49,"key":"SMITH"}],"neow_cost":"NONE","seed_source_timestamp":446031728328643,"circlet_count":0,"master_deck":["Strike_R","Defend_R","Defend_R","Defend_R","Bash+1","Flame Barrier+1","Cleave","Limit Break+1","Headbutt","Twin Strike","Intimidate+1","Armaments+1","Reaper","Dual Wield+1","Flex+1","Rage+1","Shrug It Off+1","Pommel Strike+1","Inflame+1","Sword Boomerang+1","Feed+1","Shrug It Off+1","Sword Boomerang+1","Battle Trance+1","Inflame+1","Pommel Strike+1","Thunderclap+1","Demon Form+1","Heavy Blade+1","Iron Wave+1"],"relics":["Burning Blood","NeowsBlessing","Mercury Hourglass","Kunai","Matryoshka","ClockworkSouvenir","Molten Egg 2","Shuriken","Cursed Key","Anchor","Bottled Lightning","Potion Belt"],"potions_floor_usage":[14,19,19,30,33,50,50,50,50],"damage_taken":[{"damage":0,"enemies":"Small Slimes","floor":1,"turns":1},{"damage":0,"enemies":"Cultist","floor":3,"turns":1},{"damage":0,"enemies":"3 Sentries","floor":6,"turns":1},{"damage":3,"enemies":"2 Louse","floor":8,"turns":2},{"damage":16,"enemies":"Large Slime","floor":11,"turns":5},{"damage":8,"enemies":"Gremlin Gang","floor":13,"turns":3},{"damage":17,"enemies":"Gremlin Nob","floor":14,"turns":4},{"damage":14,"enemies":"Slime Boss","floor":16,"turns":8},{"damage":18,"enemies":"Spheric Guardian","floor":18,"turns":4},{"damage":1,"enemies":"3 Byrds","floor":19,"turns":4},{"damage":34,"enemies":"Sentry and Sphere","floor":21,"turns":6},{"damage":30,"enemies":"Centurion and Healer","floor":22,"turns":5},{"damage":10,"enemies":"Snake Plant","floor":24,"turns":3},{"damage":10,"enemies":"Cultist and Chosen","floor":25,"turns":4},{"damage":10,"enemies":"Centurion and Healer","floor":28,"turns":5},{"damage":20,"enemies":"3 Cultists","floor":30,"turns":4},{"damage":15,"enemies":"Snake Plant","floor":31,"turns":3},{"damage":1,"enemies":"Champ","floor":33,"turns":7},{"damage":0,"enemies":"Orb Walker","floor":35,"turns":2},{"damage":0,"enemies":"3 Darklings","floor":38,"turns":4},{"damage":4,"enemies":"Transient","floor":41,"turns":5},{"damage":6,"enemies":"Spire Growth","floor":42,"turns":3},{"damage":36,"enemies":"Nemesis","floor":45,"turns":7},{"damage":5,"enemies":"4 Shapes","floor":46,"turns":2},{"damage":0,"enemies":"Transient","floor":47,"turns":5},{"damage":0,"enemies":"Spire Growth","floor":48,"turns":4},{"damage":20,"enemies":"Donu and Deca","floor":50,"turns":5}],"seed_played":"5136452505728936482","potions_obtained":[{"floor":1,"key":"Ancient Potion"},{"floor":3,"key":"SneckoOil"},{"floor":11,"key":"PowerPotion"},{"floor":16,"key":"Energy Potion"},{"floor":24,"key":"GamblersBrew"},{"floor":25,"key":"Explosive Potion"},{"floor":31,"key":"Poison Potion"},{"floor":41,"key":"AttackPotion"},{"floor":42,"key":"Strength Potion"},{"floor":45,"key":"LiquidBronze"},{"floor":46,"key":"Block Potion"}],"is_trial":false,"path_per_floor":["M","?","M","?","?","E","R","M","T","R","M","R","M","E","R","B",null,"M","M","$","M","M","R","M","M","T","R","M","R","M","M","R","B",null,"M","?","?","M","$","R","M","M","T","$","E","M","M","M","R","B"],"character_chosen":"IRONCLAD","items_purchased":["ClockworkSouvenir","Flex","Pommel Strike+1"],"campfire_rested":0,"item_purchase_floors":[20,20,44],"current_hp_per_floor":[80,80,80,80,73,79,79,80,80,80,70,70,68,57,57,49,80,68,73,73,45,37,37,33,64,64,64,60,60,68,59,59,64,80,80,80,80,80,80,80,80,80,80,80,84,88,88,88,88,74],"gold":291,"neow_bonus":"THREE_ENEMY_KILL","is_prod":false,"is_daily":false,"chose_seed":false,"campfire_upgraded":10,"win_rate":0,"timestamp":1531931240,"path_taken":["M","?","M","?","?","E","R","M","T","R","M","R","M","E","R","BOSS","M","M","$","M","M","R","M","M","T","R","M","R","M","M","R","BOSS","M","?","?","M","$","R","M","M","T","$","E","M","M","?","R","BOSS"],"build_version":"2018-07-12","purchased_purges":3,"victory":true,"max_hp_per_floor":[80,80,80,80,80,80,80,80,80,80,80,80,80,80,80,80,80,80,80,80,80,80,80,80,80,80,80,80,80,80,80,80,80,80,80,80,80,80,80,80,80,80,80,80,84,88,88,88,88,88],"card_choices":[{"not_picked":["Heavy Blade","Havoc"],"picked":"Flame Barrier","floor":1},{"not_picked":["Flex","Dual Wield"],"picked":"Cleave","floor":3},{"not_picked":["Sentinel","Sword Boomerang"],"picked":"Limit Break","floor":6},{"not_picked":["Perfected Strike","Flex"],"picked":"Headbutt","floor":8},{"not_picked":["Feel No Pain","Wild Strike"],"picked":"Twin Strike","floor":11},{"not_picked":["Dark Embrace","Havoc"],"picked":"Intimidate","floor":13},{"not_picked":["Metallicize","Iron Wave"],"picked":"Armaments","floor":14},{"not_picked":["Exhume","Brutality"],"picked":"Reaper","floor":16},{"not_picked":["Combust+1","Corruption"],"picked":"Dual Wield+1","floor":18},{"not_picked":["Rupture+1","Shockwave+1","Clash"],"picked":"SKIP","floor":19},{"not_picked":["Disarm","Perfected Strike"],"picked":"Rage","floor":21},{"not_picked":["Cleave+1","Twin Strike"],"picked":"Shrug It Off+1","floor":22},{"not_picked":["Havoc","Armaments"],"picked":"Pommel Strike","floor":24},{"not_picked":["Headbutt","Whirlwind"],"picked":"Inflame+1","floor":25},{"not_picked":["Feel No Pain","Power Through"],"picked":"Sword Boomerang+1","floor":28},{"not_picked":["Fire Breathing","Cleave+1"],"picked":"Feed+1","floor":30},{"not_picked":["Wild Strike+1","Ghostly Armor+1"],"picked":"Shrug It Off","floor":31},{"not_picked":["Searing Blow+1","Havoc+1","Flex+1"],"picked":"SKIP","floor":35},{"not_picked":["Twin Strike+1","Havoc"],"picked":"Sword Boomerang+1","floor":38},{"not_picked":["Rupture","Second Wind+1"],"picked":"Battle Trance+1","floor":41},{"not_picked":["Havoc","Cleave+1"],"picked":"Inflame+1","floor":42},{"not_picked":["Fire Breathing","Sever Soul+1"],"picked":"Thunderclap+1","floor":45},{"not_picked":["Evolve+1","Whirlwind+1"],"picked":"Demon Form","floor":46},{"not_picked":["Iron Wave+1","Clash+1"],"picked":"Heavy Blade+1","floor":47},{"not_picked":["Clash+1","Flame Barrier"],"picked":"Iron Wave+1","floor":48}],"player_experience":679477,"relics_obtained":[{"floor":6,"key":"Mercury Hourglass"},{"floor":9,"key":"Kunai"},{"floor":14,"key":"Matryoshka"},{"floor":26,"key":"Molten Egg 2"},{"floor":26,"key":"Shuriken"},{"floor":43,"key":"Anchor"},{"floor":43,"key":"Bottled Lightning"},{"floor":45,"key":"Potion Belt"}],"event_choices":[{"event_name":"Liars Game","player_choice":"disagreed","floor":2,"damage_taken":0},{"event_name":"Purifier","player_choice":"One Purge","floor":4,"damage_taken":0},{"event_name":"Golden Wing","player_choice":"Card Removal","floor":5,"damage_taken":0},{"event_name":"Golden Shrine","player_choice":"Pray","floor":36,"damage_taken":0},{"event_name":"Purifier","player_choice":"One Purge","floor":37,"damage_taken":0}],"boss_relics":[{"not_picked":["Snecko Eye","Calling Bell","Runic Dome"]},{"not_picked":["Runic Cube","White Beast Statue"],"picked":"Cursed Key"}],"items_purged_floors":[20,39,44],"is_endless":false,"potions_floor_spawned":[1,3,11,16,24,25,28,31,41,42,45,46],"ascension_level":0}