{"gold_per_floor":[113,113,113,132,146,146,181,181,181,151,176,176,191,209,209,305,355,373,323,304,321,341,341,10,10,10,10,22,33,33,68,68,167,167,184,184,1183,1198,1198,1198,1213,1228,1228,1228,1228,63,83,97,97,97],"floor_reached":51,"playtime":4190,"items_purged":["Normality"],"score":1121,"play_id":"2bc2bd0e-6bd6-4122-a89c-23def02279df","local_time":"20190412172043","is_ascension_mode":true,"campfire_choices":[{"data":"Combust","floor":6.0,"key":"SMITH"},{"floor":8.0,"key":"REST"},{"floor":15.0,"key":"REST"},{"floor":23.0,"key":"REST"},{"data":"True Grit","floor":25.0,"key":"SMITH"},{"data":"Shrug It Off","floor":27.0,"key":"SMITH"},{"floor":32.0,"key":"REST"},{"floor":40,"key":"REST"},{"floor":44,"key":"REST"},{"data":"Immolate","floor":49,"key":"SMITH"}],"neow_cost":"NONE","seed_source_timestamp":138719484789673,"circlet_count":0,"master_deck":["AscendersBane","Strike_R+1","Strike_R","Strike_R","Strike_R","Strike_R","Defend_R","Defend_R","Defend_R","Defend_R","Combust+1","Clothesline","Power Through","Whirlwind","Battle Trance","Flame Barrier","True Grit+1","Metallicize+1","Immolate+1","Shrug It Off+1","Feel No Pain+1","Havoc","Spot Weakness","Combust+1","Combust+1","Rupture+1","Fire Breathing+1","Barricade+1","Intimidate+1","Dark Embrace+1","Battle Trance","Normality","Disarm+1","Corruption+1","Ghostly Armor","Metallicize+1","Inflame+1","Demon Form+1","Inflame+1"],"special_seed":0,"relics":["Black Blood","Omamori","Shuriken","The Courier","Frozen Egg 2","Mummified Hand","Oddly Smooth Stone","Tiny House","Ancient Tea Set","Gremlin Horn","Art of War","Red Skull","Bottled Flame","Lee\u0027s Waffle","Pear","Bag of Preparation","Gambling Chip","Ice Cream"],"potions_floor_usage":[42,42,50,50,50,50],"damage_taken":[{"damage":11.0,"enemies":"2 Louse","floor":1.0,"turns":3.0},{"damage":5.0,"enemies":"Small Slimes","floor":4.0,"turns":3.0},{"damage":3.0,"enemies":"Cultist","floor":5.0,"turns":4.0},{"damage":29.0,"enemies":"Gremlin Nob","floor":7.0,"turns":5.0},{"damage":3.0,"enemies":"Looter","floor":10.0,"turns":4.0},{"damage":39.0,"enemies":"3 Sentries","floor":11.0,"turns":5.0},{"damage":11.0,"enemies":"Large Slime","floor":13.0,"turns":5.0},{"damage":0.0,"enemies":"3 Louse","floor":14.0,"turns":2.0},{"damage":31.0,"enemies":"The Guardian","floor":16.0,"turns":18.0},{"damage":13.0,"enemies":"Shell Parasite","floor":18.0,"turns":7.0},{"damage":0.0,"enemies":"2 Thieves","floor":20.0,"turns":4.0},{"damage":10.0,"enemies":"3 Cultists","floor":21.0,"turns":3.0},{"damage":36.0,"enemies":"Centurion and Healer","floor":22.0,"turns":8.0},{"damage":6.0,"enemies":"Snecko","floor":28.0,"turns":5.0},{"damage":6.0,"enemies":"Cultist and Chosen","floor":29.0,"turns":4.0},{"damage":10.0,"enemies":"Gremlin Leader","floor":31.0,"turns":4.0},{"damage":43.0,"enemies":"Champ","floor":33.0,"turns":13.0},{"damage":46.0,"enemies":"3 Darklings","floor":35.0,"turns":4.0},{"damage":4,"enemies":"3 Shapes","floor":38,"turns":6},{"damage":51,"enemies":"Spire Growth","floor":41,"turns":8},{"damage":36,"enemies":"3 Darklings","floor":42,"turns":4},{"damage":4,"enemies":"4 Shapes","floor":47,"turns":2},{"damage":17,"enemies":"Transient","floor":48,"turns":5},{"damage":58,"enemies":"Awakened One","floor":50,"turns":12}],"seed_played":"-6349603669569330171","potions_obtained":[{"floor":1.0,"key":"SpeedPotion"},{"floor":11.0,"key":"Weak Potion"},{"floor":16.0,"key":"SkillPotion"},{"floor":17.0,"key":"Block Potion"},{"floor":18.0,"key":"Poison Potion"},{"floor":22.0,"key":"Weak Potion"},{"floor":38,"key":"BloodPotion"},{"floor":41,"key":"EssenceOfSteel"},{"floor":47,"key":"EntropicBrew"}],"is_trial":false,"path_per_floor":["M","?","?","M","M","R","E","R","T","M","E","?","M","M","R","B",null,"M","?","M","M","M","R","$","R","T","R","M","M","?","E","R","B",null,"M","?","?","M","?","R","M","M","T","R","?","$","M","M","R","B",null],"character_chosen":"IRONCLAD","items_purchased":["Ancient Tea Set","Combust+1","Rupture+1","Fire Breathing+1","Block Potion","Lee\u0027s Waffle","Pear","Inflame+1","Bag of Preparation","Gambling Chip","Ice Cream","Dexterity Potion","AttackPotion"],"campfire_rested":6,"item_purchase_floors":[24,24,24,24,24,46,46,46,46,46,46,46,46],"current_hp_per_floor":[67,49,49,50,53,53,30,54,54,57,24,24,19,25,49,24,71,64,64,70,66,36,61,61,61,61,61,61,61,61,57,82,45,75,39,39,39,45,45,70,29,11,11,36,36,102,102,95,95,47],"gold":97,"neow_bonus":"RANDOM_COMMON_RELIC","is_prod":false,"is_daily":false,"chose_seed":false,"campfire_upgraded":4,"win_rate":0,"timestamp":1555107643,"path_taken":["M","?","?","M","M","R","E","R","T","M","E","?","M","M","R","BOSS","M","?","?","M","M","R","$","R","T","R","M","M","?","E","R","BOSS","M","?","?","M","?","R","M","M","T","R","?","$","?","M","R","BOSS"],"build_version":"2019-01-23","purchased_purges":1,"victory":true,"max_hp_per_floor":[80,80,80,80,80,80,80,80,80,80,80,80,80,80,80,80,85,85,85,85,85,85,85,85,85,85,85,85,85,85,85,85,85,85,85,85,85,85,85,85,85,85,85,85,85,102,102,102,102,102],"card_choices":[{"not_picked":["Entrench","Anger"],"picked":"Combust","floor":1.0},{"not_picked":["Clash","Anger"],"picked":"Clothesline","floor":4.0},{"not_picked":["Clothesline","Armaments"],"picked":"Power Through","floor":5.0},{"not_picked":["Corruption","Sword Boomerang"],"picked":"Whirlwind","floor":7.0},{"not_picked":["Anger","Body Slam"],"picked":"Battle Trance","floor":10.0},{"not_picked":["Wild Strike","Cleave"],"picked":"Flame Barrier","floor":11.0},{"not_picked":["Body Slam","Infernal Blade"],"picked":"True Grit","floor":13.0},{"not_picked":["Armaments","Whirlwind"],"picked":"Metallicize+1","floor":14.0},{"not_picked":["Exhume","Bludgeon"],"picked":"Immolate","floor":16.0},{"not_picked":["Wild Strike","Pommel Strike"],"picked":"Shrug It Off","floor":17.0},{"not_picked":["Rage","Clothesline"],"picked":"Feel No Pain+1","floor":18.0},{"not_picked":["Heavy Blade","Body Slam"],"picked":"Havoc","floor":20.0},{"not_picked":["Iron Wave+1","Whirlwind"],"picked":"Spot Weakness","floor":21.0},{"not_picked":["Wild Strike","Headbutt"],"picked":"Combust+1","floor":22.0},{"not_picked":["True Grit","Rampage","Wild Strike"],"picked":"SKIP","floor":28.0},{"not_picked":["True Grit","Wild Strike"],"picked":"Barricade+1","floor":29.0},{"not_picked":["Entrench","Clash"],"picked":"Intimidate+1","floor":31.0},{"not_picked":["Feed","Double Tap"],"picked":"Dark Embrace+1","floor":33.0},{"not_picked":["Body Slam","Wild Strike+1"],"picked":"Battle Trance","floor":35.0},{"not_picked":["Clothesline","Thunderclap+1"],"picked":"Disarm+1","floor":38},{"not_picked":["Clothesline+1","Pommel Strike"],"picked":"Corruption+1","floor":41},{"not_picked":["Perfected Strike+1","Infernal Blade"],"picked":"Ghostly Armor","floor":42},{"not_picked":["Clash","Cleave"],"picked":"Demon Form+1","floor":47},{"not_picked":["Clothesline","Havoc"],"picked":"Inflame+1","floor":48}],"player_experience":432488,"relics_obtained":[{"floor":7.0,"key":"The Courier"},{"floor":9.0,"key":"Frozen Egg 2"},{"floor":11.0,"key":"Mummified Hand"},{"floor":26.0,"key":"Gremlin Horn"},{"floor":31.0,"key":"Red Skull"},{"floor":43,"key":"Bottled Flame"}],"event_choices":[{"damage_healed":0.0,"max_hp_gain":0.0,"max_hp_loss":0.0,"gold_gain":0.0,"event_name":"Scrap Ooze","player_choice":"Success","floor":2.0,"gold_loss":0.0,"damage_taken":18.0,"relics_obtained":["Shuriken"]},{"damage_healed":0.0,"max_hp_gain":0.0,"max_hp_loss":0.0,"gold_gain":0.0,"event_name":"Golden Wing","player_choice":"Ignored","floor":3.0,"gold_loss":0.0,"damage_taken":0.0},{"damage_healed":0.0,"max_hp_gain":0.0,"max_hp_loss":0.0,"gold_gain":0.0,"event_name":"Big Fish","player_choice":"Box","floor":12.0,"gold_loss":0.0,"damage_taken":0.0,"relics_obtained":["Oddly Smooth Stone"],"cards_obtained":["Regret"]},{"damage_healed":0.0,"max_hp_gain":0.0,"max_hp_loss":0.0,"gold_gain":0.0,"event_name":"The Joust","player_choice":"Bet on Murderer","floor":19.0,"gold_loss":50.0,"damage_taken":0.0},{"damage_healed":0.0,"max_hp_gain":0.0,"max_hp_loss":0.0,"gold_gain":0.0,"event_name":"The Mausoleum","player_choice":"Opened","floor":30.0,"gold_loss":0.0,"damage_taken":0.0,"relics_obtained":["Art of War"],"cards_obtained":["Writhe"]},{"damage_healed":0,"gold_gain":0,"player_choice":"Ignored","damage_taken":0,"max_hp_gain":0,"max_hp_loss":0,"event_name":"Mysterious Sphere","floor":36,"gold_loss":0},{"damage_healed":0,"gold_gain":999,"player_choice":"Gold","damage_taken":0,"max_hp_gain":0,"max_hp_loss":0,"event_name":"MindBloom","floor":37,"gold_loss":0,"cards_obtained":["Normality","Normality"]},{"cards_removed":["Bash"],"damage_healed":0,"gold_gain":0,"player_choice":"Removed Attack","damage_taken":0,"max_hp_gain":0,"max_hp_loss":0,"event_name":"Falling","floor":39,"gold_loss":0},{"damage_healed":0,"gold_gain":0,"player_choice":"Copied","damage_taken":0,"max_hp_gain":0,"max_hp_loss":0,"event_name":"Duplicator","floor":45,"gold_loss":0,"cards_obtained":["Metallicize"]}],"is_beta":false,"boss_relics":[{"not_picked":["Lizard Tail","Empty Cage"],"picked":"Tiny House"},{"not_picked":["Mark of Pain","Runic Dome"],"picked":"Black Blood"}],"items_purged_floors":[46],"is_endless":false,"potions_floor_spawned":[1,11,13,16,18,22,28,38,41,47],"ascension_level":12}