{"gold_per_floor":[109,32,32,32,46,46,66,85,134,134,147,173,173,202,202,300,300,313,58,68,68,79,111,111,122,198,26,43,78,90,119,131,240,252,279,1290,1302,269,281,313,313,328,328,339,339,354,54,73,73,73],"floor_reached":51,"playtime":5217,"items_purged":["Strike_G","Strike_G","Regret","Normality"],"score":950,"play_id":"00334867-1efd-4df4-944d-f343f4a0b60f","local_time":"20190330185736","is_ascension_mode":true,"campfire_choices":[{"data":"Terror","floor":6,"key":"SMITH"},{"data":"Caltrops","floor":10,"key":"SMITH"},{"data":"Bane","floor":13,"key":"SMITH"},{"data":"Bouncing Flask","floor":15,"key":"SMITH"},{"floor":30,"key":"REST"},{"data":"Footwork","floor":32,"key":"SMITH"},{"floor":41,"key":"REST"},{"floor":45,"key":"REST"},{"floor":49,"key":"REST"}],"neow_cost":"NONE","seed_source_timestamp":91416283515500,"circlet_count":0,"master_deck":["Defend_G","Defend_G","Defend_G","Defend_G+1","Defend_G+1","Strike_G","Strike_G","Survivor+1","Neutralize+1","Backflip","Bane+1","Terror+1","Caltrops+1","Dodge and Roll","Bouncing Flask+1","Dash","Adrenaline+1","Deadly Poison","Noxious Fumes+1","PiercingWail","Prepared+1","Footwork+1","Calculated Gamble","PiercingWail","Blade Dance+1","Burst","Skewer+1","Normality","Phantasmal Killer+1","Transmutation+1","PiercingWail+1","Dagger Spray+1","Distraction+1","PiercingWail+1","Terror+1","Dodge and Roll+1"],"relics":["Ring of the Snake","Oddly Smooth Stone","Strawberry","Tingsha","Black Star","Blood Vial","Dead Branch","Orichalcum","War Paint","Bottled Flame","Omamori","MawBank","Calling Bell","Vajra","Ornamental Fan","Calipers","Toxic Egg 2","Pen Nib","HandDrill","Bag of Marbles","Shuriken","Letter Opener","Bronze Scales"],"potions_floor_usage":[12,14,18,25,33,33,35,39,46],"damage_taken":[{"damage":0,"enemies":"Small Slimes","floor":1,"turns":3},{"damage":0,"enemies":"2 Louse","floor":5,"turns":3},{"damage":0,"enemies":"Jaw Worm","floor":7,"turns":5},{"damage":0,"enemies":"Exordium Wildlife","floor":8,"turns":4},{"damage":7,"enemies":"Exordium Thugs","floor":11,"turns":5},{"damage":9,"enemies":"Gremlin Nob","floor":12,"turns":4},{"damage":5,"enemies":"3 Sentries","floor":14,"turns":9},{"damage":0,"enemies":"Hexaghost","floor":16,"turns":8},{"damage":10,"enemies":"Spheric Guardian","floor":18,"turns":4},{"damage":0,"enemies":"3 Byrds","floor":20,"turns":3},{"damage":7,"enemies":"Centurion and Healer","floor":22,"turns":7},{"damage":42,"enemies":"Slavers","floor":23,"turns":6},{"damage":13,"enemies":"3 Cultists","floor":25,"turns":4},{"damage":14,"enemies":"Snecko","floor":28,"turns":5},{"damage":11,"enemies":"Gremlin Leader","floor":29,"turns":5},{"damage":7,"enemies":"Snake Plant","floor":31,"turns":4},{"damage":36,"enemies":"Collector","floor":33,"turns":10},{"damage":1,"enemies":"3 Shapes","floor":35,"turns":4},{"damage":21,"enemies":"3 Darklings","floor":39,"turns":7},{"damage":55,"enemies":"Reptomancer","floor":40,"turns":7},{"damage":4,"enemies":"4 Shapes","floor":42,"turns":1},{"damage":0,"enemies":"Sphere and 2 Shapes","floor":44,"turns":4},{"damage":5,"enemies":"3 Darklings","floor":46,"turns":5},{"damage":16,"enemies":"Writhing Mass","floor":48,"turns":7},{"damage":54,"enemies":"Donu and Deca","floor":50,"turns":8}],"seed_played":"1392268166686825503","potions_obtained":[{"floor":5,"key":"Weak Potion"},{"floor":12,"key":"Block Potion"},{"floor":16,"key":"SkillPotion"},{"floor":23,"key":"Poison Potion"},{"floor":28,"key":"SpeedPotion"},{"floor":31,"key":"LiquidBronze"},{"floor":33,"key":"SkillPotion"},{"floor":42,"key":"Block Potion"},{"floor":44,"key":"GhostInAJar"},{"floor":48,"key":"Weak Potion"}],"is_trial":false,"path_per_floor":["M","$","?","?","M","R","M","M","T","R","M","E","R","E","R","B",null,"M","$","M","?","M","E","?","M","T","$","M","E","R","M","R","B",null,"M","?","?","$","M","E","R","M","T","M","R","M","$","M","R","B",null],"character_chosen":"THE_SILENT","items_purchased":["Infinite Blades","Blood Vial","Deadly Poison","Footwork","Toxic Egg 2","Phantasmal Killer+1","Pen Nib","HandDrill","EssenceOfSteel","Transmutation+1","Bronze Scales"],"campfire_rested":4,"item_purchase_floors":[2,19,19,27,38,38,38,38,38,38,47],"current_hp_per_floor":[70,70,56,56,56,56,56,56,56,56,49,47,47,42,42,42,77,67,67,69,69,64,24,49,38,38,38,26,17,40,35,35,1,77,76,76,76,76,56,3,26,24,24,26,49,46,46,32,55,3],"gold":73,"neow_bonus":"UPGRADE_CARD","is_prod":false,"is_daily":false,"chose_seed":false,"campfire_upgraded":5,"win_rate":0,"timestamp":1553968656,"path_taken":["M","$","?","?","M","R","M","M","T","R","M","E","R","E","R","BOSS","M","$","M","?","M","E","?","M","T","$","M","E","R","M","R","BOSS","M","?","?","$","M","E","R","M","T","M","R","M","?","M","R","BOSS"],"build_version":"2019-01-23","purchased_purges":4,"victory":true,"max_hp_per_floor":[70,70,70,70,70,70,70,70,70,70,70,77,77,77,77,77,77,77,77,77,77,77,77,77,77,77,77,77,77,77,77,77,77,77,77,77,77,77,77,77,77,77,77,77,77,77,77,77,77,77],"card_choices":[{"not_picked":["Underhanded Strike","Outmaneuver"],"picked":"Backflip","floor":1},{"not_picked":["Catalyst","Dodge and Roll"],"picked":"Terror","floor":5},{"not_picked":["Concentrate","Dagger Throw"],"picked":"Caltrops","floor":7},{"not_picked":["Acrobatics","Deflect","Sucker Punch"],"picked":"SKIP","floor":8},{"not_picked":["Backflip","Choke"],"picked":"Dodge and Roll","floor":11},{"not_picked":["Doppelganger","Leg Sweep"],"picked":"Bouncing Flask","floor":12},{"not_picked":["Blur","Poisoned Stab"],"picked":"Dash","floor":14},{"not_picked":["Wraith Form v2","Night Terror"],"picked":"Adrenaline","floor":16},{"not_picked":["Blade Dance","Flechettes","Cloak And Dagger"],"picked":"SKIP","floor":18},{"not_picked":["Underhanded Strike+1","Cloak And Dagger"],"picked":"Noxious Fumes+1","floor":20},{"not_picked":["Dagger Spray","Prepared","Underhanded Strike"],"picked":"SKIP","floor":22},{"not_picked":["Poisoned Stab","Slice"],"picked":"PiercingWail","floor":23},{"not_picked":["Riddle With Holes+1","Dash"],"picked":"Prepared+1","floor":25},{"not_picked":["Dagger Spray","Distraction+1"],"picked":"Calculated Gamble","floor":28},{"not_picked":["Finisher+1","Unload"],"picked":"PiercingWail","floor":29},{"not_picked":["Slice","Terror"],"picked":"Blade Dance+1","floor":31},{"not_picked":["Malaise","Corpse Explosion"],"picked":"Burst","floor":33},{"not_picked":["Catalyst+1","Deflect+1"],"picked":"Skewer+1","floor":35},{"not_picked":["Glass Knife","Backflip+1"],"picked":"PiercingWail+1","floor":39},{"not_picked":["Skewer","Finisher+1"],"picked":"Dagger Spray+1","floor":40},{"not_picked":["Infinite Blades","Deadly Poison+1"],"picked":"Distraction+1","floor":42},{"not_picked":["Backflip+1","Deflect+1"],"picked":"PiercingWail+1","floor":44},{"not_picked":["Dagger Spray+1","Dagger Throw"],"picked":"Terror+1","floor":46},{"not_picked":["Wraith Form v2","Backflip+1"],"picked":"Dodge and Roll+1","floor":48}],"player_experience":479792,"relics_obtained":[{"floor":9,"key":"Oddly Smooth Stone"},{"floor":12,"key":"Strawberry"},{"floor":14,"key":"Tingsha"},{"floor":23,"key":"Orichalcum"},{"floor":23,"key":"War Paint"},{"floor":26,"key":"Bottled Flame"},{"floor":29,"key":"Omamori"},{"floor":29,"key":"MawBank"},{"floor":34,"key":"Vajra"},{"floor":34,"key":"Ornamental Fan"},{"floor":34,"key":"Calipers"},{"floor":40,"key":"Bag of Marbles"},{"floor":40,"key":"Shuriken"},{"floor":43,"key":"Letter Opener"}],"event_choices":[{"damage_healed":0,"gold_gain":0,"player_choice":"Entered Light","damage_taken":14,"max_hp_gain":0,"max_hp_loss":0,"event_name":"Shining Light","floor":3,"gold_loss":0,"cards_upgraded":["Defend_G","Survivor"]},{"damage_healed":0,"gold_gain":0,"cards_transformed":["Strike_G"],"player_choice":"Change","damage_taken":0,"max_hp_gain":0,"max_hp_loss":0,"event_name":"Living Wall","floor":4,"gold_loss":0,"cards_obtained":["Bane"]},{"damage_healed":0,"gold_gain":0,"player_choice":"Opened","damage_taken":0,"relics_obtained":["Dead Branch"],"max_hp_gain":0,"max_hp_loss":0,"event_name":"The Mausoleum","floor":21,"gold_loss":0},{"damage_healed":25,"gold_gain":0,"player_choice":"Heal","damage_taken":0,"max_hp_gain":0,"max_hp_loss":0,"event_name":"The Library","floor":24,"gold_loss":0},{"damage_healed":0,"gold_gain":999,"player_choice":"Gold","damage_taken":0,"max_hp_gain":0,"max_hp_loss":0,"event_name":"MindBloom","floor":36,"gold_loss":0,"cards_obtained":["Normality","Normality"]},{"cards_removed":["Infinite Blades"],"damage_healed":0,"gold_gain":0,"player_choice":"Removed Power","damage_taken":0,"max_hp_gain":0,"max_hp_loss":0,"event_name":"Falling","floor":37,"gold_loss":0}],"is_beta":false,"boss_relics":[{"not_picked":["Orrery","Eternal Feather"],"picked":"Black Star"},{"not_picked":["Fusion Hammer","Runic Dome"],"picked":"Calling Bell"}],"items_purged_floors":[19,27,38,47],"is_endless":false,"potions_floor_spawned":[5,12,16,23,28,31,33,42,44,48],"ascension_level":4}