{"gold_per_floor":[116,116,131,56,68,68,97,97,148,223,173,190,190,115,115,216,216,233,181,193,212,230,230,230,230,301,301,301,114,126,51,51,153,153,164,174,174,192,192,192,204,204,204,223,223,247,273,283,283,283],"floor_reached":51,"playtime":2068,"items_purged":["Strike_B"],"score":806,"play_id":"0e237e4e-45f4-4d61-a443-4a36a6e0e580","local_time":"20190408220522","is_ascension_mode":true,"campfire_choices":[{"data":"Sunder","floor":6,"key":"SMITH"},{"data":"Chaos","floor":8,"key":"SMITH"},{"data":"Dualcast","floor":13,"key":"SMITH"},{"data":"Melter","floor":15,"key":"SMITH"},{"data":"Echo Form","floor":23,"key":"SMITH"},{"data":"Darkness","floor":25,"key":"SMITH"},{"data":"RitualDagger","floor":28,"key":"SMITH"},{"data":"Thinking Ahead","floor":32,"key":"SMITH"},{"data":"Blind","floor":40,"key":"SMITH"},{"data":"Force Field","floor":42,"key":"SMITH"},{"data":"Redo","floor":45,"key":"SMITH"},{"data":"Hologram","floor":49,"key":"SMITH"}],"neow_cost":"NONE","seed_source_timestamp":194090672094858,"circlet_count":0,"master_deck":["Strike_B","Defend_B","Defend_B","Defend_B","Defend_B+1","Zap+1","Dualcast+1","Self Repair","Sweeping Beam","Sunder+1","Glacier+1","Storm","Chaos+1","Melter+1","Biased Cognition","Darkness+1","Conserve Battery","Go for the Eyes+1","Echo Form+1","Leap+1","RitualDagger+1","Thinking Ahead+1","Cold Snap+1","Electrodynamics+1","Static Discharge+1","Redo+1","Streamline+1","Blind+1","Force Field+1","Consume+1","Hologram+1","BootSequence+1"],"relics":["Cracked Core","PreservedInsect","Pen Nib","Coffee Dripper","Pocketwatch","Frozen Egg 2","Inserter","Meat on the Bone","War Paint","Blue Candle"],"potions_floor_usage":[16,20,33,33,38,48,50,50],"damage_taken":[{"damage":0,"enemies":"2 Louse","floor":1,"turns":2},{"damage":7,"enemies":"Small Slimes","floor":3,"turns":3},{"damage":0,"enemies":"Cultist","floor":5,"turns":3},{"damage":16,"enemies":"Lagavulin","floor":7,"turns":7},{"damage":3,"enemies":"Red Slaver","floor":12,"turns":4},{"damage":22,"enemies":"Hexaghost","floor":16,"turns":8},{"damage":5,"enemies":"Chosen","floor":18,"turns":4},{"damage":5,"enemies":"3 Byrds","floor":20,"turns":2},{"damage":0,"enemies":"Snake Plant","floor":21,"turns":2},{"damage":10,"enemies":"Centurion and Healer","floor":22,"turns":6},{"damage":0,"enemies":"Sentry and Sphere","floor":30,"turns":3},{"damage":23,"enemies":"Collector","floor":33,"turns":8},{"damage":5,"enemies":"3 Shapes","floor":35,"turns":4},{"damage":7,"enemies":"3 Darklings","floor":36,"turns":2},{"damage":26,"enemies":"Transient","floor":38,"turns":5},{"damage":14,"enemies":"Sphere and 2 Shapes","floor":41,"turns":2},{"damage":8,"enemies":"4 Shapes","floor":44,"turns":2},{"damage":30,"enemies":"Nemesis","floor":47,"turns":7},{"damage":0,"enemies":"Maw","floor":48,"turns":7},{"damage":61,"enemies":"Donu and Deca","floor":50,"turns":7}],"seed_played":"-6928040482992641783","potions_obtained":[{"floor":7,"key":"SpeedPotion"},{"floor":12,"key":"Regen Potion"},{"floor":18,"key":"Explosive Potion"},{"floor":20,"key":"Fire Potion"},{"floor":22,"key":"Poison Potion"},{"floor":35,"key":"AttackPotion"},{"floor":38,"key":"Explosive Potion"},{"floor":48,"key":"Regen Potion"}],"is_trial":false,"path_per_floor":["M","?","M","$","M","R","E","R","T","?","?","M","R","$","R","B",null,"M","$","M","M","M","R","T","R","T","?","R","$","M","?","R","B",null,"M","M","?","M","?","R","M","R","T","M","R","T","E","M","R","B",null],"character_chosen":"DEFECT","items_purchased":["Glacier","Conserve Battery","Thinking Ahead"],"campfire_rested":0,"item_purchase_floors":[4,19,29],"current_hp_per_floor":[75,75,75,75,75,75,66,66,66,55,55,59,59,59,59,59,75,75,75,75,75,72,72,72,72,72,66,66,66,75,75,75,59,75,75,68,68,49,49,49,42,42,42,46,46,46,35,54,54,20],"gold":283,"neow_bonus":"THREE_CARDS","is_prod":false,"is_daily":false,"chose_seed":false,"campfire_upgraded":12,"win_rate":0,"timestamp":1554732322,"path_taken":["M","?","M","$","M","R","E","R","T","?","?","M","R","?","R","BOSS","M","$","M","?","M","R","?","R","T","?","R","?","?","?","R","BOSS","M","M","?","M","?","R","M","R","T","M","R","?","E","?","R","BOSS"],"build_version":"2019-01-23","purchased_purges":1,"victory":true,"max_hp_per_floor":[75,75,75,75,75,75,75,75,75,75,75,75,75,75,75,75,75,75,75,75,75,75,75,75,75,75,75,75,75,75,75,75,75,75,75,75,75,75,75,75,75,75,75,75,75,75,75,75,75,75],"card_choices":[{"not_picked":["Beam Cell","Barrage"],"picked":"Self Repair","floor":0},{"not_picked":["Stack","Barrage"],"picked":"Sweeping Beam","floor":1},{"not_picked":["Barrage","Cold Snap"],"picked":"Sunder","floor":3},{"not_picked":["Gash","Cold Snap"],"picked":"Storm","floor":5},{"not_picked":["Beam Cell","Gash"],"picked":"Chaos","floor":7},{"not_picked":["Double Energy","Gash"],"picked":"Melter","floor":12},{"not_picked":["Rainbow","Fission"],"picked":"Biased Cognition","floor":16},{"not_picked":["Rebound","Streamline"],"picked":"Darkness","floor":18},{"not_picked":["Static Discharge","Stack"],"picked":"Go for the Eyes+1","floor":20},{"not_picked":["Conserve Battery","Cold Snap"],"picked":"Echo Form","floor":21},{"not_picked":["Turbo","Conserve Battery"],"picked":"Leap+1","floor":22},{"not_picked":["Steam","Turbo"],"picked":"Cold Snap+1","floor":30},{"not_picked":["Buffer+1","Core Surge"],"picked":"Electrodynamics+1","floor":33},{"not_picked":["Genetic Algorithm+1","Coolheaded+1"],"picked":"Static Discharge+1","floor":35},{"not_picked":["Sweeping Beam","Ball Lightning+1"],"picked":"Redo","floor":36},{"not_picked":["Ball Lightning+1","Cold Snap+1"],"picked":"Streamline+1","floor":38},{"not_picked":["Deep Breath","Purity"],"picked":"Blind","floor":39},{"not_picked":["Hello World+1","Ball Lightning"],"picked":"Force Field","floor":41},{"not_picked":["Fusion+1","Sweeping Beam"],"picked":"Consume+1","floor":44},{"not_picked":["Conserve Battery","Electrodynamics+1"],"picked":"Hologram","floor":47},{"not_picked":["Redo+1","Stack"],"picked":"BootSequence+1","floor":48}],"player_experience":952850,"relics_obtained":[{"floor":7,"key":"PreservedInsect"},{"floor":9,"key":"Pen Nib"},{"floor":24,"key":"Pocketwatch"},{"floor":26,"key":"Frozen Egg 2"},{"floor":43,"key":"Meat on the Bone"},{"floor":46,"key":"War Paint"},{"floor":47,"key":"Blue Candle"}],"event_choices":[{"damage_healed":0,"gold_gain":0,"player_choice":"Grow","damage_taken":0,"max_hp_gain":0,"max_hp_loss":0,"event_name":"Living Wall","floor":2,"gold_loss":0,"cards_upgraded":["Zap"]},{"damage_healed":0,"gold_gain":75,"player_choice":"Gather Gold","damage_taken":11,"max_hp_gain":0,"max_hp_loss":0,"event_name":"World of Goop","floor":10,"gold_loss":0},{"cards_removed":["Strike_B"],"damage_healed":0,"gold_gain":0,"player_choice":"Card Removal","damage_taken":0,"max_hp_gain":0,"max_hp_loss":0,"event_name":"The Cleric","floor":11,"gold_loss":50},{"damage_healed":0,"gold_gain":0,"player_choice":"Joined the Cult","damage_taken":6,"max_hp_gain":0,"max_hp_loss":0,"event_name":"Nest","floor":27,"gold_loss":0,"cards_obtained":["RitualDagger"]},{"cards_removed":["Strike_B"],"damage_healed":0,"gold_gain":0,"player_choice":"Gave Gold","damage_taken":0,"max_hp_gain":0,"max_hp_loss":0,"event_name":"Beggar","floor":31,"gold_loss":75},{"damage_healed":0,"gold_gain":0,"player_choice":"Ignored","damage_taken":0,"max_hp_gain":0,"max_hp_loss":0,"event_name":"Tomb of Lord Red Mask","floor":37,"gold_loss":0},{"damage_healed":0,"gold_gain":0,"player_choice":"Memory 1","damage_taken":0,"max_hp_gain":0,"max_hp_loss":0,"event_name":"SensoryStone","floor":39,"gold_loss":0}],"is_beta":false,"boss_relics":[{"not_picked":["Lizard Tail","Astrolabe"],"picked":"Coffee Dripper"},{"not_picked":["Orrery","Busted Crown"],"picked":"Inserter"}],"items_purged_floors":[14],"is_endless":false,"potions_floor_spawned":[7,12,18,20,22,35,38,48],"ascension_level":1}