{"gold_per_floor":[114,133,148,168,184,184,219,219,219,250,325,325,338,338,338,435,435,446,31,44,54,54,54,54,71,139,139,153,153,22,34,34,139,139,153,428,441,460,119,119,137,137,137,237,237,254,254,254,254,254],"floor_reached":51,"playtime":3073,"items_purged":["Strike_B","Strike_B","Strike_B"],"score":684,"play_id":"a9223aa1-2061-423e-8270-e31f08eadb1d","local_time":"20190310154720","is_ascension_mode":false,"campfire_choices":[{"data":"Zap","floor":6,"key":"SMITH"},{"data":"Hologram","floor":8,"key":"SMITH"},{"data":"Sunder","floor":12,"key":"SMITH"},{"data":"Conserve Battery","floor":15,"key":"SMITH"},{"data":"White Noise","floor":23,"key":"SMITH"},{"data":"Forethought","floor":27,"key":"SMITH"},{"data":"All For One","floor":29,"key":"SMITH"},{"floor":32,"key":"REST"},{"data":"Amplify","floor":40,"key":"SMITH"},{"data":"Defragment","floor":42,"key":"SMITH"},{"data":"Static Discharge","floor":45,"key":"SMITH"},{"data":"Reinforced Body","floor":47,"key":"SMITH"},{"data":"Dualcast","floor":49,"key":"SMITH"}],"neow_cost":"NONE","seed_source_timestamp":1297498018448049,"circlet_count":0,"master_deck":["Strike_B","Defend_B","Defend_B","Defend_B","Defend_B","Zap+1","Dualcast+1","Forethought+1","Conserve Battery+1","Hologram+1","Reinforced Body+1","BootSequence","Ball Lightning","Sunder+1","Steam","All For One+1","Beam Cell+1","Static Discharge+1","White Noise+1","Necronomicurse","Rebound+1","Steam Power+1","Creative AI","Tempest","Amplify+1","Conserve Battery+1","Regret","Tempest+1","Defragment+1","Aggregate","Go for the Eyes+1","Parasite","Force Field+1"],"relics":["Cracked Core","Bronze Scales","Orichalcum","Smiling Mask","Philosopher\u0027s Stone","DataDisk","TheAbacus","Necronomicon","Meat on the Bone","Lizard Tail","Pantograph","Du-Vu Doll"],"potions_floor_usage":[7,10,16,16,20,20,28,31,33,33,46,50,50],"damage_taken":[{"damage":0,"enemies":"Small Slimes","floor":1,"turns":3},{"damage":2,"enemies":"Jaw Worm","floor":2,"turns":4},{"damage":0,"enemies":"Cultist","floor":3,"turns":3},{"damage":0,"enemies":"Large Slime","floor":4,"turns":6},{"damage":8,"enemies":"2 Fungi Beasts","floor":5,"turns":5},{"damage":0,"enemies":"3 Sentries","floor":7,"turns":9},{"damage":5,"enemies":"Lagavulin","floor":10,"turns":6},{"damage":20,"enemies":"Gremlin Gang","floor":13,"turns":4},{"damage":2,"enemies":"The Guardian","floor":16,"turns":11},{"damage":5,"enemies":"3 Byrds","floor":18,"turns":3},{"damage":7,"enemies":"2 Thieves","floor":20,"turns":3},{"damage":19,"enemies":"Snecko","floor":21,"turns":5},{"damage":14,"enemies":"Centurion and Healer","floor":25,"turns":6},{"damage":0,"enemies":"Cultist and Chosen","floor":28,"turns":3},{"damage":0,"enemies":"Snecko","floor":31,"turns":3},{"damage":18,"enemies":"Collector","floor":33,"turns":6},{"damage":4,"enemies":"3 Shapes","floor":35,"turns":3},{"damage":14,"enemies":"3 Darklings","floor":37,"turns":6},{"damage":21,"enemies":"Sphere and 2 Shapes","floor":38,"turns":4},{"damage":29,"enemies":"Maw","floor":41,"turns":7},{"damage":2,"enemies":"Mind Bloom Boss Battle","floor":44,"turns":5},{"damage":19,"enemies":"Writhing Mass","floor":46,"turns":5},{"damage":51,"enemies":"Donu and Deca","floor":50,"turns":8}],"seed_played":"7573198827916075457","potions_obtained":[{"floor":2,"key":"EssenceOfSteel"},{"floor":3,"key":"SkillPotion"},{"floor":7,"key":"SkillPotion"},{"floor":14,"key":"EntropicBrew"},{"floor":14,"key":"FearPotion"},{"floor":21,"key":"Poison Potion"},{"floor":28,"key":"Fire Potion"},{"floor":31,"key":"Dexterity Potion"},{"floor":37,"key":"Weak Potion"},{"floor":44,"key":"SpeedPotion"}],"is_trial":false,"path_per_floor":["M","M","M","M","M","R","E","R","T","E","?","R","M","?","R","B",null,"M","$","M","M","?","R","?","M","T","R","M","R","$","M","R","B",null,"M","?","M","M","$","R","M","R","T","?","R","M","R","?","R","B",null],"character_chosen":"DEFECT","items_purchased":["DataDisk","TheAbacus","Creative AI","Pantograph","Defragment"],"campfire_rested":1,"item_purchase_floors":[19,19,30,39,39],"current_hp_per_floor":[75,73,73,73,65,65,65,65,65,60,49,49,29,29,29,27,75,70,70,63,44,44,44,28,14,14,14,26,26,26,38,60,42,75,71,71,57,48,48,48,31,31,31,54,54,47,47,47,47,33],"gold":254,"neow_bonus":"RANDOM_COLORLESS","is_prod":false,"is_daily":false,"chose_seed":false,"campfire_upgraded":12,"win_rate":0,"timestamp":1552204040,"path_taken":["M","M","M","M","M","R","E","R","T","E","?","R","M","?","R","BOSS","M","$","M","M","?","R","?","M","T","R","M","R","$","M","R","BOSS","M","?","?","M","$","R","M","R","T","?","R","M","R","?","R","BOSS"],"build_version":"2019-01-23","purchased_purges":3,"victory":true,"max_hp_per_floor":[75,75,75,75,75,75,75,75,75,75,75,75,75,75,75,75,75,75,75,75,75,75,75,75,75,75,75,75,75,75,75,75,75,75,75,75,75,75,75,75,75,75,75,75,75,75,75,75,75,75],"card_choices":[{"not_picked":["Loop","Auto Shields"],"picked":"Conserve Battery","floor":1},{"not_picked":["Cold Snap","Stack"],"picked":"Hologram","floor":2},{"not_picked":["Coolheaded","Turbo","Gash"],"picked":"SKIP","floor":3},{"not_picked":["Rebound","Darkness"],"picked":"Reinforced Body","floor":4},{"not_picked":["Recycle","Hologram"],"picked":"BootSequence","floor":5},{"not_picked":["Amplify","Doom and Gloom"],"picked":"Ball Lightning","floor":7},{"not_picked":["Gash","Scrape"],"picked":"Sunder","floor":10},{"not_picked":["Coolheaded","Reprogram"],"picked":"Steam","floor":13},{"not_picked":["Fission","Hyperbeam"],"picked":"All For One","floor":16},{"not_picked":["Gash+1","Turbo"],"picked":"Beam Cell+1","floor":18},{"not_picked":["Rebound","Gash"],"picked":"Static Discharge","floor":20},{"not_picked":["FTL","Beam Cell"],"picked":"White Noise","floor":21},{"not_picked":["Stack","Turbo+1"],"picked":"Rebound+1","floor":25},{"not_picked":["Beam Cell","Fusion"],"picked":"Steam Power+1","floor":28},{"not_picked":["Scrape","Genetic Algorithm"],"picked":"Tempest","floor":31},{"not_picked":["Multi-Cast","All For One"],"picked":"Amplify","floor":33},{"not_picked":["Streamline","Beam Cell+1"],"picked":"Conserve Battery+1","floor":35},{"not_picked":["Scrape","Rebound"],"picked":"Tempest+1","floor":37},{"not_picked":["Redo","Rebound"],"picked":"Lockon","floor":38},{"not_picked":["Beam Cell","Cold Snap"],"picked":"Aggregate","floor":41},{"not_picked":["Auto Shields","Reboot"],"picked":"Go for the Eyes+1","floor":44},{"not_picked":["Compile Driver","Melter"],"picked":"Force Field+1","floor":46}],"player_experience":788655,"relics_obtained":[{"floor":7,"key":"Bronze Scales"},{"floor":9,"key":"Orichalcum"},{"floor":10,"key":"Smiling Mask"},{"floor":24,"key":"Necronomicon"},{"floor":26,"key":"Meat on the Bone"},{"floor":44,"key":"Du-Vu Doll"}],"event_choices":[{"damage_healed":0,"gold_gain":75,"player_choice":"Gather Gold","damage_taken":11,"max_hp_gain":0,"max_hp_loss":0,"event_name":"World of Goop","floor":11,"gold_loss":0},{"damage_healed":0,"gold_gain":0,"player_choice":"Got Potions","damage_taken":0,"max_hp_gain":0,"max_hp_loss":0,"event_name":"Lab","floor":14,"gold_loss":0},{"damage_healed":0,"gold_gain":0,"player_choice":"Ignored","damage_taken":0,"max_hp_gain":0,"max_hp_loss":0,"event_name":"Ghosts","floor":22,"gold_loss":0},{"damage_healed":0,"gold_gain":0,"player_choice":"Obtained Book","damage_taken":16,"max_hp_gain":0,"max_hp_loss":0,"event_name":"Cursed Tome","floor":24,"gold_loss":0},{"damage_healed":0,"gold_gain":275,"player_choice":"Desecrate","damage_taken":0,"max_hp_gain":0,"max_hp_loss":0,"event_name":"Golden Shrine","floor":36,"gold_loss":0,"cards_obtained":["Regret"]},{"damage_healed":0,"gold_gain":0,"player_choice":"Fight","damage_taken":0,"max_hp_gain":0,"max_hp_loss":0,"event_name":"MindBloom","floor":44,"gold_loss":0},{"cards_removed":["Lockon"],"damage_healed":0,"gold_gain":0,"player_choice":"Removed Attack","damage_taken":0,"max_hp_gain":0,"max_hp_loss":0,"event_name":"Falling","floor":48,"gold_loss":0}],"is_beta":false,"boss_relics":[{"not_picked":["Eternal Feather","Runic Pyramid"],"picked":"Philosopher\u0027s Stone"},{"not_picked":["FrozenCore","Runic Dome"],"picked":"Lizard Tail"}],"items_purged_floors":[19,30,39],"is_endless":false,"potions_floor_spawned":[2,3,7,21,28,31,37,44],"ascension_level":0}