{"gold_per_floor":[117,117,134,154,168,203,203,231,301,301,315,325,325,95,95,196,196,215,115,115,125,125],"floor_reached":22,"playtime":1287,"items_purged":["Strike_R","Strike_R"],"score":231,"play_id":"3d3e5183-67cf-43fc-ab23-de269cb7048c","local_time":"20190405175953","is_ascension_mode":true,"campfire_choices":[{"floor":7.0,"key":"REST"},{"floor":10.0,"key":"REST"},{"data":"Bash","floor":13.0,"key":"SMITH"},{"data":"Shrug It Off","floor":15.0,"key":"SMITH"}],"neow_cost":"NONE","seed_source_timestamp":52375766713506,"circlet_count":0,"master_deck":["Strike_R","Strike_R","Strike_R","Defend_R","Defend_R","Defend_R","Bash+1","Shrug It Off+1","Double Tap"],"special_seed":0,"relics":["Burning Blood","Singing Bowl","WingedGreaves","Kunai","Anchor","White Beast Statue"],"potions_floor_usage":[],"damage_taken":[{"damage":0.0,"enemies":"Small Slimes","floor":1.0,"turns":3.0},{"damage":6.0,"enemies":"Cultist","floor":3.0,"turns":4.0},{"damage":6.0,"enemies":"Jaw Worm","floor":4.0,"turns":4.0},{"damage":29.0,"enemies":"Exordium Thugs","floor":5.0,"turns":6.0},{"damage":42.0,"enemies":"3 Sentries","floor":6.0,"turns":10.0},{"damage":46.0,"enemies":"Lagavulin","floor":8.0,"turns":6.0},{"damage":3.0,"enemies":"Lots of Slimes","floor":11.0,"turns":3.0},{"damage":3.0,"enemies":"3 Louse","floor":12.0,"turns":3.0},{"damage":43.0,"enemies":"The Guardian","floor":16.0,"turns":17.0},{"damage":17.0,"enemies":"Chosen","floor":18.0,"turns":5.0},{"damage":27.0,"enemies":"Shell Parasite","floor":21.0,"turns":17.0},{"damage":58,"enemies":"Cultist and Chosen","floor":22,"turns":5}],"seed_played":"-7507803765431955997","potions_obtained":[{"floor":5.0,"key":"Block Potion"},{"floor":8.0,"key":"Explosive Potion"},{"floor":11.0,"key":"Block Potion"},{"floor":16.0,"key":"Poison Potion"},{"floor":18.0,"key":"GamblersBrew"},{"floor":21.0,"key":"FearPotion"}],"is_trial":false,"path_per_floor":["M","?","M","M","M","E","R","E","T","R","M","M","R","$","R","B",null,"M","$","?","M","M"],"character_chosen":"IRONCLAD","items_purchased":["Anchor"],"campfire_rested":2,"item_purchase_floors":[14],"current_hp_per_floor":[88,88,88,88,65,31,58,20,20,47,52,57,57,57,57,22,98,89,89,69,50,0],"gold":125,"neow_bonus":"TEN_PERCENT_HP_BONUS","is_prod":false,"is_daily":false,"chose_seed":false,"campfire_upgraded":2,"win_rate":0,"timestamp":1554505193,"path_taken":["M","?","M","M","M","E","R","E","T","R","M","M","R","$","R","BOSS","M","$","?","M","M"],"build_version":"2019-01-23","purchased_purges":2,"victory":false,"max_hp_per_floor":[88,88,88,88,88,90,90,92,92,92,94,96,96,96,96,98,98,100,100,105,107,107],"card_choices":[{"not_picked":["Havoc","Sword Boomerang"],"picked":"Shrug It Off","floor":1.0},{"not_picked":["Cleave","Fire Breathing","Flex"],"picked":"SKIP","floor":3.0},{"not_picked":["Shockwave","Perfected Strike","Cleave"],"picked":"SKIP","floor":4.0},{"not_picked":["Intimidate","Iron Wave"],"picked":"Double Tap","floor":5.0},{"not_picked":["Ghostly Armor","Pommel Strike","Havoc"],"picked":"Singing Bowl","floor":6.0},{"not_picked":["Bludgeon","Feel No Pain","Corruption"],"picked":"Singing Bowl","floor":8.0},{"not_picked":["True Grit","Sentinel","Iron Wave"],"picked":"Singing Bowl","floor":11.0},{"not_picked":["Wild Strike","Sentinel","Body Slam"],"picked":"Singing Bowl","floor":12.0},{"not_picked":["Bludgeon","Reaper","Dark Embrace"],"picked":"Singing Bowl","floor":16.0},{"not_picked":["Pommel Strike","Anger","Seeing Red"],"picked":"Singing Bowl","floor":18.0},{"not_picked":["Armaments","Flex","Headbutt"],"picked":"Singing Bowl","floor":21.0}],"player_experience":414736,"relics_obtained":[{"floor":6.0,"key":"Singing Bowl"},{"floor":8.0,"key":"WingedGreaves"},{"floor":9.0,"key":"Kunai"}],"event_choices":[{"cards_removed":["Defend_R"],"damage_healed":0.0,"max_hp_gain":0.0,"max_hp_loss":0.0,"gold_gain":0.0,"event_name":"Living Wall","player_choice":"Forget","floor":2.0,"gold_loss":0.0,"damage_taken":0.0},{"damage_healed":0.0,"max_hp_gain":5.0,"max_hp_loss":0.0,"gold_gain":0.0,"event_name":"Forgotten Altar","player_choice":"Shed Blood","floor":20.0,"gold_loss":0.0,"damage_taken":25.0}],"is_beta":false,"boss_relics":[{"not_picked":["Tiny House","Calling Bell"],"picked":"White Beast Statue"}],"items_purged_floors":[14,19],"is_endless":false,"potions_floor_spawned":[5,8,11,16,18,21],"killed_by":"Cultist and Chosen","ascension_level":1}