{"gold_per_floor":[118,131,144,96,96,123,143,175,175,175,190,190],"floor_reached":12,"playtime":549,"items_purged":[],"score":122,"play_id":"90dee310-7219-436d-bda3-df7490d552e2","local_time":"20190330231858","is_ascension_mode":true,"campfire_choices":[],"neow_cost":"NONE","seed_source_timestamp":131023435631979,"circlet_count":0,"master_deck":["Strike_R","Strike_R","Strike_R","Strike_R","Defend_R","Defend_R","Defend_R","Bash","Shockwave","Clothesline","Pommel Strike+1","Pommel Strike","Flame Barrier"],"relics":["Empty Cage","Bag of Marbles","Potion Belt","Frozen Egg 2","Golden Idol"],"potions_floor_usage":[6,8,11],"damage_taken":[{"damage":7,"enemies":"Jaw Worm","floor":1,"turns":3},{"damage":4,"enemies":"Small Slimes","floor":2,"turns":4},{"damage":7,"enemies":"Cultist","floor":3,"turns":4},{"damage":27,"enemies":"3 Sentries","floor":6,"turns":7},{"damage":6,"enemies":"3 Louse","floor":7,"turns":4},{"damage":18,"enemies":"Lagavulin","floor":8,"turns":5},{"damage":1,"enemies":"Looter","floor":11,"turns":4},{"damage":7,"enemies":"Blue Slaver","floor":12,"turns":3}],"seed_played":"-3921475108412595468","potions_obtained":[{"floor":1,"key":"SpeedPotion"},{"floor":3,"key":"Explosive Potion"},{"floor":7,"key":"Poison Potion"}],"is_trial":false,"path_per_floor":["M","M","M","$","?","E","M","E","T","?","M","M"],"character_chosen":"IRONCLAD","items_purchased":["Pommel Strike"],"campfire_rested":0,"item_purchase_floors":[4],"current_hp_per_floor":[65,61,54,54,54,27,21,3,3,3,2,0],"gold":190,"neow_bonus":"BOSS_RELIC","is_prod":false,"is_daily":false,"chose_seed":false,"campfire_upgraded":0,"win_rate":0,"timestamp":1554005938,"path_taken":["M","M","M","$","?","E","M","E","T","?","M","?"],"build_version":"2019-01-23","purchased_purges":0,"victory":false,"max_hp_per_floor":[80,80,80,80,80,80,80,80,80,74,74,74],"card_choices":[{"not_picked":["Rampage","Second Wind"],"picked":"Shockwave","floor":1},{"not_picked":["Infernal Blade","Corruption"],"picked":"Clothesline","floor":2},{"not_picked":["Bloodletting","Havoc","Clash"],"picked":"SKIP","floor":3},{"not_picked":["Anger","Spot Weakness"],"picked":"Pommel Strike","floor":6},{"not_picked":["Inflame","Pummel"],"picked":"Flame Barrier","floor":7},{"not_picked":["Anger","Perfected Strike","Sword Boomerang"],"picked":"SKIP","floor":8},{"not_picked":["Sword Boomerang","Headbutt","Twin Strike"],"picked":"SKIP","floor":11}],"player_experience":352353,"relics_obtained":[{"floor":6,"key":"Bag of Marbles"},{"floor":8,"key":"Potion Belt"},{"floor":9,"key":"Frozen Egg 2"}],"event_choices":[{"damage_healed":0,"gold_gain":0,"player_choice":"Grow","damage_taken":0,"max_hp_gain":0,"max_hp_loss":0,"event_name":"Living Wall","floor":5,"gold_loss":0,"cards_upgraded":["Pommel Strike"]},{"damage_healed":0,"gold_gain":0,"player_choice":"Lose Max HP","damage_taken":0,"relics_obtained":["Golden Idol"],"max_hp_gain":0,"max_hp_loss":6,"event_name":"Golden Idol","floor":10,"gold_loss":0}],"is_beta":false,"boss_relics":[],"items_purged_floors":[],"is_endless":false,"potions_floor_spawned":[1,3,7],"killed_by":"Blue Slaver","ascension_level":7}