{"gold_per_floor":[119,119,130,130,130,157,167,167,167,167,182,182,182,213,213,316,316,303,319,100,118,131,131,131,147,147,147,147,147,157,170,170,275,275,295,15,26,26,37,37,51,80,80,80,92,92,102,2,2,2],"floor_reached":51,"playtime":4160,"items_purged":["Defend_B","Strike_B"],"score":1108,"play_id":"713ec607-981a-423c-babf-a14c50686f08","local_time":"20181221132847","is_ascension_mode":true,"campfire_choices":[{"data":"Zap","floor":8,"key":"SMITH"},{"data":"Defragment","floor":10,"key":"SMITH"},{"data":"Dualcast","floor":12,"key":"SMITH"},{"data":"Conserve Battery","floor":13,"key":"SMITH"},{"data":"Go for the Eyes","floor":15,"key":"SMITH"},{"floor":23,"key":"REST"},{"floor":24,"key":"REST"},{"data":"Echo Form","floor":27,"key":"SMITH"},{"data":"Defragment","floor":29,"key":"SMITH"},{"floor":32,"key":"REST"},{"floor":40,"key":"REST"},{"floor":44,"key":"REST"},{"floor":49,"key":"REST"}],"neow_cost":"NONE","seed_source_timestamp":14098792647700,"circlet_count":0,"master_deck":["Strike_B+1","Defend_B","Defend_B","Defend_B","Zap+1","Dualcast+1","Coolheaded+1","Defragment+1","Go for the Eyes+1","Conserve Battery+1","Echo Form+1","Defragment+1","Coolheaded+1","Conserve Battery+1","Defragment+1","Coolheaded+1","Core Surge","Chill+1","FTL","Consume+1","Blizzard","Buffer","Loop+1"],"relics":["Cracked Core","NeowsBlessing","WingedGreaves","Du-Vu Doll","Strawberry","Inserter","Blood Vial","Bottled Tornado","Fusion Hammer","Cables","Dodecahedron","Shuriken","Oddly Smooth Stone"],"potions_floor_usage":[18,19,22,30,41,50],"damage_taken":[{"damage":0,"enemies":"Small Slimes","floor":1,"turns":1},{"damage":0,"enemies":"2 Louse","floor":3,"turns":1},{"damage":0,"enemies":"3 Sentries","floor":6,"turns":1},{"damage":0,"enemies":"Jaw Worm","floor":7,"turns":5},{"damage":0,"enemies":"Exordium Wildlife","floor":11,"turns":4},{"damage":0,"enemies":"Lagavulin","floor":14,"turns":7},{"damage":0,"enemies":"The Guardian","floor":16,"turns":12},{"damage":12,"enemies":"2 Thieves","floor":18,"turns":4},{"damage":10,"enemies":"Shell Parasite","floor":19,"turns":8},{"damage":17,"enemies":"Sentry and Sphere","floor":21,"turns":6},{"damage":55,"enemies":"Cultist and Chosen","floor":22,"turns":8},{"damage":22,"enemies":"Shelled Parasite and Fungi","floor":25,"turns":7},{"damage":26,"enemies":"3 Cultists","floor":30,"turns":6},{"damage":3,"enemies":"Chosen and Byrds","floor":31,"turns":7},{"damage":16,"enemies":"Automaton","floor":33,"turns":12},{"damage":28,"enemies":"3 Darklings","floor":35,"turns":7},{"damage":0,"enemies":"3 Shapes","floor":37,"turns":6},{"damage":0,"enemies":"Maw","floor":39,"turns":9},{"damage":16,"enemies":"Transient","floor":41,"turns":5},{"damage":0,"enemies":"Giant Head","floor":42,"turns":12},{"damage":10,"enemies":"4 Shapes","floor":45,"turns":8},{"damage":0,"enemies":"Maw","floor":47,"turns":8},{"damage":12,"enemies":"Awakened One","floor":50,"turns":13}],"seed_played":"-7779944029760680018","potions_obtained":[{"floor":1,"key":"PowerPotion"},{"floor":11,"key":"SkillPotion"},{"floor":14,"key":"Regen Potion"},{"floor":16,"key":"FocusPotion"},{"floor":19,"key":"Dexterity Potion"},{"floor":25,"key":"FearPotion"},{"floor":31,"key":"Poison Potion"},{"floor":37,"key":"SkillPotion"},{"floor":47,"key":"Explosive Potion"}],"is_trial":false,"path_per_floor":["M","?","M","?","?","E","M","R","T","R","M","R","R","E","R","B",null,"M","M","$","M","M","R","R","M","T","R","?","R","M","M","R","B",null,"M","$","M","?","M","R","M","E","T","R","M","?","M","$","R","B",null],"character_chosen":"DEFECT","items_purchased":["Blood Vial","FTL","Cables"],"campfire_rested":6,"item_purchase_floors":[20,36,36],"current_hp_per_floor":[68,61,61,46,71,71,71,71,71,71,71,71,71,78,78,78,81,69,74,74,59,6,30,54,34,34,34,34,34,10,9,33,19,66,40,40,42,42,44,68,54,56,56,80,72,72,74,74,82,70],"gold":2,"neow_bonus":"THREE_ENEMY_KILL","is_prod":false,"is_daily":false,"chose_seed":false,"campfire_upgraded":7,"win_rate":0,"timestamp":1545395327,"path_taken":["M","?","M","?","?","E","M","R","T","R","?","R","R","E","R","BOSS","M","M","$","M","M","R","R","M","T","R","?","R","?","?","R","BOSS","M","$","M","?","M","R","M","E","T","R","?","?","?","?","R","BOSS"],"build_version":"2018-12-20","purchased_purges":2,"victory":true,"max_hp_per_floor":[75,75,75,75,75,75,75,75,75,75,75,75,75,82,82,82,82,82,82,82,82,82,82,82,82,82,82,82,82,82,82,82,82,82,82,82,82,82,82,82,82,82,82,82,82,82,82,82,82,82],"card_choices":[{"not_picked":["Heatsinks","Redo"],"picked":"Coolheaded","floor":1},{"not_picked":["Redo","Self Repair"],"picked":"Defragment","floor":3},{"not_picked":["Hologram","Fusion"],"picked":"Go for the Eyes","floor":6},{"not_picked":["Sweeping Beam","Steam"],"picked":"Conserve Battery","floor":7},{"not_picked":["Tempest","Reinforced Body","Steam"],"picked":"SKIP","floor":11},{"not_picked":["Hyperbeam","Reprogram","Aggregate"],"picked":"SKIP","floor":14},{"not_picked":["All For One","Creative AI"],"picked":"Echo Form","floor":16},{"not_picked":["Redo","Turbo","Go for the Eyes"],"picked":"SKIP","floor":18},{"not_picked":["Barrage","Tempest"],"picked":"Defragment","floor":19},{"not_picked":["Redo","White Noise"],"picked":"Coolheaded+1","floor":21},{"not_picked":["Rebound","White Noise","Hologram"],"picked":"SKIP","floor":22},{"not_picked":["Gash","Rebound"],"picked":"Conserve Battery+1","floor":25},{"not_picked":["Undo","Lockon+1"],"picked":"Coolheaded+1","floor":30},{"not_picked":["Rebound","Beam Cell","Capacitor+1"],"picked":"SKIP","floor":31},{"not_picked":["Fission","Biased Cognition"],"picked":"Core Surge","floor":33},{"not_picked":["Redo","Streamline"],"picked":"Chill+1","floor":35},{"not_picked":["Conserve Battery+1","Rebound"],"picked":"Consume+1","floor":37},{"not_picked":["Sunder","Sweeping Beam+1","Stack"],"picked":"SKIP","floor":39},{"not_picked":["Steam","Redo"],"picked":"Blizzard","floor":41},{"not_picked":["Melter+1","Biased Cognition","Aggregate"],"picked":"SKIP","floor":42},{"not_picked":["Conserve Battery","Leap+1","Heatsinks+1"],"picked":"SKIP","floor":45},{"not_picked":["Coolheaded","Barrage"],"picked":"Loop+1","floor":47}],"player_experience":292612,"relics_obtained":[{"floor":6,"key":"WingedGreaves"},{"floor":9,"key":"Du-Vu Doll"},{"floor":14,"key":"Strawberry"},{"floor":26,"key":"Bottled Tornado"},{"floor":42,"key":"Shuriken"},{"floor":43,"key":"Oddly Smooth Stone"}],"event_choices":[{"cards_removed":["Strike_B"],"damage_healed":0,"gold_gain":0,"player_choice":"Card Removal","damage_taken":7,"max_hp_gain":0,"max_hp_loss":0,"event_name":"Golden Wing","floor":2,"gold_loss":0},{"damage_healed":0,"gold_gain":0,"player_choice":"Entered Light","damage_taken":15,"max_hp_gain":0,"max_hp_loss":0,"event_name":"Shining Light","floor":4,"gold_loss":0,"cards_upgraded":["Strike_B","Coolheaded"]},{"damage_healed":25,"gold_gain":0,"player_choice":"Banana","damage_taken":0,"max_hp_gain":0,"max_hp_loss":0,"event_name":"Big Fish","floor":5,"gold_loss":0},{"damage_healed":0,"gold_gain":0,"player_choice":"Copied","damage_taken":0,"max_hp_gain":0,"max_hp_loss":0,"event_name":"Duplicator","floor":28,"gold_loss":0,"cards_obtained":["Defragment"]},{"damage_healed":0,"gold_gain":0,"player_choice":"Gave Potion","damage_taken":0,"relics_obtained":["Dodecahedron"],"max_hp_gain":0,"max_hp_loss":0,"event_name":"WeMeetAgain","floor":38,"gold_loss":0},{"damage_healed":0,"gold_gain":0,"cards_transformed":["Strike_B"],"player_choice":"Transformed","damage_taken":0,"max_hp_gain":0,"max_hp_loss":0,"event_name":"Transmorgrifier","floor":46,"gold_loss":0,"cards_obtained":["Buffer"]}],"is_beta":false,"boss_relics":[{"not_picked":["Snecko Eye","Black Star"],"picked":"Inserter"},{"not_picked":["Eternal Feather","Busted Crown"],"picked":"Fusion Hammer"}],"items_purged_floors":[20,48],"is_endless":false,"potions_floor_spawned":[1,11,14,16,19,25,31,37,47],"ascension_level":9}