{"path_per_floor":["M","M","$","M","M","R","M","$","T","?","R","M","?","M","R","B",null,"M","?","$","M","M","R","M","R","T","M","M","R","?","M","R"],"character_chosen":"IRONCLAD","items_purchased":["Armaments","Uppercut"],"gold_per_floor":[116,129,1,12,26,26,43,7,7,107,107,119,119,132,132,232,232,243,243,143,158,172,172,182,182,182,192,206,206,186,201,201,201],"floor_reached":33,"campfire_rested":2,"playtime":12233,"current_hp_per_floor":[80,80,80,80,80,80,80,80,80,80,80,80,80,80,80,27,80,66,66,66,65,56,56,53,53,53,36,18,42,42,29,53,0],"items_purged":["Strike_R","Strike_R"],"gold":201,"score":243,"play_id":"2916db5e-3cd6-4c3f-89df-c1591baa7c39","local_time":"20180517223122","is_prod":false,"is_daily":false,"chose_seed":false,"is_ascension_mode":false,"campfire_upgraded":5,"timestamp":1526567482,"path_taken":["M","M","$","M","M","R","M","$","T","?","R","M","?","?","R","BOSS","M","?","$","M","M","R","M","R","T","M","M","R","?","?","R","BOSS"],"build_version":"2018-05-10","seed_source_timestamp":2569396367302,"purchased_purges":2,"victory":false,"master_deck":["Strike_R","Strike_R","Defend_R","Defend_R","Defend_R","Defend_R","Bash+1","Pommel Strike+1","Twin Strike","Armaments+1","Cleave","Uppercut+1","Body Slam+1","Brutality","Headbutt","Battle Trance+1","Spot Weakness+1","Shrug It Off+1","Rage"],"max_hp_per_floor":[80,80,80,80,80,80,80,80,80,80,80,80,80,80,80,80,80,80,80,80,80,80,80,80,80,80,80,80,80,80,80,80,80],"relics":["Burning Blood"],"card_choices":[{"not_picked":["Combust","Shockwave"],"picked":"Pommel Strike","floor":1},{"not_picked":["Perfected Strike","Wild Strike"],"picked":"Twin Strike","floor":2},{"not_picked":["Shockwave","Twin Strike"],"picked":"Cleave","floor":4},{"not_picked":["Clash","Clothesline"],"picked":"Body Slam","floor":12},{"not_picked":["Juggernaut","Exhume"],"picked":"Brutality","floor":16},{"not_picked":["Cleave","Fire Breathing"],"picked":"Headbutt","floor":18},{"not_picked":["Blood for Blood","Infernal Blade"],"picked":"Battle Trance","floor":21},{"not_picked":["Perfected Strike","Body Slam"],"picked":"Spot Weakness","floor":22},{"not_picked":["Heavy Blade","Burning Pact"],"picked":"Shrug It Off","floor":24},{"not_picked":["Armaments","Flex"],"picked":"Rage","floor":31}],"player_experience":622665,"potions_floor_usage":[16,21,24,24,28,33,33],"damage_taken":[{"damage":6,"enemies":"Jaw Worm","floor":1,"turns":4},{"damage":1,"enemies":"Cultist","floor":2,"turns":3},{"damage":2,"enemies":"2 Louse","floor":4,"turns":3},{"damage":5,"enemies":"Lots of Slimes","floor":5,"turns":2},{"damage":3,"enemies":"Gremlin Gang","floor":7,"turns":5},{"damage":0,"enemies":"Large Slime","floor":12,"turns":4},{"damage":5,"enemies":"Looter","floor":14,"turns":3},{"damage":59,"enemies":"Slime Boss","floor":16,"turns":10},{"damage":20,"enemies":"3 Byrds","floor":18,"turns":5},{"damage":7,"enemies":"Spheric Guardian","floor":21,"turns":3},{"damage":15,"enemies":"Snecko","floor":22,"turns":4},{"damage":21,"enemies":"3 Cultists","floor":24,"turns":5},{"damage":23,"enemies":"Cultist and Chosen","floor":27,"turns":6},{"damage":24,"enemies":"Centurion and Healer","floor":28,"turns":6},{"damage":19,"enemies":"3 Cultists","floor":31,"turns":4},{"damage":53,"enemies":"Automaton","floor":33,"turns":12}],"event_choices":[{"event_name":"Golden Shrine","player_choice":"Pray","floor":10,"damage_taken":0},{"event_name":"The Lab","player_choice":"Got Potions","floor":13,"damage_taken":0},{"event_name":"Back to Basics","player_choice":"Elegance","floor":19,"damage_taken":0},{"event_name":"The Woman in Blue","player_choice":"Bought 1 Potion","floor":30,"damage_taken":0}],"boss_relics":[{"not_picked":["Calling Bell","Sozu","Snecko Eye"]}],"potions_floor_spawned":[1,2,4,14,16,22,24,27],"seed_played":"-2410293528363767358","killed_by":"Automaton","ascension_level":0,"is_trial":false}