{"gold_per_floor":[118,134,146,158,158,158,177,202,202,218,253,275,275,275,275,370,370,384,384,33,33,33,33,33,48,127,139,172,172,187,200,200,200],"floor_reached":33,"playtime":4548,"items_purged":[],"score":302,"play_id":"83b2c448-0f7d-4a2b-9f66-6634c192e35c","local_time":"20180922124842","is_ascension_mode":false,"campfire_choices":[{"data":"Deadly Poison","floor":6,"key":"SMITH"},{"floor":13,"key":"REST"},{"floor":15,"key":"REST"},{"data":"Endless Agony","floor":23,"key":"SMITH"},{"data":"Endless Agony","floor":32,"key":"SMITH"}],"neow_cost":"NONE","seed_source_timestamp":16445129748086,"circlet_count":0,"master_deck":["Defend_G","Defend_G","Defend_G","Strike_G","Strike_G","Strike_G","Strike_G","Survivor","Neutralize","Tools of the Trade","Backflip","Poisoned Stab","Prepared","Deadly Poison+1","Distraction","Slice","Distraction","Dagger Throw","Dagger Throw","Quick Slash","Glass Knife","Backflip+1","Well Laid Plans","Masterful Stab","Underhanded Strike","Endless Agony+1","Endless Agony+1","Backstab","Blur","Deflect","RitualDagger","Poisoned Stab","Poisoned Stab+1"],"relics":["Ring of the Snake","Pear","Bag of Preparation","Juzu Bracelet","Odd Mushroom","Eternal Feather","Lee\u0027s Waffle","Paper Crane","Meat on the Bone"],"potions_floor_usage":[16,16,16],"damage_taken":[{"damage":1,"enemies":"Cultist","floor":1,"turns":5},{"damage":0,"enemies":"Jaw Worm","floor":2,"turns":5},{"damage":0,"enemies":"Small Slimes","floor":3,"turns":3},{"damage":3,"enemies":"2 Fungi Beasts","floor":4,"turns":4},{"damage":0,"enemies":"Red Slaver","floor":7,"turns":4},{"damage":33,"enemies":"3 Sentries","floor":8,"turns":9},{"damage":0,"enemies":"Gremlin Gang","floor":10,"turns":6},{"damage":27,"enemies":"Lagavulin","floor":11,"turns":7},{"damage":13,"enemies":"The Mushroom Lair","floor":12,"turns":4},{"damage":13,"enemies":"Hexaghost","floor":16,"turns":11},{"damage":35,"enemies":"Spheric Guardian","floor":18,"turns":6},{"damage":0,"enemies":"3 Byrds","floor":25,"turns":4},{"damage":4,"enemies":"Cultist and Chosen","floor":27,"turns":5},{"damage":25,"enemies":"Slavers","floor":28,"turns":5},{"damage":10,"enemies":"Shelled Parasite and Fungi","floor":30,"turns":4},{"damage":17,"enemies":"Centurion and Healer","floor":31,"turns":5},{"damage":80,"enemies":"Automaton","floor":33,"turns":8}],"seed_played":"-8471601550164216981","potions_obtained":[{"floor":3,"key":"GhostInAJar"},{"floor":10,"key":"FearPotion"},{"floor":11,"key":"Fire Potion"},{"floor":12,"key":"Fire Potion"},{"floor":19,"key":"Energy Potion"},{"floor":19,"key":"FairyPotion"},{"floor":19,"key":"Strength Potion"}],"is_trial":false,"path_per_floor":["M","M","M","M","?","R","M","E","T","M","E","?","R","?","R","B",null,"M","?","$","?","?","R","?","M","T","M","E","?","M","M","R"],"character_chosen":"THE_SILENT","items_purchased":["Lee\u0027s Waffle","Well Laid Plans","Masterful Stab","Underhanded Strike"],"campfire_rested":2,"item_purchase_floors":[20,20,20,20],"current_hp_per_floor":[69,69,69,66,66,66,66,43,43,43,16,3,27,20,44,31,80,45,45,87,87,87,87,87,87,87,83,58,52,54,49,67,0],"gold":200,"neow_bonus":"TRANSFORM_CARD","is_prod":false,"is_daily":false,"chose_seed":false,"campfire_upgraded":3,"win_rate":0.0,"timestamp":1537613322,"path_taken":["M","?","M","M","?","R","M","E","T","M","E","?","R","?","R","BOSS","M","?","$","?","?","R","?","M","T","M","E","?","M","M","R","BOSS"],"build_version":"2018-09-20","purchased_purges":0,"victory":false,"max_hp_per_floor":[70,70,70,70,70,70,70,80,80,80,80,80,80,80,80,80,80,80,80,87,87,87,87,87,87,87,87,87,87,87,87,87,87],"card_choices":[{"not_picked":["Endless Agony","Quick Slash"],"picked":"Backflip","floor":1},{"not_picked":["Reflex","Finisher"],"picked":"Poisoned Stab","floor":2},{"not_picked":["Expertise","Choke"],"picked":"Prepared","floor":3},{"not_picked":["Well Laid Plans","Dodge and Roll"],"picked":"Deadly Poison","floor":4},{"not_picked":["Well Laid Plans","Deflect"],"picked":"Slice","floor":7},{"not_picked":["Caltrops","Choke"],"picked":"Distraction","floor":8},{"not_picked":["Flying Knee","All Out Attack"],"picked":"Dagger Throw","floor":10},{"not_picked":["PiercingWail","Footwork"],"picked":"Dagger Throw","floor":11},{"not_picked":["Dodge and Roll","Dagger Throw"],"picked":"Quick Slash","floor":12},{"not_picked":["Doppelganger","Night Terror"],"picked":"Glass Knife","floor":16},{"not_picked":["Slice","Deadly Poison"],"picked":"Backflip+1","floor":18},{"not_picked":["Underhanded Strike","PiercingWail"],"picked":"Backstab","floor":25},{"not_picked":["Quick Slash","Deflect+1"],"picked":"Blur","floor":27},{"not_picked":["Doppelganger","Blade Dance"],"picked":"Deflect","floor":28},{"not_picked":["Acrobatics","Dagger Throw"],"picked":"Poisoned Stab","floor":30},{"not_picked":["Choke+1","Sucker Punch+1"],"picked":"Poisoned Stab+1","floor":31}],"player_experience":13477,"relics_obtained":[{"floor":8,"key":"Pear"},{"floor":9,"key":"Bag of Preparation"},{"floor":11,"key":"Juzu Bracelet"},{"floor":12,"key":"Odd Mushroom"},{"floor":26,"key":"Paper Crane"},{"floor":28,"key":"Meat on the Bone"}],"event_choices":[{"event_name":"Transmorgrifier","player_choice":"Transform","floor":5,"damage_taken":0},{"event_name":"Mushrooms","player_choice":"Fought Mushrooms","floor":12,"damage_taken":0},{"event_name":"Scrap Ooze","player_choice":"unsuccessful","floor":14,"damage_taken":7},{"event_name":"The Lab","player_choice":"Got Potions","floor":19,"damage_taken":0},{"event_name":"The Library","player_choice":"Read","floor":21,"damage_taken":0},{"event_name":"Duplicator","player_choice":"One dupe","floor":22,"damage_taken":0},{"event_name":"Purifier","player_choice":"One Purge","floor":24,"damage_taken":0},{"event_name":"Nest","player_choice":"Joined the Cult","floor":29,"damage_taken":0}],"is_beta":false,"boss_relics":[{"not_picked":["Orrery","Velvet Choker"],"picked":"Eternal Feather"}],"items_purged_floors":[],"is_endless":false,"potions_floor_spawned":[3,10,11,12,25,30,31],"killed_by":"Automaton","ascension_level":0}