{"gold_per_floor":[110,110,129,129,146,146,175,187,238,258,275,275,301,32,32,137,137,156,176,176,176,189,189,189],"floor_reached":24,"playtime":1782,"items_purged":[],"score":306,"play_id":"bf8b4a49-f8de-45af-a5e3-4995c5487aca","local_time":"20190412155338","is_ascension_mode":true,"campfire_choices":[{"data":"Neutralize","floor":6,"key":"SMITH"},{"data":"Cloak And Dagger","floor":15,"key":"SMITH"},{"floor":23,"key":"REST"}],"neow_cost":"PERCENT_DAMAGE","seed_source_timestamp":135969488509329,"circlet_count":0,"master_deck":["Defend_G","Defend_G","Defend_G","Defend_G","Defend_G","Strike_G","Strike_G","Strike_G","Strike_G","Strike_G","Survivor","Neutralize+1","Accuracy","Dagger Throw","Blade Dance","Cloak And Dagger+1","Deflect","Accuracy","Accuracy","Bullet Time","Cloak And Dagger","Escape Plan","Cloak And Dagger+1","Leg Sweep+1"],"relics":["Ring of the Serpent","Bottled Flame","Potion Belt","Bag of Preparation","DollysMirror","Toxic Egg 2"],"potions_floor_usage":[7,7,16,18,19],"damage_taken":[{"damage":14,"enemies":"Small Slimes","floor":1,"turns":4},{"damage":0,"enemies":"2 Louse","floor":3,"turns":4},{"damage":0,"enemies":"Cultist","floor":5,"turns":4},{"damage":25,"enemies":"Gremlin Nob","floor":7,"turns":5},{"damage":5,"enemies":"Exordium Wildlife","floor":8,"turns":4},{"damage":0,"enemies":"Red Slaver","floor":10,"turns":4},{"damage":7,"enemies":"2 Fungi Beasts","floor":11,"turns":4},{"damage":18,"enemies":"3 Sentries","floor":13,"turns":9},{"damage":32,"enemies":"The Guardian","floor":16,"turns":14},{"damage":23,"enemies":"Spheric Guardian","floor":18,"turns":4},{"damage":11,"enemies":"Shell Parasite","floor":19,"turns":4},{"damage":25,"enemies":"Snake Plant","floor":22,"turns":5},{"damage":52,"enemies":"Slavers","floor":24,"turns":5}],"seed_played":"-5321829509794713534","potions_obtained":[{"floor":3,"key":"SpeedPotion"},{"floor":5,"key":"Regen Potion"},{"floor":10,"key":"Block Potion"},{"floor":13,"key":"Explosive Potion"},{"floor":16,"key":"Swift Potion"},{"floor":19,"key":"Ancient Potion"}],"is_trial":false,"path_per_floor":["M","?","M","?","M","R","E","M","T","M","M","?","E","$","R","B",null,"M","M","T","?","M","R","E"],"character_chosen":"THE_SILENT","items_purchased":["Accuracy","DollysMirror"],"campfire_rested":1,"item_purchase_floors":[14,14],"current_hp_per_floor":[45,50,50,42,42,42,31,26,26,26,19,89,71,71,71,39,77,54,43,43,43,18,44,0],"gold":189,"neow_bonus":"TWENTY_PERCENT_HP_BONUS","is_prod":false,"is_daily":false,"chose_seed":false,"campfire_upgraded":2,"win_rate":0,"timestamp":1555102418,"path_taken":["M","?","M","?","M","R","E","?","T","M","M","?","E","$","R","BOSS","M","M","?","?","?","R","E"],"build_version":"2019-01-23","purchased_purges":0,"victory":false,"max_hp_per_floor":[84,89,89,89,89,89,89,89,89,89,89,89,89,89,89,89,89,89,89,89,89,89,89,89],"card_choices":[{"not_picked":["Prepared","Flechettes"],"picked":"Accuracy","floor":1},{"not_picked":["Poisoned Stab","Bane"],"picked":"Dagger Throw","floor":3},{"not_picked":["Bane","Endless Agony"],"picked":"Blade Dance","floor":5},{"not_picked":["Dodge and Roll","Dagger Spray"],"picked":"Heel Hook","floor":7},{"not_picked":["Grand Finale","Backstab"],"picked":"Cloak And Dagger","floor":8},{"not_picked":["Poisoned Stab","Prepared","Outmaneuver"],"picked":"SKIP","floor":10},{"not_picked":["Prepared","Flechettes","Deadly Poison"],"picked":"SKIP","floor":11},{"not_picked":["Dagger Throw","Crippling Poison"],"picked":"Deflect","floor":13},{"not_picked":["Phantasmal Killer","Grand Finale"],"picked":"Bullet Time","floor":16},{"not_picked":["Backstab","Deflect"],"picked":"Cloak And Dagger","floor":18},{"not_picked":["Acrobatics","Dodge and Roll"],"picked":"Escape Plan","floor":19},{"not_picked":["All Out Attack+1","Underhanded Strike"],"picked":"Leg Sweep+1","floor":22}],"player_experience":429770,"relics_obtained":[{"floor":7,"key":"Bottled Flame"},{"floor":9,"key":"Potion Belt"},{"floor":13,"key":"Bag of Preparation"},{"floor":20,"key":"Toxic Egg 2"}],"event_choices":[{"damage_healed":0,"gold_gain":0,"player_choice":"Donut","damage_taken":0,"max_hp_gain":5,"max_hp_loss":0,"event_name":"Big Fish","floor":2,"gold_loss":0},{"damage_healed":0,"gold_gain":0,"player_choice":"Damaged","damage_taken":8,"max_hp_gain":0,"max_hp_loss":0,"event_name":"Wheel of Change","floor":4,"gold_loss":0},{"cards_removed":["Heel Hook"],"damage_healed":70,"gold_gain":0,"player_choice":"Offered Uncommon","damage_taken":0,"max_hp_gain":0,"max_hp_loss":0,"event_name":"Bonfire Elementals","floor":12,"gold_loss":0},{"damage_healed":0,"gold_gain":0,"player_choice":"Copied","damage_taken":0,"max_hp_gain":0,"max_hp_loss":0,"event_name":"Duplicator","floor":21,"gold_loss":0,"cards_obtained":["Cloak And Dagger"]}],"is_beta":false,"boss_relics":[{"not_picked":["HoveringKite","Lizard Tail"],"picked":"Ring of the Serpent"}],"items_purged_floors":[],"is_endless":false,"potions_floor_spawned":[3,5,10,13,16,19],"killed_by":"Slavers","ascension_level":7}