{"gold_per_floor":[109,124,138,150,150,150,115,148,172,57,77,91,109,124,124,254,254,268,268,3,24,45,45,99,14,14,14,14,32,56,99,111,123],"floor_reached":33,"playtime":2866,"items_purged":[],"score":400,"play_id":"6bb7fa4c-ea13-4b54-b423-588a98a11ffb","local_time":"20190402170520","is_ascension_mode":true,"campfire_choices":[{"floor":6.0,"key":"REST"},{"floor":15.0,"key":"REST"},{"floor":23.0,"key":"REST"},{"data":"Corpse Explosion","floor":27.0,"key":"SMITH"},{"floor":32.0,"key":"REST"}],"neow_cost":"NONE","seed_source_timestamp":0,"circlet_count":0,"master_deck":["Defend_G","Defend_G","Defend_G+1","Defend_G","Defend_G+1","Strike_G","Strike_G","Strike_G","Strike_G","Strike_G","Survivor","Neutralize","Caltrops","PiercingWail","Crippling Poison","Footwork","Bouncing Flask","Well Laid Plans","Footwork","Sucker Punch","PiercingWail","Dagger Spray","Corpse Explosion+1","Predator","Footwork","Dagger Throw+1","Corpse Explosion","Quick Slash+1"],"special_seed":0,"relics":["Lizard Tail","Golden Idol","War Paint","Ancient Tea Set","Snecko Eye","Lantern","Tiny Chest","PreservedInsect","Mummified Hand","Orichalcum","MawBank"],"potions_floor_usage":[33,33,33],"damage_taken":[{"damage":2.0,"enemies":"Jaw Worm","floor":1.0,"turns":5.0},{"damage":2.0,"enemies":"Small Slimes","floor":2.0,"turns":5.0},{"damage":3.0,"enemies":"Cultist","floor":3.0,"turns":5.0},{"damage":27.0,"enemies":"Gremlin Gang","floor":4.0,"turns":4.0},{"damage":18.0,"enemies":"Lagavulin","floor":8.0,"turns":8.0},{"damage":3.0,"enemies":"Looter","floor":11.0,"turns":4.0},{"damage":8.0,"enemies":"Exordium Thugs","floor":12.0,"turns":4.0},{"damage":8.0,"enemies":"3 Louse","floor":13.0,"turns":3.0},{"damage":5.0,"enemies":"Looter","floor":14.0,"turns":5.0},{"damage":13.0,"enemies":"The Guardian","floor":16.0,"turns":9.0},{"damage":36.0,"enemies":"Chosen","floor":18.0,"turns":7.0},{"damage":7.0,"enemies":"Spheric Guardian","floor":21.0,"turns":5.0},{"damage":16.0,"enemies":"3 Cultists","floor":22.0,"turns":3.0},{"damage":0.0,"enemies":"Chosen and Byrds","floor":29.0,"turns":4.0},{"damage":8.0,"enemies":"Centurion and Healer","floor":30.0,"turns":3.0},{"damage":0.0,"enemies":"Gremlin Leader","floor":31.0,"turns":4.0},{"damage":86,"enemies":"Champ","floor":33,"turns":11}],"seed_played":"5809377853883577226","potions_obtained":[{"floor":2.0,"key":"GamblersBrew"},{"floor":3.0,"key":"AttackPotion"},{"floor":4.0,"key":"Poison Potion"},{"floor":13.0,"key":"GamblersBrew"},{"floor":18.0,"key":"Block Potion"},{"floor":19.0,"key":"EntropicBrew"},{"floor":22.0,"key":"Poison Potion"},{"floor":29.0,"key":"GamblersBrew"},{"floor":30.0,"key":"EssenceOfSteel"},{"floor":31.0,"key":"SpeedPotion"}],"is_trial":false,"path_per_floor":["M","M","M","M","?","R","?","E","T","$","M","M","M","M","R","B",null,"M","?","$","M","M","R","T","?","T","R","T","M","M","E","R","B"],"character_chosen":"THE_SILENT","items_purchased":["Well Laid Plans","Poison Potion","Predator","Lantern","Footwork"],"campfire_rested":4,"item_purchase_floors":[10,10,20,20,20],"current_hp_per_floor":[61,59,56,29,29,48,64,46,46,46,43,35,27,22,41,28,56,20,20,20,13,32,51,51,51,51,51,51,51,43,43,62,0],"gold":123,"neow_bonus":"BOSS_RELIC","is_prod":false,"is_daily":false,"chose_seed":false,"campfire_upgraded":1,"win_rate":0,"timestamp":1554242720,"path_taken":["M","M","M","M","?","R","?","E","T","?","M","?","?","M","R","BOSS","M","?","$","M","?","R","?","?","T","R","?","M","M","E","R","BOSS"],"build_version":"2019-01-23","purchased_purges":0,"victory":false,"max_hp_per_floor":[70,70,70,70,65,65,65,65,65,65,65,65,65,65,65,65,65,65,65,65,65,65,65,65,65,65,65,65,65,65,65,65,65],"card_choices":[{"not_picked":["Poisoned Stab","Underhanded Strike"],"picked":"Caltrops","floor":1.0},{"not_picked":["Expertise","Blur"],"picked":"PiercingWail","floor":2.0},{"not_picked":["Cloak And Dagger","Underhanded Strike"],"picked":"Crippling Poison","floor":3.0},{"not_picked":["All Out Attack","Malaise"],"picked":"Footwork","floor":4.0},{"not_picked":["Acrobatics","Masterful Stab"],"picked":"Bouncing Flask","floor":8.0},{"not_picked":["Poisoned Stab","Cloak And Dagger"],"picked":"Footwork","floor":11.0},{"not_picked":["Expertise","Outmaneuver"],"picked":"Sucker Punch","floor":12.0},{"not_picked":["Outmaneuver","Sucker Punch"],"picked":"PiercingWail","floor":13.0},{"not_picked":["Outmaneuver","Crippling Poison"],"picked":"Dagger Spray","floor":14.0},{"not_picked":["Envenom","After Image"],"picked":"Corpse Explosion","floor":16.0},{"not_picked":["Quick Slash","Sucker Punch","Cloak And Dagger"],"picked":"SKIP","floor":18.0},{"not_picked":["Dodge and Roll","Slice","Backstab+1"],"picked":"SKIP","floor":21.0},{"not_picked":["Bane","Dodge and Roll"],"picked":"Dagger Throw+1","floor":22.0},{"not_picked":["PiercingWail+1","Quick Slash"],"picked":"Corpse Explosion","floor":29.0},{"not_picked":["Terror","Flying Knee"],"picked":"Quick Slash+1","floor":30.0},{"not_picked":["Outmaneuver","Poisoned Stab","Prepared"],"picked":"SKIP","floor":31.0}],"player_experience":395896,"relics_obtained":[{"floor":8.0,"key":"War Paint"},{"floor":9.0,"key":"Ancient Tea Set"},{"floor":24.0,"key":"Tiny Chest"},{"floor":26.0,"key":"Mummified Hand"},{"floor":28.0,"key":"Orichalcum"},{"floor":31.0,"key":"MawBank"}],"event_choices":[{"damage_healed":0.0,"max_hp_gain":0.0,"max_hp_loss":5.0,"gold_gain":0.0,"event_name":"Golden Idol","player_choice":"Lose Max HP","floor":5.0,"gold_loss":0.0,"damage_taken":0.0,"relics_obtained":["Golden Idol"]},{"damage_healed":16.0,"max_hp_gain":0.0,"max_hp_loss":0.0,"gold_gain":0.0,"event_name":"The Cleric","player_choice":"Healed","floor":7.0,"gold_loss":35.0,"damage_taken":0.0},{"damage_healed":0.0,"max_hp_gain":0.0,"max_hp_loss":0.0,"gold_gain":0.0,"event_name":"Lab","player_choice":"Got Potions","floor":19.0,"gold_loss":0.0,"damage_taken":0.0},{"damage_healed":0.0,"max_hp_gain":0.0,"max_hp_loss":0.0,"gold_gain":0.0,"event_name":"Addict","player_choice":"Obtained Relic","floor":25.0,"gold_loss":85.0,"damage_taken":0.0,"relics_obtained":["PreservedInsect"]}],"is_beta":false,"boss_relics":[{"not_picked":["Busted Crown","Fusion Hammer"],"picked":"Snecko Eye"}],"items_purged_floors":[],"is_endless":false,"potions_floor_spawned":[2,3,4,13,18,22,29,30,31],"killed_by":"Champ","ascension_level":7}