{"gold_per_floor":[115,128,18,34,34,69,69,69,93,93,132,57,57,57,57,181,181,194,213,237,257,172,172,188,188,188,223,223,223,248,248,248,378,378,397,397,411,127,152,152,172,172,172,172,195,195,195,219,219,219],"floor_reached":51,"playtime":2702,"items_purged":["Strike_R","Defend_R"],"score":830,"play_id":"85e4b8f6-95a4-45b2-ab44-3eddbcb77dc0","local_time":"20180716190429","is_ascension_mode":false,"campfire_choices":[{"data":"Flame Barrier","floor":7,"key":"SMITH"},{"data":"Shrug It Off","floor":10,"key":"SMITH"},{"data":"Pommel Strike","floor":13,"key":"SMITH"},{"data":"Bash","floor":15,"key":"SMITH"},{"data":"Whirlwind","floor":23,"key":"SMITH"},{"data":"Offering","floor":25,"key":"SMITH"},{"data":"Shrug It Off","floor":28,"key":"SMITH"},{"data":"Hemokinesis","floor":32,"key":"SMITH"},{"floor":40,"key":"REST"},{"data":"Thinking Ahead","floor":42,"key":"SMITH"},{"floor":44,"key":"REST"},{"data":"Inflame","floor":49,"key":"SMITH"}],"neow_cost":"NONE","seed_source_timestamp":253568830887243,"circlet_count":0,"master_deck":["Defend_R","Defend_R","Defend_R","Bash+1","Hemokinesis+1","Clash","Flame Barrier+1","Whirlwind+1","Shrug It Off+1","Inflame+1","Pommel Strike+1","Offering+1","Exhume","Iron Wave+1","Sword Boomerang","True Grit+1","Twin Strike+1","Shrug It Off+1","Twin Strike","Offering","Berserk+1","Uppercut+1","Shockwave+1","Warcry+1","Flame Barrier+1","Sword Boomerang","Thinking Ahead+1"],"relics":["Burning Blood","Pen Nib","Omamori","Golden Idol","Blood Vial","Regal Pillow","Art of War","White Beast Statue","Bronze Scales","Red Skull","Red Mask","Bottled Flame","Astrolabe","Thread and Needle","Smiling Mask"],"potions_floor_usage":[19,21,30,33,33,37,39,39,48,50,50,50],"damage_taken":[{"damage":5,"enemies":"Cultist","floor":1,"turns":4},{"damage":0,"enemies":"Small Slimes","floor":2,"turns":3},{"damage":0,"enemies":"2 Louse","floor":4,"turns":1},{"damage":36,"enemies":"Lagavulin","floor":6,"turns":6},{"damage":14,"enemies":"Gremlin Nob","floor":11,"turns":5},{"damage":30,"enemies":"Hexaghost","floor":16,"turns":9},{"damage":19,"enemies":"Shell Parasite","floor":18,"turns":5},{"damage":12,"enemies":"Chosen","floor":19,"turns":4},{"damage":24,"enemies":"Snecko","floor":20,"turns":6},{"damage":10,"enemies":"3 Cultists","floor":21,"turns":4},{"damage":14,"enemies":"Cultist and Chosen","floor":24,"turns":3},{"damage":9,"floor":27,"turns":3},{"damage":7,"enemies":"Centurion and Healer","floor":30,"turns":7},{"damage":62,"enemies":"Automaton","floor":33,"turns":11},{"damage":31,"enemies":"3 Darklings","floor":35,"turns":4},{"damage":10,"floor":36,"turns":10},{"damage":18,"enemies":"Flame Bruiser 1 Orb","floor":37,"turns":4},{"damage":43,"enemies":"Transient","floor":39,"turns":5},{"damage":15,"enemies":"Spire Growth","floor":41,"turns":5},{"damage":7,"enemies":"Flame Bruiser 2 Orb","floor":45,"turns":3},{"damage":16,"enemies":"Sphere and 2 Shapes","floor":48,"turns":4},{"damage":46,"enemies":"Donu and Deca","floor":50,"turns":8}],"seed_played":"1115865529634635647","potions_obtained":[{"floor":6,"key":"Explosive Potion"},{"floor":11,"key":"Poison Potion"},{"floor":18,"key":"PowerPotion"},{"floor":19,"key":"FairyPotion"},{"floor":20,"key":"SpeedPotion"},{"floor":21,"key":"Dexterity Potion"},{"floor":24,"key":"Regen Potion"},{"floor":27,"key":"BloodPotion"},{"floor":30,"key":"LiquidBronze"},{"floor":33,"key":"SkillPotion"},{"floor":35,"key":"Swift Potion"},{"floor":36,"key":"SteroidPotion"},{"floor":37,"key":"Poison Potion"},{"floor":39,"key":"Explosive Potion"},{"floor":41,"key":"SkillPotion"},{"floor":47,"key":"Ancient Potion"},{"floor":48,"key":"PowerPotion"}],"is_trial":false,"path_per_floor":["M","M","$","M","?","E","R","?","T","R","E","$","R","?","R","B",null,"M","M","M","M","?","R","M","R","T","?","R","T","M","?","R","B",null,"M","?","M","$","M","R","M","R","T","R","M","?","?","M","R","B"],"character_chosen":"IRONCLAD","items_purchased":["Whirlwind","Offering","Thinking Ahead"],"campfire_rested":2,"item_purchase_floors":[3,12,38],"current_hp_per_floor":[80,80,80,80,77,47,47,47,47,47,41,41,41,41,41,19,80,67,63,47,45,45,45,39,39,39,38,38,38,47,47,47,7,80,55,53,43,43,8,47,40,40,40,79,79,79,79,70,70,32],"gold":219,"neow_bonus":"TRANSFORM_CARD","is_prod":false,"is_daily":false,"chose_seed":false,"campfire_upgraded":10,"win_rate":0,"timestamp":1531739069,"path_taken":["M","M","$","M","?","E","R","?","T","R","E","?","R","?","R","BOSS","M","M","M","M","?","R","M","R","T","?","R","?","?","?","R","BOSS","M","?","M","$","M","R","M","R","T","R","M","?","?","M","R","BOSS"],"build_version":"2018-07-12","purchased_purges":2,"victory":true,"max_hp_per_floor":[80,80,80,80,80,80,80,80,80,80,80,80,80,80,80,80,80,80,80,80,80,80,80,80,80,80,80,80,80,80,80,80,80,80,80,80,80,80,80,80,80,80,80,80,80,80,80,80,80,80],"card_choices":[{"not_picked":["Feel No Pain","Second Wind"],"picked":"Clash","floor":1},{"not_picked":["Disarm","Clothesline"],"picked":"Flame Barrier","floor":2},{"not_picked":["Headbutt","Sever Soul"],"picked":"Shrug It Off","floor":4},{"not_picked":["Clash","Barricade"],"picked":"Inflame","floor":6},{"not_picked":["Second Wind","Wild Strike"],"picked":"Pommel Strike","floor":11},{"not_picked":["Fiend Fire","Juggernaut"],"picked":"Exhume","floor":16},{"not_picked":["Rage","Wild Strike"],"picked":"Iron Wave+1","floor":18},{"not_picked":["Flex","Evolve"],"picked":"Sword Boomerang","floor":19},{"not_picked":["Sword Boomerang+1","Thunderclap+1"],"picked":"Armaments+1","floor":20},{"not_picked":["Cleave","Heavy Blade"],"picked":"True Grit+1","floor":21},{"not_picked":["Anger","Demon Form"],"picked":"Twin Strike+1","floor":24},{"not_picked":["Second Wind","Wild Strike+1"],"picked":"Shrug It Off","floor":27},{"not_picked":["Wild Strike","True Grit+1"],"picked":"Twin Strike","floor":30},{"not_picked":["Exhume","Reaper"],"picked":"Offering","floor":33},{"not_picked":["Dropkick+1","Reckless Charge+1"],"picked":"Warcry+1","floor":35},{"not_picked":["Dropkick+1","Sentinel+1"],"picked":"Flame Barrier+1","floor":36},{"not_picked":["Reckless Charge","Sever Soul+1"],"picked":"Sword Boomerang","floor":37},{"not_picked":["Shrug It Off","Evolve+1","Clothesline"],"picked":"SKIP","floor":39},{"not_picked":["Blood for Blood","Heavy Blade+1","Pummel"],"picked":"SKIP","floor":41},{"not_picked":["Combust","Pommel Strike","Cleave"],"picked":"SKIP","floor":45},{"not_picked":["Perfected Strike+1","Fire Breathing+1","Havoc"],"picked":"SKIP","floor":48}],"player_experience":676775,"relics_obtained":[{"floor":6,"key":"Omamori"},{"floor":9,"key":"Blood Vial"},{"floor":11,"key":"Regal Pillow"},{"floor":26,"key":"Red Skull"},{"floor":27,"key":"Red Mask"},{"floor":29,"key":"Bottled Flame"},{"floor":36,"key":"Thread and Needle"},{"floor":43,"key":"Smiling Mask"}],"event_choices":[{"event_name":"Scrap Ooze","player_choice":"success","floor":5,"damage_taken":3},{"event_name":"Golden Idol","player_choice":"Take Wound","floor":8,"damage_taken":0},{"event_name":"Wheel of Change","player_choice":"Relic","floor":14,"damage_taken":0},{"event_name":"Addict","player_choice":"Obtained Relic","floor":22,"damage_taken":0},{"event_name":"Masked Bandits","player_choice":"Fought over 188 gold","floor":27,"damage_taken":0},{"event_name":"The Woman in Blue","player_choice":"Bought 0 Potions","floor":31,"damage_taken":0},{"event_name":"MindBloom","player_choice":"Fight","floor":36,"damage_taken":0},{"event_name":"Falling","player_choice":"Removed Skill","floor":46,"damage_taken":0},{"event_name":"The Lab","player_choice":"Got Potions","floor":47,"damage_taken":0}],"boss_relics":[{"not_picked":["Lizard Tail","Coffee Dripper"],"picked":"White Beast Statue"},{"not_picked":["Eternal Feather","Velvet Choker"],"picked":"Astrolabe"}],"items_purged_floors":[3,38],"is_endless":false,"potions_floor_spawned":[6,11,18,19,20,21,24,27,30,33,35,36,37,39,41,45,48],"ascension_level":0}