{"gold_per_floor":[119,69,83,58,71,71,14,30,56,56,83,83,99,125,125,227,227,245,80,80,95,95,95,18,18,96,96,96,115,127,127,127,227,227,237,237,337,237,275,275,275,275],"floor_reached":42,"playtime":1610,"items_purged":["Strike_G","Writhe"],"score":603,"play_id":"2eca4538-0b67-41f6-a5ac-372ce875474d","local_time":"20190126202245","is_ascension_mode":true,"campfire_choices":[{"data":"Bane","floor":6,"key":"SMITH"},{"data":"Deadly Poison","floor":10,"key":"SMITH"},{"data":"Caltrops","floor":12,"key":"SMITH"},{"data":"Glass Knife","floor":15,"key":"SMITH"},{"data":"Bouncing Flask","floor":23,"key":"SMITH"},{"data":"Well Laid Plans","floor":25,"key":"SMITH"},{"data":"Deflect","floor":27,"key":"SMITH"},{"data":"Cloak And Dagger","floor":32,"key":"SMITH"},{"data":"After Image","floor":40,"key":"SMITH"}],"neow_cost":"NONE","seed_source_timestamp":188318473372700,"circlet_count":0,"master_deck":["AscendersBane","Defend_G+1","Defend_G","Defend_G","Defend_G","Defend_G+1","Strike_G","Strike_G","Strike_G","Survivor","Neutralize+1","Bane+1","Cloak And Dagger+1","Cloak And Dagger","Deadly Poison+1","Blur","Caltrops+1","Glass Knife+1","Die Die Die","PiercingWail+1","Bouncing Flask+1","Deflect+1","Well Laid Plans+1","Bane+1","Escape Plan","After Image+1","Backstab","HandOfGreed","Terror+1","Deadly Poison+1"],"relics":["Ring of the Snake","Bag of Preparation","Bag of Marbles","Dodecahedron","Sozu","Vajra","Pantograph","Nloth\u0027s Gift","Philosopher\u0027s Stone","Thread and Needle"],"potions_floor_usage":[14,16,30],"damage_taken":[{"damage":0,"enemies":"2 Louse","floor":1,"turns":3},{"damage":1,"enemies":"Jaw Worm","floor":3,"turns":5},{"damage":0,"enemies":"Cultist","floor":5,"turns":4},{"damage":0,"enemies":"Looter","floor":8,"turns":3},{"damage":2,"enemies":"3 Sentries","floor":11,"turns":11},{"damage":0,"enemies":"Blue Slaver","floor":13,"turns":1},{"damage":13,"enemies":"Lagavulin","floor":14,"turns":4},{"damage":17,"enemies":"Hexaghost","floor":16,"turns":8},{"damage":0,"enemies":"3 Byrds","floor":18,"turns":4},{"damage":0,"enemies":"Shell Parasite","floor":21,"turns":1},{"damage":0,"enemies":"Cultist and Chosen","floor":29,"turns":6},{"damage":2,"enemies":"Snake Plant","floor":30,"turns":2},{"damage":54,"enemies":"Champ","floor":33,"turns":12},{"damage":0,"enemies":"3 Shapes","floor":35,"turns":1},{"damage":9,"enemies":"Mind Bloom Boss Battle","floor":37,"turns":7},{"damage":13,"enemies":"3 Darklings","floor":39,"turns":6},{"damage":54,"enemies":"Transient","floor":42,"turns":5}],"seed_played":"8341101612346048095","potions_obtained":[{"floor":1,"key":"LiquidBronze"},{"floor":11,"key":"Regen Potion"},{"floor":16,"key":"SkillPotion"}],"is_trial":false,"path_per_floor":["M","?","M","$","M","R","?","M","T","R","E","R","M","E","R","B",null,"M","$","?","M","?","R","$","R","T","R","?","M","M","?","R","B",null,"M","?","?","$","M","R","?","M"],"character_chosen":"THE_SILENT","items_purchased":["Cloak And Dagger","Bouncing Flask","Deflect","Well Laid Plans"],"campfire_rested":0,"item_purchase_floors":[4,19,19,24],"current_hp_per_floor":[63,63,62,62,62,62,62,62,62,62,60,60,60,59,59,42,63,63,63,63,63,63,63,63,63,63,63,63,63,61,61,61,16,57,57,57,61,61,48,48,48,0],"gold":275,"neow_bonus":"UPGRADE_CARD","is_prod":false,"is_daily":false,"chose_seed":false,"campfire_upgraded":9,"win_rate":0,"timestamp":1548530565,"path_taken":["M","?","M","$","M","R","?","M","T","R","E","R","?","E","R","BOSS","M","$","?","M","?","R","?","R","T","R","?","?","M","?","R","BOSS","M","?","?","?","?","R","?","M"],"build_version":"2019-01-23","purchased_purges":2,"victory":false,"max_hp_per_floor":[70,70,70,70,70,70,70,70,70,70,70,70,70,70,70,70,70,70,70,70,70,70,70,70,70,70,70,70,70,70,70,70,70,70,70,70,70,70,70,70,70,70],"card_choices":[{"not_picked":["Expertise","Accuracy"],"picked":"Bane","floor":1},{"not_picked":["Prepared","Escape Plan"],"picked":"Cloak And Dagger","floor":3},{"not_picked":["Backstab","Poisoned Stab"],"picked":"Deadly Poison","floor":5},{"not_picked":["Prepared","Expertise"],"picked":"Blur","floor":8},{"not_picked":["Finisher","Outmaneuver"],"picked":"Caltrops","floor":11},{"not_picked":["Blade Dance","Eviscerate","Outmaneuver"],"picked":"SKIP","floor":13},{"not_picked":["Backflip","Unload"],"picked":"Glass Knife","floor":14},{"not_picked":["Venomology","A Thousand Cuts"],"picked":"Die Die Die","floor":16},{"not_picked":["Cloak And Dagger","Prepared"],"picked":"PiercingWail+1","floor":18},{"not_picked":["Prepared","Concentrate","Predator+1"],"picked":"SKIP","floor":21},{"not_picked":["Well Laid Plans","Tools of the Trade"],"picked":"Bane","floor":29},{"not_picked":["Dagger Spray","Masterful Stab"],"picked":"Escape Plan","floor":30},{"not_picked":["Venomology","A Thousand Cuts"],"picked":"After Image","floor":33},{"not_picked":["Backflip","Terror"],"picked":"Backstab","floor":35},{"not_picked":["Flash of Steel","Good Instincts"],"picked":"HandOfGreed","floor":36},{"not_picked":["PiercingWail","Quick Slash+1"],"picked":"Terror+1","floor":37},{"not_picked":["Dagger Throw+1","Cloak And Dagger+1"],"picked":"Deadly Poison+1","floor":39}],"player_experience":389948,"relics_obtained":[{"floor":9,"key":"Bag of Marbles"},{"floor":11,"key":"War Paint"},{"floor":14,"key":"Dodecahedron"},{"floor":26,"key":"Pantograph"},{"floor":37,"key":"Thread and Needle"}],"event_choices":[{"cards_removed":["Strike_G"],"damage_healed":0,"gold_gain":0,"player_choice":"Card Removal","damage_taken":0,"max_hp_gain":0,"max_hp_loss":0,"event_name":"The Cleric","floor":2,"gold_loss":50},{"damage_healed":0,"gold_gain":0,"player_choice":"Paid Gold","damage_taken":0,"relics_obtained":["Bag of Preparation"],"max_hp_gain":0,"max_hp_loss":0,"event_name":"WeMeetAgain","floor":7,"gold_loss":57},{"damage_healed":0,"gold_gain":0,"player_choice":"Opened","damage_taken":0,"relics_obtained":["Vajra"],"max_hp_gain":0,"max_hp_loss":0,"event_name":"The Mausoleum","floor":20,"gold_loss":0,"cards_obtained":["Writhe"]},{"damage_healed":0,"gold_gain":0,"player_choice":"Ignored","damage_taken":0,"max_hp_gain":0,"max_hp_loss":0,"event_name":"Ghosts","floor":22,"gold_loss":0},{"damage_healed":0,"gold_gain":0,"player_choice":"Traded Relic","damage_taken":0,"relics_obtained":["Nloth\u0027s Gift"],"max_hp_gain":0,"max_hp_loss":0,"event_name":"N\u0027loth","floor":28,"relics_lost":["War Paint"],"gold_loss":0},{"damage_healed":0,"gold_gain":0,"player_choice":"Forge","damage_taken":0,"max_hp_gain":0,"max_hp_loss":0,"event_name":"Accursed Blacksmith","floor":31,"gold_loss":0,"cards_upgraded":["Bane"]},{"damage_healed":0,"gold_gain":0,"player_choice":"Memory 1","damage_taken":0,"max_hp_gain":0,"max_hp_loss":0,"event_name":"SensoryStone","floor":36,"gold_loss":0},{"damage_healed":0,"gold_gain":0,"player_choice":"Fight","damage_taken":0,"max_hp_gain":0,"max_hp_loss":0,"event_name":"MindBloom","floor":37,"gold_loss":0},{"damage_healed":0,"gold_gain":0,"player_choice":"Ignored","damage_taken":0,"max_hp_gain":0,"max_hp_loss":0,"event_name":"Mysterious Sphere","floor":41,"gold_loss":0}],"is_beta":false,"boss_relics":[{"not_picked":["HoveringKite","White Beast Statue"],"picked":"Sozu"},{"not_picked":["Eternal Feather","Coffee Dripper"],"picked":"Philosopher\u0027s Stone"}],"items_purged_floors":[19,38],"is_endless":false,"potions_floor_spawned":[1,11,16,21,30,33,39],"killed_by":"Transient","ascension_level":10}