{"gold_per_floor":[109,59,79,79,98,128,140,171,183,229,241,253,265,257,269,381,443,469,580,123,136,153,153,171,171,171,181,195,213,213,228,228,332,332,349,349,362,375,395,395,427,427,427,446,464,482,134,148,148,148],"floor_reached":50,"playtime":4030,"items_purged":["Strike_G","Defend_G"],"score":543,"play_id":"e82fde93-6747-400f-a943-f10cb7741912","local_time":"20181018174306","is_ascension_mode":true,"campfire_choices":[{"floor":7,"key":"REST"},{"floor":11,"key":"REST"},{"data":"Neutralize","floor":15,"key":"SMITH"},{"data":"Adrenaline","floor":23,"key":"SMITH"},{"floor":25,"key":"REST"},{"floor":32,"key":"REST"},{"data":"After Image","floor":40,"key":"SMITH"},{"floor":42,"key":"REST"},{"data":"Apotheosis","floor":49,"key":"SMITH"}],"neow_cost":"NONE","seed_source_timestamp":635325408108000,"circlet_count":0,"master_deck":["Defend_G","Defend_G","Defend_G","Strike_G+1","Strike_G+1","Survivor","Neutralize+1","Burst+1","Acrobatics","Blur+1","Infinite Blades","Escape Plan","Calculated Gamble","Blade Dance","Adrenaline+1","Blade Dance","Backflip","Accuracy+1","Caltrops+1","Cloak And Dagger","Prepared","Cloak And Dagger","Dagger Spray","After Image+1","Deflect","Terror","Backflip+1","Cloak And Dagger","Burst","Blade Dance","Apotheosis+1","Deflect","Well Laid Plans+1"],"relics":["Ring of the Snake","MawBank","Whetstone","Darkstone Periapt","Tiny House","Oddly Smooth Stone","TwistedFunnel","Bottled Tornado","Sozu","Mercury Hourglass","Shuriken"],"potions_floor_usage":[6,10,16,18,29,31,38,50],"damage_taken":[{"damage":0,"enemies":"Jaw Worm","floor":1,"turns":6},{"damage":0,"enemies":"Cultist","floor":3,"turns":5},{"damage":2,"enemies":"Small Slimes","floor":5,"turns":5},{"damage":49,"enemies":"Gremlin Nob","floor":6,"turns":8},{"damage":0,"enemies":"Exordium Wildlife","floor":8,"turns":5},{"damage":3,"enemies":"3 Sentries","floor":10,"turns":12},{"damage":4,"enemies":"Exordium Thugs","floor":14,"turns":4},{"damage":43,"enemies":"Slime Boss","floor":16,"turns":14},{"damage":8,"enemies":"3 Byrds","floor":18,"turns":5},{"damage":16,"enemies":"Spheric Guardian","floor":21,"turns":9},{"damage":11,"enemies":"Snake Plant","floor":22,"turns":8},{"damage":6,"enemies":"Shelled Parasite and Fungi","floor":24,"turns":5},{"damage":0,"enemies":"Centurion and Healer","floor":27,"turns":6},{"damage":6,"enemies":"Chosen and Byrds","floor":28,"turns":7},{"damage":6,"enemies":"Cultist and Chosen","floor":29,"turns":8},{"damage":0,"enemies":"Snecko","floor":31,"turns":4},{"damage":62,"enemies":"Automaton","floor":33,"turns":14},{"damage":0,"enemies":"3 Shapes","floor":35,"turns":4},{"damage":0,"enemies":"Orb Walker","floor":37,"turns":3},{"damage":0,"enemies":"Sphere and 2 Shapes","floor":38,"turns":6},{"damage":0,"enemies":"Transient","floor":39,"turns":5},{"damage":35,"enemies":"2 Orb Walkers","floor":41,"turns":7},{"damage":0,"enemies":"4 Shapes","floor":44,"turns":3},{"damage":0,"enemies":"Maw","floor":45,"turns":5},{"damage":0,"enemies":"Spire Growth","floor":46,"turns":6},{"damage":0,"enemies":"Reptomancer","floor":48,"turns":3},{"damage":99,"enemies":"Time Eater","floor":50,"turns":10}],"seed_played":"4891051448141092880","potions_obtained":[{"floor":1,"key":"PowerPotion"},{"floor":5,"key":"Block Potion"},{"floor":14,"key":"AttackPotion"},{"floor":17,"key":"LiquidBronze"},{"floor":18,"key":"FairyPotion"},{"floor":21,"key":"Energy Potion"},{"floor":28,"key":"GhostInAJar"},{"floor":29,"key":"Regen Potion"},{"floor":33,"key":"GamblersBrew"}],"is_trial":false,"path_per_floor":["M","?","M","?","M","E","R","M","T","E","R","$","?","M","R","B",null,"M","?","$","M","M","R","M","R","T","M","M","M","?","M","R","B",null,"M","?","M","M","M","R","E","R","T","M","M","M","$","M","R"],"character_chosen":"THE_SILENT","items_purchased":["Oddly Smooth Stone","TwistedFunnel","Backflip","Apotheosis","Deflect"],"campfire_rested":5,"item_purchase_floors":[20,20,20,47,47],"current_hp_per_floor":[70,70,70,63,61,12,33,33,33,30,51,51,56,52,52,9,80,72,72,72,56,45,45,39,63,63,63,57,51,35,40,64,2,80,80,80,80,80,80,80,45,69,69,69,69,69,69,69,69,0],"gold":148,"neow_bonus":"TRANSFORM_CARD","is_prod":false,"is_daily":false,"chose_seed":false,"campfire_upgraded":4,"win_rate":0,"timestamp":1539877386,"path_taken":["M","?","M","?","M","E","R","M","T","E","R","$","?","M","R","BOSS","M","?","$","M","M","R","M","R","T","M","M","?","?","M","R","BOSS","M","?","?","M","M","R","E","R","T","M","M","?","$","M","R","BOSS"],"build_version":"2018-10-11","purchased_purges":2,"victory":false,"max_hp_per_floor":[70,70,70,70,70,70,70,70,70,70,70,70,75,75,75,75,80,80,80,80,80,80,80,80,80,80,80,80,80,80,80,80,80,80,80,80,80,80,80,80,80,80,80,80,80,80,80,80,80,80],"card_choices":[{"not_picked":["Riddle With Holes","Bane","Underhanded Strike"],"picked":"SKIP","floor":1},{"not_picked":["Slice","Underhanded Strike"],"picked":"Acrobatics","floor":3},{"not_picked":["Slice","Acrobatics"],"picked":"Blur","floor":5},{"not_picked":["Reflex","Expertise"],"picked":"Infinite Blades","floor":6},{"not_picked":["PiercingWail","Tactician"],"picked":"Escape Plan","floor":8},{"not_picked":["PiercingWail","Dodge and Roll"],"picked":"Calculated Gamble","floor":10},{"not_picked":["Venomology","Predator"],"picked":"Blade Dance","floor":14},{"not_picked":["Unload","Malaise"],"picked":"Adrenaline","floor":16},{"not_picked":["Endless Agony","Skewer"],"picked":"Blade Dance","floor":17},{"not_picked":["Outmaneuver","PiercingWail","Expertise+1"],"picked":"SKIP","floor":18},{"not_picked":["Heel Hook+1","Dodge and Roll"],"picked":"Accuracy+1","floor":21},{"not_picked":["Underhanded Strike","Dagger Spray"],"picked":"Caltrops+1","floor":22},{"not_picked":["Flying Knee","Prepared"],"picked":"Cloak And Dagger","floor":24},{"not_picked":["Quick Slash","Wraith Form v2"],"picked":"Prepared","floor":27},{"not_picked":["Calculated Gamble","Dodge and Roll","Deadly Poison"],"picked":"SKIP","floor":28},{"not_picked":["Tactician","Envenom"],"picked":"Cloak And Dagger","floor":29},{"not_picked":["Predator","Eviscerate"],"picked":"Dagger Spray","floor":31},{"not_picked":["Corpse Explosion","Wraith Form v2"],"picked":"After Image","floor":33},{"not_picked":["Sucker Punch","Skewer","All Out Attack"],"picked":"SKIP","floor":35},{"not_picked":["Dagger Spray","Flying Knee+1"],"picked":"Deflect","floor":37},{"not_picked":["Blade Dance","Catalyst+1"],"picked":"Terror","floor":38},{"not_picked":["Expertise+1","Quick Slash+1","Outmaneuver+1"],"picked":"SKIP","floor":39},{"not_picked":["Crippling Poison+1","Dodge and Roll+1"],"picked":"Backflip+1","floor":41},{"not_picked":["Sucker Punch","Bane+1"],"picked":"Cloak And Dagger","floor":44},{"not_picked":["Dodge and Roll+1","Dagger Spray+1"],"picked":"Burst","floor":45},{"not_picked":["PiercingWail","Acrobatics"],"picked":"Blade Dance","floor":46},{"not_picked":["Quick Slash+1","Eviscerate"],"picked":"Well Laid Plans+1","floor":48}],"player_experience":157230,"relics_obtained":[{"floor":6,"key":"MawBank"},{"floor":9,"key":"Whetstone"},{"floor":10,"key":"Darkstone Periapt"},{"floor":26,"key":"Bottled Tornado"},{"floor":41,"key":"Mercury Hourglass"},{"floor":43,"key":"Shuriken"}],"event_choices":[{"event_name":"The Cleric","player_choice":"Card Removal","floor":2,"damage_taken":0},{"event_name":"Golden Wing","player_choice":"Card Removal","floor":4,"damage_taken":0},{"event_name":"Big Fish","player_choice":"Donut","floor":13,"damage_taken":0},{"event_name":"Nest","player_choice":"Stole From Cult","floor":19,"damage_taken":0},{"event_name":"Cursed Tome","player_choice":"Obtained Book","floor":30,"damage_taken":0},{"event_name":"Accursed Blacksmith","player_choice":"Forge","floor":36,"damage_taken":0}],"is_beta":false,"boss_relics":[{"not_picked":["HoveringKite","Fusion Hammer"],"picked":"Tiny House"},{"not_picked":["Runic Pyramid","Runic Dome"],"picked":"Sozu"}],"items_purged_floors":[20,47],"is_endless":false,"potions_floor_spawned":[1,5,14,18,21,28,29,33,37,38,39,41,45,48],"killed_by":"Time Eater","ascension_level":1}