{"gold_per_floor":[119,131,131,149,159,159,171,232,300,300,300,332,332,352,352,352],"floor_reached":16,"playtime":537,"items_purged":[],"score":207,"play_id":"2a88da67-aa85-4723-bb62-e60d8dfeb006","local_time":"20190202221355","is_ascension_mode":true,"campfire_choices":[{"data":"Dualcast","floor":6,"key":"SMITH"},{"floor":11,"key":"REST"},{"floor":13,"key":"REST"},{"data":"Turbo","floor":15,"key":"SMITH"}],"neow_cost":"NONE","seed_source_timestamp":801094074163500,"circlet_count":0,"master_deck":["AscendersBane","Strike_B","Strike_B","Strike_B","Strike_B","Defend_B","Defend_B","Defend_B","Defend_B","Zap+1","Dualcast+1","Cold Snap","Gash","Steam","Ball Lightning","Genetic Algorithm","Electrodynamics","Turbo+1","Sweeping Beam"],"relics":["Cracked Core","Tiny Chest","Shuriken","Peace Pipe","Potion Belt"],"potions_floor_usage":[5],"damage_taken":[{"damage":7,"enemies":"Jaw Worm","floor":1,"turns":4},{"damage":0,"enemies":"Cultist","floor":2,"turns":3},{"damage":8,"enemies":"Small Slimes","floor":4,"turns":3},{"damage":15,"enemies":"Exordium Thugs","floor":5,"turns":5},{"damage":19,"enemies":"Exordium Wildlife","floor":7,"turns":4},{"damage":40,"enemies":"Gremlin Nob","floor":8,"turns":5},{"damage":20,"enemies":"Lagavulin","floor":12,"turns":6},{"damage":0,"enemies":"Red Slaver","floor":14,"turns":3},{"damage":35,"enemies":"The Guardian","floor":16,"turns":12}],"seed_played":"-1367736308073524118","potions_obtained":[{"floor":4,"key":"Swift Potion"},{"floor":7,"key":"FairyPotion"},{"floor":12,"key":"Dexterity Potion"}],"is_trial":false,"path_per_floor":["M","M","?","M","M","R","M","E","T","?","R","E","R","M","R","B"],"character_chosen":"DEFECT","items_purchased":[],"campfire_rested":2,"item_purchase_floors":[],"current_hp_per_floor":[64,64,64,56,41,41,22,7,7,7,30,10,33,33,33,0],"gold":352,"neow_bonus":"TEN_PERCENT_HP_BONUS","is_prod":false,"is_daily":false,"chose_seed":false,"campfire_upgraded":2,"win_rate":0,"timestamp":1549142035,"path_taken":["M","M","?","M","M","R","?","E","T","?","R","E","R","M","R","BOSS"],"build_version":"2019-01-23","purchased_purges":0,"victory":false,"max_hp_per_floor":[78,78,78,78,78,78,78,78,78,78,78,78,78,78,78,78],"card_choices":[{"not_picked":["Lockon","Coolheaded"],"picked":"Cold Snap","floor":1},{"not_picked":["Beam Cell","Leap"],"picked":"Gash","floor":2},{"not_picked":["Streamline","Compile Driver"],"picked":"Steam","floor":4},{"not_picked":["Turbo","Storm"],"picked":"Ball Lightning","floor":5},{"not_picked":["Sunder","Beam Cell"],"picked":"Genetic Algorithm","floor":7},{"not_picked":["Rebound","Chill"],"picked":"Electrodynamics","floor":8},{"not_picked":["Streamline","Coolheaded"],"picked":"Turbo","floor":12},{"not_picked":["Redo","Doom and Gloom"],"picked":"Sweeping Beam","floor":14}],"player_experience":447425,"relics_obtained":[{"floor":8,"key":"Tiny Chest"},{"floor":9,"key":"Shuriken"},{"floor":12,"key":"Potion Belt"}],"event_choices":[{"damage_healed":0,"gold_gain":0,"player_choice":"Upgraded","damage_taken":0,"max_hp_gain":0,"max_hp_loss":0,"event_name":"Upgrade Shrine","floor":3,"gold_loss":0,"cards_upgraded":["Zap"]},{"damage_healed":0,"gold_gain":0,"player_choice":"Searched \u00271\u0027 times","damage_taken":0,"relics_obtained":["Peace Pipe"],"max_hp_gain":0,"max_hp_loss":0,"event_name":"Dead Adventurer","floor":10,"gold_loss":0}],"is_beta":false,"boss_relics":[],"items_purged_floors":[],"is_endless":false,"potions_floor_spawned":[4,7,12],"killed_by":"The Guardian","ascension_level":17}