{"path_per_floor":["M","M","M","?","M","R","E","M","T","$","M","M","R","M","R","B",null,"M","M","$","?","M","E","R","M","T","?"],"character_chosen":"IRONCLAD","items_purchased":["Pommel Strike","Rupture","Vajra","Bloodletting"],"gold_per_floor":[110,121,139,139,156,156,185,199,199,176,191,205,205,223,223,318,318,334,344,78,78,91,122,122,140,140,65],"floor_reached":28,"campfire_rested":2,"playtime":2840,"current_hp_per_floor":[75,84,89,89,92,92,64,69,69,69,74,64,93,88,88,73,102,105,100,100,84,73,27,59,42,42,42],"items_purged":[],"gold":65,"score":294,"play_id":"3aaa851a-90f5-4295-a454-364a089d0a3a","is_prod":false,"is_daily":false,"is_ascension_mode":false,"campfire_upgraded":2,"path_taken":["M","M","M","?","M","R","E","M","T","$","M","M","R","M","R","BOSS","M","M","?","?","M","E","R","M","T","?","M"],"build_version":"2018-02-15-PROD1","purchased_purges":0,"victory":false,"master_deck":["Strike_R","Strike_R","Strike_R","Strike_R","Defend_R","Defend_R","Defend_R","Bash","Feed","Twin Strike","Iron Wave","Cleave+1","Armaments+1","Bloodletting","Headbutt","Pommel Strike","Cleave","Clothesline","Shrug It Off","Impervious","Rupture+1","Bloodletting","Rupture","Bloodletting","Clothesline","Anger+1","Rampage"],"max_hp_per_floor":[83,86,89,89,92,92,92,95,95,95,99,99,99,102,102,102,102,105,105,105,105,105,108,108,111,111,111],"relics":["Black Blood","Bag of Preparation","Dodecahedron","Vajra","Nilry\u0027s Codex","Orichalcum","Calipers"],"card_choices":[{"not_picked":["Barricade","Sword Boomerang"],"picked":"Twin Strike"},{"not_picked":["Clothesline","Uppercut"],"picked":"Iron Wave"},{"not_picked":["Intimidate","Pommel Strike"],"picked":"Cleave"},{"not_picked":["Sword Boomerang","Shockwave"],"picked":"Armaments"},{"not_picked":["Infernal Blade","Limit Break"],"picked":"Bloodletting"},{"not_picked":["Uppercut","Pommel Strike"],"picked":"Headbutt"},{"not_picked":["Combust","Heavy Blade"],"picked":"Cleave"},{"not_picked":["Heavy Blade","Sword Boomerang"],"picked":"Clothesline"},{"not_picked":["Iron Wave","Twin Strike"],"picked":"Shrug It Off"},{"not_picked":["Demon Form","Limit Break"],"picked":"Impervious"},{"not_picked":["Flame Barrier","Power Through"],"picked":"Rupture"},{"not_picked":["Second Wind","Clothesline"],"picked":"Bloodletting"},{"not_picked":["Dropkick","Shockwave"],"picked":"Clothesline"},{"not_picked":["Clothesline","Feel No Pain"],"picked":"Anger"},{"not_picked":["Thunderclap","Rage"],"picked":"Rampage"}],"player_experience":12850,"potions_floor_usage":[7,7,12,16,22],"damage_taken":[{"damage":14,"enemies":"Small Slimes","floor":1,"turns":4},{"damage":0,"enemies":"Cultist","floor":2,"turns":4},{"damage":1,"enemies":"2 Louse","floor":3,"turns":3},{"damage":5,"enemies":"Large Slime","floor":5,"turns":5},{"damage":34,"enemies":"Lagavulin","floor":7,"turns":6},{"damage":4,"enemies":"2 Fungi Beasts","floor":8,"turns":5},{"damage":5,"enemies":"3 Louse","floor":11,"turns":3},{"damage":16,"enemies":"Red Slaver","floor":12,"turns":5},{"damage":14,"enemies":"Gremlin Gang","floor":14,"turns":4},{"damage":36,"enemies":"Slime Boss","floor":16,"turns":12},{"damage":6,"enemies":"3 Byrds","floor":18,"turns":4},{"damage":15,"enemies":"Shell Parasite","floor":19,"turns":7},{"damage":21,"enemies":"Snake Plant","floor":22,"turns":5},{"damage":59,"enemies":"Gremlin Leader","floor":23,"turns":5},{"damage":30,"enemies":"Centurion and Healer","floor":25,"turns":8},{"damage":43,"enemies":"Slaver and Parasite","floor":28,"turns":8}],"event_choices":[{"event_name":"Wheel of Change","player_choice":"Card Removal","floor":4,"damage_taken":0},{"event_name":"Cursed Tome","player_choice":"Obtained Book","floor":21,"damage_taken":0},{"event_name":"Beggar","player_choice":"Gave Gold","floor":27,"damage_taken":0}],"boss_relics":[{"not_picked":["Question Card","White Beast Statue"],"picked":"Black Blood"}],"potions_floor_spawned":[3,5,8,11,14,18],"seed_played":"-5944325063873431922","killed_by":"Slaver and Parasite","ascension_level":0,"is_trial":false}