{"gold_per_floor":[116,129,204,204,29,29,60,79,106,135,146,23,23,37,37,135,135,101,101,26,26,26,26,58,58,58,58,76,86,102,10,10,107,107,124,224,236,251,274,274,289,289,368,381,159,78,96,96,96,96],"floor_reached":51,"playtime":2320,"items_purged":["Strike_G"],"score":895,"play_id":"b0202827-1931-48d2-bf18-cc8bcbbf3499","local_time":"20190110224218","is_ascension_mode":true,"campfire_choices":[{"data":"Neutralize","floor":6,"key":"SMITH"},{"data":"Noxious Fumes","floor":13,"key":"SMITH"},{"data":"Footwork","floor":15,"key":"SMITH"},{"floor":23,"key":"REST"},{"data":"Dodge and Roll","floor":25,"key":"SMITH"},{"data":"Dodge and Roll","floor":27,"key":"SMITH"},{"floor":32,"key":"REST"},{"data":"Adrenaline","floor":40,"key":"SMITH"},{"data":"Riddle With Holes","floor":42,"key":"SMITH"},{"floor":49,"key":"REST"}],"neow_cost":"NONE","seed_source_timestamp":21878048322900,"circlet_count":0,"master_deck":["Defend_G","Defend_G","Defend_G","Defend_G","Defend_G","Strike_G","Strike_G+1","Strike_G+1","Survivor","Neutralize+1","Flying Knee","Footwork+1","Dodge and Roll+1","Dodge and Roll+1","Escape Plan","Blur","Noxious Fumes+1","Backflip","Dagger Spray","Glass Knife","Riddle With Holes+1","RitualDagger","Necronomicurse","Flying Knee+1","Deflect","PiercingWail","Well Laid Plans","Deflect","Adrenaline+1","Caltrops+1","Escape Plan","Bouncing Flask"],"relics":["Ring of the Snake","NeowsBlessing","Whetstone","Oddly Smooth Stone","Vajra","Lizard Tail","MutagenicStrength","Necronomicon","Sundial","Meat on the Bone","Busted Crown","Tough Bandages","Snake Skull","Blue Candle","Bag of Preparation","Paper Crane"],"potions_floor_usage":[7,10,16,16,29,36,44,50,50],"damage_taken":[{"damage":0,"enemies":"2 Louse","floor":1,"turns":1},{"damage":0,"enemies":"Jaw Worm","floor":2,"turns":1},{"damage":0,"enemies":"Lagavulin","floor":7,"turns":1},{"damage":0,"enemies":"Small Slimes","floor":8,"turns":3},{"damage":5,"enemies":"3 Sentries","floor":10,"turns":11},{"damage":0,"enemies":"Blue Slaver","floor":11,"turns":5},{"damage":13,"enemies":"Exordium Thugs","floor":14,"turns":5},{"damage":8,"enemies":"Slime Boss","floor":16,"turns":11},{"damage":20,"enemies":"2 Thieves","floor":18,"turns":5},{"damage":21,"enemies":"Book of Stabbing","floor":24,"turns":6},{"damage":13,"enemies":"Chosen","floor":28,"turns":6},{"damage":0,"enemies":"Centurion and Healer","floor":29,"turns":6},{"damage":13,"enemies":"Sentry and Sphere","floor":30,"turns":6},{"damage":56,"enemies":"Champ","floor":33,"turns":17},{"damage":0,"enemies":"Orb Walker","floor":35,"turns":3},{"damage":2,"enemies":"Mind Bloom Boss Battle","floor":36,"turns":6},{"damage":0,"enemies":"3 Shapes","floor":37,"turns":6},{"damage":0,"enemies":"Sphere and 2 Shapes","floor":38,"turns":8},{"damage":10,"enemies":"Spire Growth","floor":41,"turns":5},{"damage":30,"enemies":"Transient","floor":44,"turns":5},{"damage":8,"enemies":"Sphere and 2 Shapes","floor":47,"turns":6},{"damage":40,"enemies":"Awakened One","floor":50,"turns":15}],"seed_played":"-8842374423295393128","potions_obtained":[{"floor":1,"key":"PowerPotion"},{"floor":8,"key":"Fire Potion"},{"floor":11,"key":"Dexterity Potion"},{"floor":14,"key":"PowerPotion"},{"floor":28,"key":"GhostInAJar"},{"floor":30,"key":"LiquidBronze"},{"floor":33,"key":"GamblersBrew"},{"floor":36,"key":"LiquidBronze"},{"floor":38,"key":"Explosive Potion"},{"floor":41,"key":"LiquidBronze"}],"is_trial":false,"path_per_floor":["M","M","?","?","$","R","E","M","T","E","M","$","R","M","R","B",null,"M","?","?","?","?","R","E","R","T","R","M","M","M","$","R","B",null,"M","?","M","M","T","R","M","R","T","M","$","$","M","T","R","B",null],"character_chosen":"THE_SILENT","items_purchased":["Footwork","Dodge and Roll","Noxious Fumes","Backflip","Well Laid Plans","Deflect","Bag of Preparation","Escape Plan","Bouncing Flask"],"campfire_rested":3,"item_purchase_floors":[5,5,12,12,31,31,45,45,46],"current_hp_per_floor":[63,63,52,70,70,70,70,70,70,65,65,65,65,52,52,44,64,44,38,38,38,22,43,22,22,22,22,21,33,32,32,53,47,64,64,62,62,62,62,62,52,52,52,34,34,34,38,38,59,31],"gold":96,"neow_bonus":"THREE_ENEMY_KILL","is_prod":false,"is_daily":false,"chose_seed":false,"campfire_upgraded":7,"win_rate":0,"timestamp":1547156538,"path_taken":["M","M","?","?","$","R","E","M","T","E","M","?","R","M","R","BOSS","M","?","?","?","?","R","E","R","T","R","M","M","M","?","R","BOSS","M","?","M","M","?","R","M","R","T","M","?","$","M","?","R","BOSS"],"build_version":"2019-01-03v4","purchased_purges":1,"victory":true,"max_hp_per_floor":[70,70,70,70,70,70,70,70,70,70,70,70,70,70,70,70,70,70,70,70,70,70,70,70,70,70,70,70,70,70,70,70,70,70,70,70,70,70,70,70,70,70,70,70,70,70,70,70,70,70],"card_choices":[{"not_picked":["Finisher","Outmaneuver","Heel Hook"],"picked":"SKIP","floor":1},{"not_picked":["Prepared","Blade Dance"],"picked":"Flying Knee","floor":2},{"not_picked":["Finisher","Tactician"],"picked":"Dodge and Roll","floor":7},{"not_picked":["Quick Slash","Blade Dance"],"picked":"Escape Plan","floor":8},{"not_picked":["Finisher","Dodge and Roll","Bane"],"picked":"SKIP","floor":10},{"not_picked":["Blade Dance","Outmaneuver"],"picked":"Blur","floor":11},{"not_picked":["Expertise","Predator"],"picked":"Dagger Spray","floor":14},{"not_picked":["Envenom","Venomology"],"picked":"Glass Knife","floor":16},{"not_picked":["Dagger Spray","Quick Slash+1"],"picked":"Riddle With Holes","floor":18},{"not_picked":["Backflip","Concentrate"],"picked":"Flying Knee+1","floor":24},{"not_picked":["Reflex+1","Bane+1"],"picked":"Deflect","floor":28},{"not_picked":["All Out Attack","Reflex"],"picked":"PiercingWail","floor":29},{"not_picked":["Flechettes","Masterful Stab","Underhanded Strike"],"picked":"SKIP","floor":30},{"not_picked":["Envenom","Grand Finale"],"picked":"Adrenaline","floor":33},{"not_picked":["Slice+1"],"picked":"SKIP","floor":35},{"not_picked":["Flying Knee"],"picked":"SKIP","floor":37},{"not_picked":["Outmaneuver"],"picked":"SKIP","floor":38},{"not_picked":[],"picked":"Caltrops+1","floor":41},{"not_picked":["Masterful Stab+1"],"picked":"SKIP","floor":44},{"not_picked":["Sucker Punch+1"],"picked":"SKIP","floor":47}],"player_experience":362897,"relics_obtained":[{"floor":7,"key":"Whetstone"},{"floor":9,"key":"Oddly Smooth Stone"},{"floor":10,"key":"Vajra"},{"floor":22,"key":"Necronomicon"},{"floor":24,"key":"Sundial"},{"floor":26,"key":"Meat on the Bone"},{"floor":36,"key":"Tough Bandages"},{"floor":39,"key":"Snake Skull"},{"floor":43,"key":"Blue Candle"},{"floor":48,"key":"Paper Crane"}],"event_choices":[{"damage_healed":0,"gold_gain":75,"player_choice":"Gather Gold","damage_taken":11,"max_hp_gain":0,"max_hp_loss":0,"event_name":"World of Goop","floor":3,"gold_loss":0},{"damage_healed":23,"gold_gain":0,"player_choice":"Banana","damage_taken":0,"max_hp_gain":0,"max_hp_loss":0,"event_name":"Big Fish","floor":4,"gold_loss":0},{"damage_healed":0,"gold_gain":0,"player_choice":"Joined the Cult","damage_taken":6,"max_hp_gain":0,"max_hp_loss":0,"event_name":"Nest","floor":19,"gold_loss":0,"cards_obtained":["RitualDagger"]},{"cards_removed":["Strike_G"],"damage_healed":0,"gold_gain":0,"player_choice":"Gave Gold","damage_taken":0,"max_hp_gain":0,"max_hp_loss":0,"event_name":"Beggar","floor":20,"gold_loss":75},{"damage_healed":0,"gold_gain":0,"player_choice":"Inject Mutagens","damage_taken":0,"relics_obtained":["MutagenicStrength"],"max_hp_gain":0,"max_hp_loss":0,"event_name":"Drug Dealer","floor":21,"gold_loss":0},{"damage_healed":0,"gold_gain":0,"player_choice":"Obtained Book","damage_taken":16,"max_hp_gain":0,"max_hp_loss":0,"event_name":"Cursed Tome","floor":22,"gold_loss":0},{"damage_healed":0,"gold_gain":0,"player_choice":"Fight","damage_taken":0,"max_hp_gain":0,"max_hp_loss":0,"event_name":"MindBloom","floor":36,"gold_loss":0}],"is_beta":false,"boss_relics":[{"not_picked":["WristBlade","Snecko Eye"],"picked":"Lizard Tail"},{"not_picked":["White Beast Statue","Empty Cage"],"picked":"Busted Crown"}],"items_purged_floors":[5],"is_endless":false,"potions_floor_spawned":[1,8,11,14,28,30,33,36,38,41],"ascension_level":6}