{"gold_per_floor":[113,124,142,156,169,203,203,231,231,231,40,40,40,59,59,163,163,181,181,26,26,26,54,54,65,143,143],"floor_reached":27,"playtime":2161,"items_purged":[],"score":241,"play_id":"0865e05f-6252-429f-a550-46ef5bea433a","local_time":"20190209233432","is_ascension_mode":false,"campfire_choices":[{"floor":7,"key":"REST"},{"floor":13,"key":"REST"},{"floor":15,"key":"REST"}],"neow_cost":"NONE","seed_source_timestamp":521730717213068,"circlet_count":0,"master_deck":["Strike_R","Strike_R","Strike_R","Strike_R","Defend_R","Defend_R","Defend_R","Defend_R","Bash","Deep Breath","Cleave","Spot Weakness","Havoc","Battle Trance","Demon Form","Infernal Blade+1","Flame Barrier","Limit Break","Shame","Spot Weakness"],"relics":["Burning Blood","Letter Opener","Kunai","Matryoshka","Happy Flower","MealTicket","Velvet Choker","Juzu Bracelet","Pocketwatch","Ancient Tea Set","Vajra","Ornamental Fan"],"potions_floor_usage":[6,8,8,16,16,16],"damage_taken":[{"damage":10,"enemies":"Jaw Worm","floor":1,"turns":4},{"damage":3,"enemies":"Cultist","floor":2,"turns":5},{"damage":0,"enemies":"Small Slimes","floor":3,"turns":3},{"damage":4,"enemies":"2 Fungi Beasts","floor":4,"turns":3},{"damage":12,"enemies":"Looter","floor":5,"turns":4},{"damage":54,"enemies":"Lagavulin","floor":6,"turns":7},{"damage":44,"enemies":"Gremlin Nob","floor":8,"turns":6},{"damage":11,"enemies":"Red Slaver","floor":14,"turns":3},{"damage":42,"enemies":"Hexaghost","floor":16,"turns":9},{"damage":20,"enemies":"Shell Parasite","floor":18,"turns":4},{"damage":36,"enemies":"Book of Stabbing","floor":23,"turns":5},{"damage":17,"enemies":"3 Byrds","floor":25,"turns":3},{"damage":27,"enemies":"Snake Plant","floor":27,"turns":3}],"seed_played":"4443192802159947650","potions_obtained":[{"floor":3,"key":"AttackPotion"},{"floor":5,"key":"EntropicBrew"},{"floor":8,"key":"SneckoOil"},{"floor":14,"key":"Energy Potion"},{"floor":18,"key":"EssenceOfSteel"}],"is_trial":false,"path_per_floor":["M","M","M","M","M","E","R","E","T","?","$","$","R","M","R","B",null,"M","?","$","?","?","E","?","M","T","M"],"character_chosen":"IRONCLAD","items_purchased":["MealTicket","Juzu Bracelet"],"campfire_rested":3,"item_purchase_floors":[11,20],"current_hp_per_floor":[76,79,80,80,74,26,50,12,12,12,12,27,51,46,70,34,80,66,66,80,65,65,35,35,24,24,0],"gold":143,"neow_bonus":"RANDOM_COLORLESS","is_prod":false,"is_daily":false,"chose_seed":false,"campfire_upgraded":0,"win_rate":0,"timestamp":1549776872,"path_taken":["M","M","M","M","M","E","R","E","T","?","?","$","R","M","R","BOSS","M","?","$","?","?","E","?","M","T","M"],"build_version":"2019-01-23","purchased_purges":0,"victory":false,"max_hp_per_floor":[80,80,80,80,80,80,80,80,80,80,80,80,80,80,80,80,80,80,80,80,85,85,85,85,85,85,85],"card_choices":[{"not_picked":["Wild Strike","Entrench"],"picked":"Cleave","floor":1},{"not_picked":["Warcry","Twin Strike","Clash"],"picked":"SKIP","floor":2},{"not_picked":["Rupture","Thunderclap","True Grit"],"picked":"SKIP","floor":3},{"not_picked":["Bludgeon","Anger","Searing Blow"],"picked":"SKIP","floor":4},{"not_picked":["Carnage","Reckless Charge","Twin Strike"],"picked":"SKIP","floor":5},{"not_picked":["Twin Strike","Thunderclap"],"picked":"Spot Weakness","floor":6},{"not_picked":["Clash","Sword Boomerang"],"picked":"Havoc","floor":8},{"not_picked":["Warcry","Juggernaut"],"picked":"Battle Trance","floor":14},{"not_picked":["Reaper","Offering"],"picked":"Demon Form","floor":16},{"not_picked":["Rupture","Anger+1"],"picked":"Infernal Blade+1","floor":18},{"not_picked":["Anger","Infernal Blade"],"picked":"Limit Break","floor":23},{"not_picked":["Clash","Twin Strike"],"picked":"Spot Weakness","floor":25}],"player_experience":146571,"relics_obtained":[{"floor":6,"key":"Letter Opener"},{"floor":8,"key":"Kunai"},{"floor":9,"key":"Matryoshka"},{"floor":23,"key":"Pocketwatch"},{"floor":26,"key":"Vajra"},{"floor":26,"key":"Ornamental Fan"}],"event_choices":[{"damage_healed":0,"gold_gain":0,"player_choice":"Gave Potion","damage_taken":0,"relics_obtained":["Happy Flower"],"max_hp_gain":0,"max_hp_loss":0,"event_name":"WeMeetAgain","floor":10,"gold_loss":0},{"damage_healed":0,"gold_gain":0,"player_choice":"Read","damage_taken":0,"max_hp_gain":0,"max_hp_loss":0,"event_name":"The Library","floor":19,"gold_loss":0,"cards_obtained":["Flame Barrier"]},{"damage_healed":0,"gold_gain":0,"player_choice":"Shed Blood","damage_taken":20,"max_hp_gain":5,"max_hp_loss":0,"event_name":"Forgotten Altar","floor":21,"gold_loss":0},{"cards_removed":["Strike_R"],"damage_healed":0,"gold_gain":0,"player_choice":"Offered Basic","damage_taken":0,"max_hp_gain":0,"max_hp_loss":0,"event_name":"Bonfire Elementals","floor":22,"gold_loss":0},{"damage_healed":0,"gold_gain":0,"player_choice":"Stole Relic","damage_taken":0,"relics_obtained":["Ancient Tea Set"],"max_hp_gain":0,"max_hp_loss":0,"event_name":"Addict","floor":24,"gold_loss":0,"cards_obtained":["Shame"]}],"is_beta":false,"boss_relics":[{"not_picked":["Philosopher\u0027s Stone","Empty Cage"],"picked":"Velvet Choker"}],"items_purged_floors":[],"is_endless":false,"potions_floor_spawned":[3,5,8,14,18],"killed_by":"Snake Plant","ascension_level":0}