{"gold_per_floor":[110,124,49,49,49,84,84,84,84,5,21,21,36,36,36,36],"floor_reached":16,"playtime":2755,"items_purged":["Strike_G"],"score":123,"play_id":"9fbadb3f-d12e-4047-9e23-d23dff563ee6","local_time":"20190401000510","is_ascension_mode":true,"campfire_choices":[{"data":"Flying Knee","floor":7,"key":"SMITH"},{"floor":15,"key":"REST"}],"neow_cost":"NONE","seed_source_timestamp":195141151315500,"circlet_count":0,"master_deck":["Defend_G","Defend_G","Defend_G","Defend_G","Defend_G","Strike_G","Strike_G","Strike_G","Survivor","Neutralize+1","Slice","Flying Knee+1","Backstab","Choke","Dodge and Roll"],"relics":["Ring of the Snake","Lantern","Singing Bowl","Golden Idol","Art of War","The Specimen"],"potions_floor_usage":[16,16],"damage_taken":[{"damage":0,"enemies":"2 Louse","floor":1,"turns":3},{"damage":0,"enemies":"Jaw Worm","floor":2,"turns":3},{"damage":33,"enemies":"Lagavulin","floor":6,"turns":11},{"damage":0,"enemies":"Small Slimes","floor":11,"turns":2},{"damage":0,"enemies":"Looter","floor":13,"turns":2},{"damage":59,"enemies":"The Guardian","floor":16,"turns":17}],"seed_played":"6734537344032260711","potions_obtained":[{"floor":1,"key":"Energy Potion"},{"floor":13,"key":"Poison Potion"}],"is_trial":false,"path_per_floor":["M","M","$","?","?","E","R","?","T","$","M","T","M","$","R","B"],"character_chosen":"THE_SILENT","items_purchased":["Choke"],"campfire_rested":1,"item_purchase_floors":[10],"current_hp_per_floor":[70,70,70,63,63,30,30,30,30,30,32,32,32,32,52,0],"gold":36,"neow_bonus":"RANDOM_COMMON_RELIC","is_prod":false,"is_daily":false,"chose_seed":false,"campfire_upgraded":1,"win_rate":0,"timestamp":1554069910,"path_taken":["M","M","$","?","?","E","R","?","T","$","M","?","M","?","R","BOSS"],"build_version":"2019-01-23","purchased_purges":1,"victory":false,"max_hp_per_floor":[70,70,70,70,70,70,70,65,65,65,67,67,67,67,67,67],"card_choices":[{"not_picked":["Expertise","Acrobatics"],"picked":"Slice","floor":1},{"not_picked":["Dagger Throw","Quick Slash"],"picked":"Flying Knee","floor":2},{"not_picked":["Backflip","Finisher"],"picked":"Backstab","floor":6},{"not_picked":["Reflex","Eviscerate","Dagger Spray"],"picked":"Singing Bowl","floor":11},{"not_picked":["Slice","Bane"],"picked":"Dodge and Roll","floor":13}],"player_experience":516273,"relics_obtained":[{"floor":6,"key":"Singing Bowl"},{"floor":9,"key":"Art of War"},{"floor":12,"key":"The Specimen"}],"event_choices":[{"cards_removed":["Strike_G"],"damage_healed":0,"gold_gain":0,"player_choice":"Card Removal","damage_taken":7,"max_hp_gain":0,"max_hp_loss":0,"event_name":"Golden Wing","floor":4,"gold_loss":0},{"damage_healed":0,"gold_gain":0,"player_choice":"Grow","damage_taken":0,"max_hp_gain":0,"max_hp_loss":0,"event_name":"Living Wall","floor":5,"gold_loss":0,"cards_upgraded":["Neutralize"]},{"damage_healed":0,"gold_gain":0,"player_choice":"Lose Max HP","damage_taken":0,"relics_obtained":["Golden Idol"],"max_hp_gain":0,"max_hp_loss":5,"event_name":"Golden Idol","floor":8,"gold_loss":0}],"is_beta":false,"boss_relics":[],"items_purged_floors":[3],"is_endless":false,"potions_floor_spawned":[1,13],"killed_by":"The Guardian","ascension_level":5}