{"path_per_floor":["M","M","$","M","M","R","M","R","T","M","M","?","R","$","R","B",null,"M","$","M","M","?","E","R","M","T","R","?","R","M","M","R","B",null,"M","$","M","M","?","R"],"character_chosen":"IRONCLAD","items_purchased":["Shrug It Off"],"gold_per_floor":[116,129,54,71,89,89,109,109,109,128,140,140,140,40,40,140,140,128,3,21,41,41,71,71,86,86,86,11,11,25,40,40,140,140,158,104,116,127,127,127,127],"floor_reached":41,"campfire_rested":1,"playtime":1719,"current_hp_per_floor":[80,80,80,80,61,61,67,67,67,73,75,59,59,59,59,38,80,71,71,62,52,52,26,51,27,27,27,27,27,20,40,40,17,90,54,54,59,43,43,43,43],"items_purged":["Strike_R","Strike_R","Strike_R"],"gold":127,"score":432,"play_id":"36ca6562-d871-420c-8ced-cd891136538f","local_time":"20180518232953","is_prod":false,"is_daily":false,"chose_seed":false,"is_ascension_mode":false,"campfire_upgraded":8,"timestamp":1526657393,"campfire_choices":[{"data":"Armaments","floor":6,"key":"SMITH"},{"data":"Searing Blow","floor":8,"key":"SMITH"},{"data":"Searing Blow+1","floor":13,"key":"SMITH"},{"data":"Searing Blow+2","floor":15,"key":"SMITH"},{"floor":24,"key":"REST"},{"data":"Searing Blow+3","floor":27,"key":"SMITH"},{"data":"Searing Blow+4","floor":29,"key":"SMITH"},{"data":"Searing Blow+5","floor":32,"key":"SMITH"},{"data":"Searing Blow+6","floor":40,"key":"SMITH"}],"path_taken":["M","M","?","M","M","R","?","R","T","M","M","?","R","$","R","BOSS","M","$","M","M","?","E","R","M","T","R","?","R","?","M","R","BOSS","M","?","M","M","?","R","M"],"build_version":"2018-05-17","seed_source_timestamp":4237029147710,"purchased_purges":4,"victory":false,"master_deck":["Strike_R","Strike_R+1","Defend_R","Defend_R","Defend_R","Bash","Berserk","Armaments+1","Rage+1","Headbutt","Pommel Strike","Searing Blow+7","Feed","Cleave+1","Flex+1","Headbutt","Ghostly Armor","Seeing Red+1","Armaments+1","Feed","Shrug It Off"],"max_hp_per_floor":[80,80,80,80,80,80,80,80,80,80,80,80,80,80,80,80,80,80,80,84,84,84,84,84,87,87,87,87,87,87,90,90,90,90,90,90,90,90,90,90,90],"relics":["Black Blood"],"card_choices":[{"not_picked":["Twin Strike","Entrench"],"picked":"Armaments","floor":1},{"not_picked":["Warcry","Havoc"],"picked":"Rage","floor":2},{"not_picked":["Twin Strike","Rage"],"picked":"Headbutt","floor":4},{"not_picked":["Heavy Blade","Evolve"],"picked":"Pommel Strike","floor":5},{"not_picked":["True Grit","Pummel"],"picked":"Searing Blow","floor":7},{"not_picked":["Rampage","Clash","Thunderclap"],"picked":"SKIP","floor":10},{"not_picked":["Clash","Anger","Wild Strike"],"picked":"SKIP","floor":11},{"not_picked":["Impervious","Reaper"],"picked":"Feed","floor":16},{"not_picked":["Fire Breathing+1","Pommel Strike+1"],"picked":"Cleave+1","floor":18},{"not_picked":["Perfected Strike","Intimidate"],"picked":"Flex+1","floor":20},{"not_picked":["Fire Breathing","Thunderclap","Havoc"],"picked":"SKIP","floor":21},{"not_picked":["Bludgeon","Second Wind"],"picked":"Ghostly Armor","floor":23},{"not_picked":["Armaments","Warcry","Searing Blow+1"],"picked":"SKIP","floor":25},{"not_picked":["Thunderclap+1","Flex+1"],"picked":"Seeing Red+1","floor":30},{"not_picked":["Hemokinesis","Thunderclap"],"picked":"Armaments+1","floor":31},{"not_picked":["Reaper","Juggernaut"],"picked":"Feed","floor":33},{"not_picked":["Wild Strike+1","Rage","Thunderclap"],"picked":"SKIP","floor":35},{"not_picked":["Headbutt","Cleave+1","Body Slam"],"picked":"SKIP","floor":37},{"not_picked":["Heavy Blade","Anger+1","Havoc"],"picked":"SKIP","floor":38}],"player_experience":640578,"potions_floor_usage":[20,23,23,23,31,33],"damage_taken":[{"damage":1,"enemies":"Cultist","floor":1,"turns":3},{"damage":1,"enemies":"Jaw Worm","floor":2,"turns":4},{"damage":2,"enemies":"2 Louse","floor":4,"turns":5},{"damage":25,"enemies":"Exordium Thugs","floor":5,"turns":7},{"damage":0,"enemies":"Looter","floor":7,"turns":3},{"damage":0,"enemies":"3 Louse","floor":10,"turns":4},{"damage":4,"enemies":"Blue Slaver","floor":11,"turns":3},{"damage":27,"enemies":"The Guardian","floor":16,"turns":11},{"damage":15,"enemies":"2 Thieves","floor":18,"turns":4},{"damage":19,"enemies":"Chosen","floor":20,"turns":5},{"damage":16,"enemies":"Snake Plant","floor":21,"turns":3},{"damage":32,"enemies":"Slavers","floor":23,"turns":5},{"damage":33,"enemies":"Cultist and Chosen","floor":25,"turns":6},{"damage":13,"enemies":"Snecko","floor":30,"turns":5},{"damage":3,"enemies":"Centurion and Healer","floor":31,"turns":5},{"damage":29,"enemies":"Champ","floor":33,"turns":10},{"damage":46,"enemies":"3 Darklings","floor":35,"turns":7},{"damage":5,"enemies":"Orb Walker","floor":37,"turns":3},{"damage":26,"enemies":"Maw","floor":38,"turns":6},{"damage":0,"enemies":"3 Darklings","floor":41,"turns":1}],"relics_obtained":[],"event_choices":[{"event_name":"Shining Light","player_choice":"Entered Light","floor":12,"damage_taken":0},{"event_name":"The Library","player_choice":"Read","floor":22,"damage_taken":0},{"event_name":"Beggar","player_choice":"Gave Gold","floor":28,"damage_taken":0},{"event_name":"Mysterious Sphere","player_choice":"Ignore","floor":39,"damage_taken":0}],"boss_relics":[{"not_picked":["Black Star","Lizard Tail","Tiny House"]},{"not_picked":["Philosopher\u0027s Stone","Runic Cube"],"picked":"Black Blood"}],"potions_floor_spawned":[2,5,7,16,21,23,25,33,37,38],"seed_played":"-7424972594630019261","killed_by":"3 Darklings","ascension_level":0,"potions_obtained":[{"floor":2,"key":"GamblersBrew"},{"floor":5,"key":"Explosive Potion"},{"floor":7,"key":"SkillPotion"},{"floor":21,"key":"Poison Potion"},{"floor":23,"key":"Dexterity Potion"},{"floor":25,"key":"Regen Potion"},{"floor":33,"key":"Strength Potion"},{"floor":37,"key":"FearPotion"},{"floor":38,"key":"SteroidPotion"}],"is_trial":false}