{"gold_per_floor":[213,4,22,36,47,81,132,307,307,307,327,350,350,365,365,468,468,487,487,168,186,204,222,222,222,304,179,179,179,0,17,17,112,112,112],"floor_reached":35,"playtime":1852,"items_purged":["Strike_B","Doubt","Strike_B+1"],"score":357,"play_id":"4c621ef4-704c-4fb2-b155-eca84d45e703","local_time":"20190417231307","is_ascension_mode":false,"campfire_choices":[{"data":"Zap","floor":13,"key":"SMITH"},{"data":"Defragment","floor":15,"key":"SMITH"},{"data":"Madness","floor":24,"key":"SMITH"},{"data":"Thinking Ahead","floor":28,"key":"SMITH"},{"data":"Echo Form","floor":32,"key":"SMITH"}],"neow_cost":"NONE","seed_source_timestamp":396625448207772,"circlet_count":0,"master_deck":["Strike_B+1","Strike_B+1","Defend_B+1","Defend_B+1","Defend_B+1","Defend_B+1","Zap+1","Dualcast","Redo","Cold Snap","Madness+1","Hologram","Sweeping Beam","Core Surge","Hologram","Streamline","Defragment+1","Echo Form+1","Stack+1","Leap","Thinking Ahead+1","Hologram","Leap+1","Redo+1","Beam Cell"],"relics":["FrozenCore"],"potions_floor_usage":[6,6,14,22,33],"damage_taken":[{"damage":0,"enemies":"Cultist","floor":1,"turns":4},{"damage":0,"enemies":"Small Slimes","floor":3,"turns":3},{"damage":1,"enemies":"Jaw Worm","floor":4,"turns":3},{"damage":6,"enemies":"Looter","floor":5,"turns":3},{"damage":6,"enemies":"Lagavulin","floor":6,"turns":8},{"damage":11,"enemies":"Exordium Thugs","floor":11,"turns":4},{"damage":27,"enemies":"Gremlin Gang","floor":14,"turns":5},{"damage":21,"enemies":"Slime Boss","floor":16,"turns":9},{"damage":25,"enemies":"3 Byrds","floor":18,"turns":6},{"damage":0,"enemies":"Spheric Guardian","floor":21,"turns":4},{"damage":10,"enemies":"Snake Plant","floor":22,"turns":6},{"damage":1,"enemies":"Snecko","floor":23,"turns":8},{"damage":0,"enemies":"Shelled Parasite and Fungi","floor":31,"turns":8},{"damage":40,"enemies":"Automaton","floor":33,"turns":21},{"damage":18,"enemies":"3 Darklings","floor":35,"turns":5}],"seed_played":"426529502133123461","potions_obtained":[{"floor":3,"key":"SkillPotion"},{"floor":4,"key":"Weak Potion"},{"floor":11,"key":"Swift Potion"},{"floor":18,"key":"GamblersBrew"},{"floor":19,"key":"Swift Potion"},{"floor":19,"key":"Dexterity Potion"},{"floor":19,"key":"Block Potion"}],"is_trial":false,"path_per_floor":["M","$","M","M","M","E","?","?","T","?","M","T","R","M","R","B",null,"M","?","$","M","M","M","R","?","T","$","R","?","?","M","R","B",null,"M"],"character_chosen":"DEFECT","items_purchased":["Cold Snap","Madness","Leap","Thinking Ahead"],"campfire_rested":0,"item_purchase_floors":[2,2,20,20],"current_hp_per_floor":[75,75,75,74,68,62,62,62,62,62,51,51,51,24,24,3,75,50,50,50,50,40,39,39,39,39,39,39,64,64,64,64,24,75,57],"gold":112,"neow_bonus":"HUNDRED_GOLD","is_prod":false,"is_daily":false,"chose_seed":false,"campfire_upgraded":5,"win_rate":0,"timestamp":1555513987,"path_taken":["M","$","M","M","M","E","?","?","T","?","M","?","R","M","R","BOSS","M","?","$","M","?","M","R","?","T","$","R","?","?","M","R","BOSS","M"],"build_version":"2019-01-23","purchased_purges":3,"victory":false,"max_hp_per_floor":[75,75,75,75,75,75,75,75,75,75,75,75,75,75,75,75,75,75,75,75,75,75,75,75,75,75,75,75,75,75,75,75,75,75,75],"card_choices":[{"not_picked":["Ball Lightning","Heatsinks"],"picked":"Redo","floor":1},{"not_picked":["Rebound","Ball Lightning"],"picked":"Hologram","floor":3},{"not_picked":["Beam Cell","Rebound"],"picked":"Sweeping Beam","floor":4},{"not_picked":["Steam Power","Beam Cell"],"picked":"Core Surge","floor":5},{"not_picked":["Blizzard","Aggregate"],"picked":"Hologram","floor":6},{"not_picked":["Barrage","Static Discharge"],"picked":"Streamline","floor":11},{"not_picked":["Hologram","Streamline"],"picked":"Defragment","floor":14},{"not_picked":["Creative AI","Seek"],"picked":"Echo Form","floor":16},{"not_picked":["Rip and Tear","Fusion"],"picked":"Stack+1","floor":18},{"not_picked":["Ball Lightning+1","Go for the Eyes"],"picked":"Hologram","floor":21},{"not_picked":["Rebound","Streamline"],"picked":"Leap+1","floor":22},{"not_picked":["Turbo","Echo Form"],"picked":"Redo+1","floor":23},{"not_picked":["Static Discharge+1","Turbo"],"picked":"Beam Cell","floor":31}],"player_experience":987377,"relics_obtained":[],"event_choices":[{"damage_healed":0,"gold_gain":51,"player_choice":"Gained Gold","damage_taken":0,"max_hp_gain":0,"max_hp_loss":0,"event_name":"Golden Wing","floor":7,"gold_loss":0},{"damage_healed":0,"gold_gain":175,"player_choice":"AGREE","damage_taken":0,"max_hp_gain":0,"max_hp_loss":0,"event_name":"Liars Game","floor":8,"gold_loss":0,"cards_obtained":["Doubt"]},{"damage_healed":0,"gold_gain":0,"player_choice":"Searched \u00270\u0027 times","damage_taken":0,"max_hp_gain":0,"max_hp_loss":0,"event_name":"Dead Adventurer","floor":10,"gold_loss":0},{"damage_healed":0,"gold_gain":0,"player_choice":"Got Potions","damage_taken":0,"max_hp_gain":0,"max_hp_loss":0,"event_name":"Lab","floor":19,"gold_loss":0},{"damage_healed":0,"gold_gain":0,"player_choice":"Simplicity","damage_taken":0,"max_hp_gain":0,"max_hp_loss":0,"event_name":"Back to Basics","floor":25,"gold_loss":0,"cards_upgraded":["Strike_B","Strike_B","Strike_B","Defend_B","Defend_B","Defend_B","Defend_B"]},{"damage_healed":25,"gold_gain":0,"player_choice":"Heal","damage_taken":0,"max_hp_gain":0,"max_hp_loss":0,"event_name":"The Library","floor":29,"gold_loss":0},{"damage_healed":0,"gold_gain":0,"player_choice":"Paid Fearfully","damage_taken":0,"max_hp_gain":0,"max_hp_loss":0,"event_name":"Masked Bandits","floor":30,"gold_loss":179}],"is_beta":false,"boss_relics":[{"not_picked":["White Beast Statue","Nuclear Battery"],"picked":"FrozenCore"},{"not_picked":["Inserter","Empty Cage","Calling Bell"]}],"items_purged_floors":[2,20,27],"is_endless":false,"potions_floor_spawned":[3,4,11,18,21],"killed_by":"3 Darklings","ascension_level":0}