{"gold_per_floor":[110,125,135,147,147,161,161,180,180,180,197,212,88,105,105,205,205,217,236,246,272,284,284,303,303,353,373,373,373,388,407,407,505,505,524,524,535,535,1534,1534,1025,1039,1039,1039,1039,717,717,735,735,735],"floor_reached":51,"playtime":2964,"items_purged":["Strike_B","Normality","Normality"],"score":722,"play_id":"2825c4d2-33d8-422e-bece-9064502dc26d","local_time":"20190418210747","is_ascension_mode":false,"campfire_choices":[{"data":"Sunder","floor":7.0,"key":"SMITH"},{"data":"Zap","floor":10.0,"key":"SMITH"},{"data":"Defragment","floor":15.0,"key":"SMITH"},{"data":"Streamline","floor":23,"key":"SMITH"},{"data":"Leap","floor":25,"key":"SMITH"},{"data":"Coolheaded","floor":28,"key":"SMITH"},{"data":"Defragment","floor":32,"key":"SMITH"},{"data":"Reprogram","floor":40,"key":"SMITH"},{"data":"Secret Weapon","floor":45,"key":"SMITH"},{"data":"Echo Form","floor":47,"key":"SMITH"},{"floor":49,"key":"REST"}],"neow_cost":"NONE","seed_source_timestamp":474344866015987,"circlet_count":0,"master_deck":["Strike_B","Strike_B","Defend_B","Defend_B","Defend_B","Defend_B","Zap+1","Dualcast","Streamline+1","Melter","Reprogram+1","Sunder+1","Leap+1","Cold Snap","Defragment+1","Beam Cell","Core Surge","Multi-Cast","Hologram+1","FTL","Coolheaded+1","Auto Shields+1","Beam Cell+1","Sweeping Beam","Self Repair+1","Defragment+1","Reboot","Conserve Battery+1","PanicButton","Secret Weapon+1","Madness","Madness","Recycle","Echo Form+1","Redo+1"],"special_seed":0,"relics":["FrozenCore"],"potions_floor_usage":[27,31,33,33,42,50,50,50,50,50,50],"damage_taken":[{"damage":1.0,"enemies":"Jaw Worm","floor":1.0,"turns":4.0},{"damage":0.0,"enemies":"Small Slimes","floor":2.0,"turns":2.0},{"damage":1.0,"enemies":"2 Louse","floor":3.0,"turns":2.0},{"damage":8.0,"enemies":"Looter","floor":4.0,"turns":3.0},{"damage":5.0,"enemies":"Blue Slaver","floor":6.0,"turns":3.0},{"damage":0.0,"enemies":"2 Fungi Beasts","floor":8.0,"turns":2.0},{"damage":10.0,"enemies":"Looter","floor":11.0,"turns":2.0},{"damage":2.0,"enemies":"Lots of Slimes","floor":12.0,"turns":3.0},{"damage":9.0,"enemies":"Blue Slaver","floor":14.0,"turns":2.0},{"damage":0.0,"enemies":"Slime Boss","floor":16.0,"turns":6.0},{"damage":0.0,"enemies":"2 Thieves","floor":18.0,"turns":2.0},{"damage":3.0,"enemies":"Shell Parasite","floor":19.0,"turns":4.0},{"damage":10.0,"enemies":"Sentry and Sphere","floor":20.0,"turns":3.0},{"damage":4.0,"enemies":"Masked Bandits","floor":21.0,"turns":3.0},{"damage":5,"enemies":"Cultist and Chosen","floor":22,"turns":5},{"damage":10,"enemies":"Chosen and Byrds","floor":24,"turns":6},{"damage":7,"enemies":"Snecko","floor":27,"turns":4},{"damage":4,"enemies":"Cultist and Chosen","floor":30,"turns":5},{"damage":7,"enemies":"Centurion and Healer","floor":31,"turns":7},{"damage":29,"enemies":"Automaton","floor":33,"turns":12},{"damage":3,"enemies":"3 Shapes","floor":35,"turns":5},{"damage":3,"enemies":"3 Darklings","floor":37,"turns":13},{"damage":17,"enemies":"4 Shapes","floor":42,"turns":10},{"damage":25,"enemies":"Writhing Mass","floor":48,"turns":10},{"damage":49,"enemies":"Awakened One","floor":50,"turns":20}],"seed_played":"-4616673649242422233","potions_obtained":[{"floor":1.0,"key":"Block Potion"},{"floor":4.0,"key":"EssenceOfSteel"},{"floor":11.0,"key":"EssenceOfSteel"},{"floor":12.0,"key":"Fire Potion"},{"floor":20.0,"key":"Strength Potion"},{"floor":21,"key":"EssenceOfSteel"},{"floor":22,"key":"FocusPotion"},{"floor":24,"key":"AttackPotion"},{"floor":30,"key":"FocusPotion"},{"floor":35,"key":"Weak Potion"},{"floor":42,"key":"Fire Potion"}],"is_trial":false,"path_per_floor":["M","M","M","M","?","M","R","M","T","R","M","M","$","M","R","B",null,"M","M","M","?","M","R","M","R","T","M","R","?","M","M","R","B",null,"M","?","M","?","?","R","$","M","T","?","R","$","R","M","R","B",null],"character_chosen":"DEFECT","items_purchased":["Beam Cell","PanicButton","Secret Weapon","Strength Potion","EntropicBrew","Recycle","Echo Form"],"campfire_rested":1,"item_purchase_floors":[13,41,41,41,41,46,46],"current_hp_per_floor":[74,74,73,65,70,65,65,65,65,65,55,53,53,44,44,44,80,80,77,67,63,58,58,48,48,48,41,41,41,37,40,40,21,80,77,77,80,80,80,80,80,73,73,63,63,63,63,48,72,33],"gold":735,"neow_bonus":"REMOVE_CARD","is_prod":false,"is_daily":false,"chose_seed":false,"campfire_upgraded":10,"win_rate":0,"timestamp":1555592867,"path_taken":["M","M","M","M","?","M","R","M","T","R","M","M","$","M","R","BOSS","M","M","M","?","M","R","M","R","T","M","R","?","M","M","R","BOSS","M","?","M","?","?","R","$","M","T","?","R","?","R","M","R","BOSS"],"build_version":"2019-01-23","purchased_purges":3,"victory":true,"max_hp_per_floor":[75,75,75,75,80,80,80,80,80,80,80,80,80,80,80,80,80,80,80,80,80,80,80,80,80,80,80,80,80,80,80,80,80,80,80,80,80,80,80,80,80,80,80,80,80,80,80,80,80,80],"card_choices":[{"not_picked":["Loop","Ball Lightning"],"picked":"Cold Snap","floor":1.0},{"not_picked":["Ball Lightning","Blizzard"],"picked":"Streamline","floor":2.0},{"not_picked":["Beam Cell","Leap"],"picked":"Melter","floor":3.0},{"not_picked":["Heatsinks","Sweeping Beam"],"picked":"Reprogram","floor":4.0},{"not_picked":["Turbo","Streamline"],"picked":"Sunder","floor":6.0},{"not_picked":["Steam","Force Field"],"picked":"Leap","floor":8.0},{"not_picked":["Gash","Storm"],"picked":"Cold Snap","floor":11.0},{"not_picked":["Lockon","Beam Cell"],"picked":"Defragment","floor":12.0},{"not_picked":["Stack","Streamline"],"picked":"Core Surge","floor":14.0},{"not_picked":["Meteor Strike","Buffer"],"picked":"Multi-Cast","floor":16.0},{"not_picked":["Steam Power","Steam"],"picked":"Hologram+1","floor":18.0},{"not_picked":["Streamline","Barrage"],"picked":"FTL","floor":19.0},{"not_picked":["Go for the Eyes","Loop"],"picked":"Coolheaded","floor":20.0},{"not_picked":["Force Field","Barrage"],"picked":"Auto Shields+1","floor":21},{"not_picked":["Tempest","Steam","Cold Snap"],"picked":"SKIP","floor":22},{"not_picked":["Core Surge","Coolheaded"],"picked":"Beam Cell+1","floor":24},{"not_picked":["Rebound","Gash"],"picked":"Sweeping Beam","floor":27},{"not_picked":["Compile Driver","Sweeping Beam"],"picked":"Self Repair+1","floor":30},{"not_picked":["Recycle+1","Redo+1"],"picked":"Defragment","floor":31},{"not_picked":["Core Surge","Multi-Cast"],"picked":"Reboot","floor":33},{"not_picked":["Scrape","Compile Driver"],"picked":"Conserve Battery+1","floor":35},{"not_picked":["Gash+1","Compile Driver","Redo"],"picked":"SKIP","floor":37},{"not_picked":["Steam+1","Double Energy","Redo"],"picked":"SKIP","floor":42},{"not_picked":["Undo+1","Stack"],"picked":"Redo+1","floor":48}],"player_experience":992110,"relics_obtained":[],"event_choices":[{"damage_healed":0.0,"max_hp_gain":5.0,"max_hp_loss":0.0,"gold_gain":0.0,"event_name":"Big Fish","player_choice":"Donut","floor":5.0,"gold_loss":0.0,"damage_taken":0.0},{"damage_healed":0.0,"max_hp_gain":0.0,"max_hp_loss":0.0,"gold_gain":0.0,"event_name":"Masked Bandits","player_choice":"Fought Bandits","floor":21.0,"gold_loss":0.0,"damage_taken":0.0},{"damage_healed":0,"gold_gain":0,"player_choice":"Ignored","damage_taken":0,"max_hp_gain":0,"max_hp_loss":0,"event_name":"Tomb of Lord Red Mask","floor":36,"gold_loss":0},{"cards_removed":["Cold Snap"],"damage_healed":0,"gold_gain":0,"player_choice":"Removed Attack","damage_taken":0,"max_hp_gain":0,"max_hp_loss":0,"event_name":"Falling","floor":38,"gold_loss":0},{"damage_healed":0,"gold_gain":999,"player_choice":"Gold","damage_taken":0,"max_hp_gain":0,"max_hp_loss":0,"event_name":"MindBloom","floor":39,"gold_loss":0,"cards_obtained":["Normality","Normality"]},{"damage_healed":0,"gold_gain":0,"player_choice":"Embrace Madness","damage_taken":10,"max_hp_gain":0,"max_hp_loss":0,"event_name":"Winding Halls","floor":44,"gold_loss":0,"cards_obtained":["Madness","Madness"]}],"is_beta":false,"boss_relics":[{"not_picked":["Velvet Choker","Cursed Key","Fusion Hammer"]},{"not_picked":["White Beast Statue","Black Star"],"picked":"FrozenCore"}],"items_purged_floors":[13,41,46],"is_endless":false,"potions_floor_spawned":[1,4,11,12,14,20,21,22,24,30,35,42],"ascension_level":0}