{"gold_per_floor":[114,133,148,223,44,73,73,92,92,92,92,122,122,142,142,238,238,254,157,169,169,169,194,194,212,212,212],"floor_reached":27,"playtime":1586,"items_purged":["Strike_G"],"score":314,"play_id":"595f2574-b29a-4b16-ae3f-b773d62f8675","local_time":"20190328204640","is_ascension_mode":true,"campfire_choices":[{"data":"Poisoned Stab","floor":7,"key":"SMITH"},{"data":"Leg Sweep","floor":11,"key":"SMITH"},{"data":"Dash","floor":15,"key":"SMITH"},{"data":"Corpse Explosion","floor":24,"key":"SMITH"}],"neow_cost":"NONE","seed_source_timestamp":24586909396400,"circlet_count":0,"master_deck":["Defend_G+1","Defend_G+1","Defend_G+1","Defend_G+1","Defend_G+1","Strike_G+1","Strike_G+1","Strike_G+1","Strike_G+1","Survivor","Neutralize+1","Slice","Poisoned Stab+1","Backflip","Poisoned Stab","Leg Sweep+1","Dash+1","Corpse Explosion+1","Blade Dance+1","Dagger Spray","Crippling Poison+1"],"relics":["Ring of the Serpent","Bronze Scales","Pear","Meat on the Bone","Singing Bowl","Blue Candle"],"potions_floor_usage":[12,16,18,20,23,23],"damage_taken":[{"damage":0,"enemies":"Cultist","floor":1,"turns":4},{"damage":0,"enemies":"2 Louse","floor":2,"turns":4},{"damage":1,"enemies":"Small Slimes","floor":3,"turns":2},{"damage":9,"enemies":"Gremlin Nob","floor":6,"turns":4},{"damage":0,"enemies":"Looter","floor":8,"turns":2},{"damage":5,"enemies":"Lagavulin","floor":12,"turns":6},{"damage":0,"enemies":"Exordium Thugs","floor":14,"turns":4},{"damage":5,"enemies":"Hexaghost","floor":16,"turns":8},{"damage":4,"enemies":"Shell Parasite","floor":18,"turns":5},{"damage":0,"enemies":"Chosen","floor":20,"turns":4},{"damage":33,"enemies":"Slavers","floor":23,"turns":4},{"damage":24,"enemies":"Shelled Parasite and Fungi","floor":25,"turns":8},{"damage":41,"enemies":"Gremlin Leader","floor":27,"turns":7}],"seed_played":"-189168310954000676","potions_obtained":[{"floor":1,"key":"PowerPotion"},{"floor":12,"key":"AttackPotion"},{"floor":14,"key":"Strength Potion"},{"floor":16,"key":"SkillPotion"},{"floor":18,"key":"FearPotion"},{"floor":20,"key":"PowerPotion"}],"is_trial":false,"path_per_floor":["M","M","M","?","$","E","R","M","T","?","R","E","?","M","R","B",null,"M","$","M","?","?","E","R","M","T","E"],"character_chosen":"THE_SILENT","items_purchased":["Bronze Scales","Poisoned Stab","Dagger Spray"],"campfire_rested":0,"item_purchase_floors":[5,5,19],"current_hp_per_floor":[70,70,69,58,58,59,59,59,59,59,59,56,40,52,52,47,82,78,78,78,78,78,47,47,37,37,0],"gold":212,"neow_bonus":"UPGRADE_CARD","is_prod":false,"is_daily":false,"chose_seed":false,"campfire_upgraded":4,"win_rate":0,"timestamp":1553802400,"path_taken":["M","?","M","?","$","E","R","M","T","?","R","E","?","M","R","BOSS","M","$","M","?","?","E","R","M","T","E"],"build_version":"2019-01-23","purchased_purges":1,"victory":false,"max_hp_per_floor":[70,70,70,70,70,80,80,80,80,80,80,82,82,82,82,82,82,82,82,82,82,82,84,84,86,86,86],"card_choices":[{"not_picked":["All Out Attack","Expertise"],"picked":"Slice","floor":1},{"not_picked":["Prepared","Sucker Punch"],"picked":"Poisoned Stab","floor":2},{"not_picked":["Sucker Punch","Slice"],"picked":"Backflip","floor":3},{"not_picked":["Poisoned Stab","Choke"],"picked":"Leg Sweep","floor":6},{"not_picked":["Heel Hook","Flying Knee","Prepared"],"picked":"SKIP","floor":8},{"not_picked":["Heel Hook","Concentrate","Underhanded Strike"],"picked":"Singing Bowl","floor":12},{"not_picked":["Acrobatics","Sucker Punch"],"picked":"Dash","floor":14},{"not_picked":["Doppelganger","Phantasmal Killer"],"picked":"Corpse Explosion","floor":16},{"not_picked":["Deflect+1","Concentrate"],"picked":"Blade Dance+1","floor":18},{"not_picked":["Endless Agony","Quick Slash"],"picked":"Crippling Poison+1","floor":20},{"not_picked":["Backflip","Deflect+1","Slice"],"picked":"Singing Bowl","floor":23},{"not_picked":["Prepared","Accuracy","Caltrops"],"picked":"Singing Bowl","floor":25}],"player_experience":443307,"relics_obtained":[{"floor":6,"key":"Pear"},{"floor":9,"key":"Meat on the Bone"},{"floor":12,"key":"Singing Bowl"},{"floor":23,"key":"Blue Candle"}],"event_choices":[{"damage_healed":0,"gold_gain":75,"player_choice":"Gather Gold","damage_taken":11,"max_hp_gain":0,"max_hp_loss":0,"event_name":"World of Goop","floor":4,"gold_loss":0},{"damage_healed":0,"gold_gain":0,"player_choice":"Ignored","damage_taken":0,"max_hp_gain":0,"max_hp_loss":0,"event_name":"Liars Game","floor":10,"gold_loss":0},{"damage_healed":0,"gold_gain":0,"player_choice":"Entered Light","damage_taken":16,"max_hp_gain":0,"max_hp_loss":0,"event_name":"Shining Light","floor":13,"gold_loss":0,"cards_upgraded":["Strike_G","Defend_G"]},{"damage_healed":0,"gold_gain":0,"player_choice":"Simplicity","damage_taken":0,"max_hp_gain":0,"max_hp_loss":0,"event_name":"Back to Basics","floor":21,"gold_loss":0,"cards_upgraded":["Defend_G","Defend_G","Defend_G","Defend_G","Strike_G","Strike_G","Strike_G"]},{"damage_healed":0,"gold_gain":0,"player_choice":"Ignored","damage_taken":0,"max_hp_gain":0,"max_hp_loss":0,"event_name":"Vampires","floor":22,"gold_loss":0}],"is_beta":false,"boss_relics":[{"not_picked":["White Beast Statue","Ectoplasm"],"picked":"Ring of the Serpent"}],"items_purged_floors":[19],"is_endless":false,"potions_floor_spawned":[1,12,14,16,18,20],"killed_by":"Gremlin Leader","ascension_level":4}