{"path_per_floor":["M","M","$","M","M","R","M","R","T","?","M","$","?","$","R","B",null,"M","M","M","?","$","R","M","R","T","R","?","M","M","M","R"],"character_chosen":"IRONCLAD","items_purchased":["Battle Trance","Cleave","Feed","Rupture","Anchor"],"gold_per_floor":[113,132,10,20,38,38,52,52,97,97,110,40,40,40,40,171,171,192,207,223,223,0,0,18,18,67,67,67,82,105,126,126],"floor_reached":33,"campfire_rested":1,"playtime":2389,"current_hp_per_floor":[80,75,75,80,77,77,67,67,67,47,49,49,49,49,73,22,80,83,82,60,60,60,60,52,52,52,52,36,25,40,52,52],"items_purged":[],"gold":126,"score":267,"play_id":"bc21182a-2b0f-405e-b1c0-3e54a267b859","is_prod":false,"is_daily":false,"is_ascension_mode":false,"campfire_upgraded":6,"path_taken":["M","M","$","M","M","R","M","R","T","?","?","?","?","$","R","BOSS","M","M","?","?","?","R","M","R","T","R","?","M","M","M","R","BOSS"],"build_version":"2018-02-15-PROD1","purchased_purges":0,"victory":false,"master_deck":["Defend_R","Defend_R","Defend_R","Bash+1","Perfected Strike+1","Inflame","Battle Trance","Cleave","Blood for Blood","Perfected Strike","Headbutt+1","Feed+1","Bash","Bandage Up","Limit Break","Reckless Charge+1","Offering+1","Body Slam+1","Pommel Strike","Fire Breathing+1","Anger+1","Bite","Bite","Bite","Bite","Bite","Rupture+1","Blood for Blood","Iron Wave","Cleave","Inflame"],"max_hp_per_floor":[80,80,80,80,80,80,80,80,80,80,80,80,80,80,80,80,80,83,86,86,60,60,60,60,60,60,60,60,60,64,68,68],"relics":["Burning Blood","Lantern","Bag of Preparation","Golden Idol","Astrolabe","Anchor","Bag of Marbles","Enchiridion"],"card_choices":[{"not_picked":["Clothesline","Body Slam"],"picked":"Perfected Strike"},{"not_picked":["Cleave","Searing Blow"],"picked":"Inflame"},{"not_picked":["Flex","Wild Strike"],"picked":"Blood for Blood"},{"not_picked":["Uppercut","Warcry"],"picked":"Perfected Strike"},{"not_picked":["Disarm","Sword Boomerang"],"picked":"Headbutt"},{"not_picked":["Immolate","Clash"],"picked":"Feel No Pain"},{"not_picked":["Immolate","Reaper"],"picked":"Limit Break"},{"not_picked":["Body Slam","Wild Strike"],"picked":"Pommel Strike"},{"not_picked":["Flex","Pommel Strike"],"picked":"Fire Breathing"},{"not_picked":["Dual Wield","Feel No Pain"],"picked":"Anger"},{"not_picked":["Bloodletting","Perfected Strike"],"picked":"Blood for Blood"},{"not_picked":["True Grit","Warcry"],"picked":"Iron Wave"},{"not_picked":["Clothesline","Pommel Strike"],"picked":"Cleave"},{"not_picked":["Searing Blow","Warcry"],"picked":"Inflame"}],"player_experience":30616,"potions_floor_usage":[16,16,20,29,33,33],"damage_taken":[{"damage":2,"enemies":"Small Slimes","floor":1,"turns":4},{"damage":11,"enemies":"Jaw Worm","floor":2,"turns":3},{"damage":0,"enemies":"Cultist","floor":4,"turns":2},{"damage":9,"enemies":"Gremlin Gang","floor":5,"turns":5},{"damage":16,"enemies":"Exordium Thugs","floor":7,"turns":4},{"damage":4,"enemies":"2 Fungi Beasts","floor":11,"turns":3},{"damage":61,"enemies":"Hexaghost","floor":16,"turns":7},{"damage":9,"enemies":"Spheric Guardian","floor":18,"turns":3},{"damage":14,"enemies":"Chosen","floor":19,"turns":3},{"damage":32,"enemies":"Centurion and Healer","floor":20,"turns":5},{"damage":22,"enemies":"Snake Plant","floor":24,"turns":4},{"damage":25,"enemies":"Snecko","floor":29,"turns":4},{"damage":5,"enemies":"3 Cultists","floor":30,"turns":3},{"damage":6,"enemies":"Snake Plant","floor":31,"turns":3},{"damage":83,"enemies":"Automaton","floor":33,"turns":6}],"event_choices":[{"event_name":"Golden Idol","player_choice":"Take Damage","floor":10,"damage_taken":0},{"event_name":"Match and Keep!","player_choice":"3 cards matched","floor":13,"damage_taken":0},{"event_name":"Vampires","player_choice":"Became a vampire","floor":21,"damage_taken":0},{"event_name":"Cursed Tome","player_choice":"Obtained Book","floor":28,"damage_taken":0}],"boss_relics":[{"not_picked":["Runic Dome","Tiny House"],"picked":"Astrolabe"}],"potions_floor_spawned":[2,7,11,18,30,31],"seed_played":"-942741707718303814","killed_by":"Automaton","ascension_level":0,"is_trial":false}