{"gold_per_floor":[361,361,361,378,265,265,298,298,298,315,331,345,12,31,31,136,136,150,130,102,112,130,130,146,176,176,50,50,50],"floor_reached":29,"playtime":1793,"items_purged":["Regret","Decay","Strike_G"],"score":259,"play_id":"4ae5bcf2-98a7-4a56-8220-784381e952bc","local_time":"20190301173246","is_ascension_mode":true,"campfire_choices":[{"data":"Neutralize","floor":6,"key":"SMITH"},{"floor":8,"key":"REST"},{"floor":15,"key":"REST"},{"floor":23,"key":"REST"}],"neow_cost":"CURSE","seed_source_timestamp":48708518356900,"circlet_count":0,"master_deck":["Defend_G","Defend_G","Defend_G+1","Defend_G+1","Strike_G","Strike_G","Survivor","Neutralize+1","Infinite Blades","Dash","Accuracy","Infinite Blades","Sucker Punch+1","Finisher+1","Footwork","Infinite Blades","Envenom","Sucker Punch+1","Distraction+1","Doppelganger+1","Dagger Throw+1","Blade Dance","Caltrops+1","Backflip","Skewer+1","Crippling Poison","Footwork","Dagger Spray+1"],"relics":["Ring of the Snake","Kunai","War Paint","Shuriken","Molten Egg 2","Membership Card","Astrolabe","Tough Bandages","Blue Candle"],"potions_floor_usage":[7,22,22,25,25],"damage_taken":[{"damage":11,"enemies":"Cultist","floor":1,"turns":7},{"damage":4,"enemies":"2 Louse","floor":4,"turns":4},{"damage":27,"enemies":"Gremlin Nob","floor":7,"turns":5},{"damage":5,"enemies":"Jaw Worm","floor":10,"turns":3},{"damage":24,"enemies":"Gremlin Gang","floor":11,"turns":4},{"damage":1,"enemies":"Large Slime","floor":12,"turns":4},{"damage":0,"enemies":"Exordium Wildlife","floor":14,"turns":3},{"damage":31,"enemies":"The Guardian","floor":16,"turns":9},{"damage":3,"enemies":"Chosen","floor":18,"turns":6},{"damage":20,"enemies":"2 Thieves","floor":20,"turns":5},{"damage":17,"enemies":"Snake Plant","floor":21,"turns":5},{"damage":8,"enemies":"3 Cultists","floor":22,"turns":5},{"damage":14,"enemies":"Snecko","floor":24,"turns":6},{"damage":21,"enemies":"Book of Stabbing","floor":25,"turns":7},{"damage":10,"enemies":"Shelled Parasite and Fungi","floor":29,"turns":2}],"seed_played":"3425061836991626749","potions_obtained":[{"floor":1,"key":"AttackPotion"},{"floor":4,"key":"SpeedPotion"},{"floor":11,"key":"FearPotion"},{"floor":19,"key":"Fire Potion"},{"floor":20,"key":"Dexterity Potion"},{"floor":24,"key":"GhostInAJar"}],"is_trial":false,"path_per_floor":["M","T","?","M","$","R","E","R","T","M","M","M","$","M","R","B",null,"M","?","M","M","M","R","M","E","T","$","?","M"],"character_chosen":"THE_SILENT","items_purchased":["Accuracy","Membership Card","Footwork","Footwork","Dagger Spray+1"],"campfire_rested":3,"item_purchase_floors":[5,13,13,27,27],"current_hp_per_floor":[59,59,59,55,55,55,28,49,49,44,20,19,19,19,40,9,70,67,67,47,30,22,43,29,8,8,8,8,0],"gold":50,"neow_bonus":"TWO_FIFTY_GOLD","is_prod":false,"is_daily":false,"chose_seed":false,"campfire_upgraded":1,"win_rate":0,"timestamp":1551457966,"path_taken":["M","?","?","M","$","R","E","R","T","M","M","M","$","M","R","BOSS","M","?","?","M","M","R","M","E","T","$","?","M"],"build_version":"2019-01-23","purchased_purges":3,"victory":false,"max_hp_per_floor":[70,70,70,70,70,70,70,70,70,70,70,70,70,70,70,70,70,70,70,70,70,70,70,70,70,70,70,70,70],"card_choices":[{"not_picked":["Slice","Expertise"],"picked":"Infinite Blades","floor":1},{"not_picked":["Dagger Throw","Sucker Punch"],"picked":"Dash","floor":4},{"not_picked":["Glass Knife","Outmaneuver"],"picked":"Infinite Blades","floor":7},{"not_picked":["Masterful Stab+1","Noxious Fumes"],"picked":"Sucker Punch+1","floor":10},{"not_picked":["Slice+1","Prepared","Catalyst"],"picked":"SKIP","floor":11},{"not_picked":["Leg Sweep","Reflex"],"picked":"Finisher+1","floor":12},{"not_picked":["Reflex","Setup"],"picked":"Infinite Blades","floor":14},{"not_picked":["Glass Knife+1","After Image"],"picked":"Envenom","floor":16},{"not_picked":["Slice+1","Distraction"],"picked":"Dagger Throw+1","floor":18},{"not_picked":["Bane+1","Noxious Fumes"],"picked":"Blade Dance","floor":20},{"not_picked":["Choke+1","Predator+1"],"picked":"Caltrops+1","floor":21},{"not_picked":["Dodge and Roll","Infinite Blades"],"picked":"Backflip","floor":22},{"not_picked":["Eviscerate+1","Deflect"],"picked":"Skewer+1","floor":24},{"not_picked":["Slice+1","Outmaneuver"],"picked":"Crippling Poison","floor":25}],"player_experience":299700,"relics_obtained":[{"floor":2,"key":"Kunai"},{"floor":7,"key":"Shuriken"},{"floor":9,"key":"Molten Egg 2"},{"floor":25,"key":"Tough Bandages"},{"floor":26,"key":"Blue Candle"}],"event_choices":[{"damage_healed":0,"gold_gain":0,"player_choice":"Box","damage_taken":0,"relics_obtained":["War Paint"],"max_hp_gain":0,"max_hp_loss":0,"event_name":"Big Fish","floor":3,"gold_loss":0,"cards_obtained":["Regret"]},{"damage_healed":0,"gold_gain":0,"player_choice":"Bought 1 Potion","damage_taken":0,"max_hp_gain":0,"max_hp_loss":0,"event_name":"The Woman in Blue","floor":19,"gold_loss":0},{"damage_healed":0,"gold_gain":0,"player_choice":"Ignored","damage_taken":0,"max_hp_gain":0,"max_hp_loss":0,"event_name":"Beggar","floor":28,"gold_loss":0}],"is_beta":false,"boss_relics":[{"not_picked":["Philosopher\u0027s Stone","Black Star"],"picked":"Astrolabe"}],"items_purged_floors":[5,13,27],"is_endless":false,"potions_floor_spawned":[1,4,11,20,21,24],"killed_by":"Shelled Parasite and Fungi","ascension_level":1}