{"gold_per_floor":[119,129,142,67,79,79,79,79,152,176,351,173,173,196,196,316,316,330,245,245,245,120,120,143,143,197,240,263,263,282,302,302,431,431,445,445,445,468,163,163,188,188,266,301,319,319,339,464,464,464],"floor_reached":50,"playtime":1944,"items_purged":["Strike_R","Doubt","Strike_R","Rupture"],"score":507,"play_id":"fc41a95d-d857-46b2-a273-98a4f4956b88","local_time":"20190419222925","is_ascension_mode":false,"campfire_choices":[{"data":"Rampage","floor":6,"key":"SMITH"},{"data":"Inflame","floor":8,"key":"SMITH"},{"data":"Bash","floor":13,"key":"SMITH"},{"data":"Dual Wield","floor":15,"key":"SMITH"},{"data":"Double Tap","floor":23,"key":"SMITH"},{"data":"True Grit","floor":25,"key":"SMITH"},{"floor":32,"key":"REST"},{"data":"Rage","floor":40,"key":"SMITH"},{"data":"Shrug It Off","floor":46,"key":"SMITH"},{"data":"Battle Trance","floor":49,"key":"SMITH"}],"neow_cost":"NONE","seed_source_timestamp":566697435092530,"circlet_count":0,"master_deck":["Defend_R","Defend_R","Defend_R","Bash+1","Clash","Rampage+1","Inflame+1","Battle Trance+1","Dual Wield+1","Double Tap+1","Sword Boomerang+1","Whirlwind","True Grit+1","Inflame+1","Headbutt+1","Thunderclap+1","Rage+1","Immolate","Panacea","Shrug It Off+1","Sword Boomerang+1","Power Through+1"],"relics":["Burning Blood","NeowsBlessing","Golden Idol","Matryoshka","Sozu","Dream Catcher","Tiny Chest","Happy Flower","Pen Nib","Empty Cage","Blood Vial","Juzu Bracelet","Gremlin Horn","Bottled Flame","Calipers"],"potions_floor_usage":[27,33,50],"damage_taken":[{"damage":0,"enemies":"Small Slimes","floor":1,"turns":1},{"damage":0,"enemies":"2 Louse","floor":2,"turns":1},{"damage":0,"enemies":"Jaw Worm","floor":3,"turns":1},{"damage":5,"enemies":"Looter","floor":5,"turns":2},{"damage":0,"enemies":"Large Slime","floor":10,"turns":4},{"damage":1,"enemies":"3 Louse","floor":14,"turns":3},{"damage":30,"enemies":"Slime Boss","floor":16,"turns":8},{"damage":10,"enemies":"Chosen","floor":18,"turns":3},{"damage":0,"enemies":"3 Byrds","floor":24,"turns":2},{"damage":44,"enemies":"Gremlin Leader","floor":27,"turns":3},{"damage":27,"enemies":"Shelled Parasite and Fungi","floor":28,"turns":5},{"damage":10,"enemies":"Snecko","floor":30,"turns":4},{"damage":6,"enemies":"Cultist and Chosen","floor":31,"turns":3},{"damage":41,"enemies":"Automaton","floor":33,"turns":7},{"damage":4,"enemies":"3 Shapes","floor":35,"turns":6},{"damage":26,"enemies":"3 Darklings","floor":38,"turns":4},{"damage":10,"enemies":"4 Shapes","floor":41,"turns":3},{"damage":28,"enemies":"Nemesis","floor":44,"turns":5},{"damage":0,"enemies":"Jaw Worm Horde","floor":45,"turns":2},{"damage":0,"enemies":"Sphere and 2 Shapes","floor":47,"turns":3},{"damage":0,"enemies":"Mind Bloom Boss Battle","floor":48,"turns":4},{"damage":73,"enemies":"Awakened One","floor":50,"turns":9}],"seed_played":"-6019412107446211558","potions_obtained":[{"floor":2,"key":"BloodPotion"},{"floor":3,"key":"GamblersBrew"},{"floor":10,"key":"Strength Potion"},{"floor":14,"key":"PowerPotion"}],"is_trial":false,"path_per_floor":["M","M","M","$","M","R","?","R","T","M","?","$","R","M","R","B",null,"M","?","?","?","$","R","M","R","T","E","M","?","M","M","R","B",null,"M","?","?","M","$","R","M","?","T","E","M","R","M","?","R","B"],"character_chosen":"IRONCLAD","items_purchased":["Battle Trance","Blood Vial"],"campfire_rested":1,"item_purchase_floors":[12,39],"current_hp_per_floor":[80,80,80,80,80,80,60,60,60,66,66,66,66,71,71,47,80,76,76,76,76,76,76,80,80,80,50,29,29,25,25,49,14,80,80,80,80,60,60,60,58,58,58,38,46,46,54,62,62,0],"gold":464,"neow_bonus":"THREE_ENEMY_KILL","is_prod":false,"is_daily":false,"chose_seed":false,"campfire_upgraded":9,"win_rate":0,"timestamp":1555684165,"path_taken":["M","M","M","$","M","R","?","R","T","M","?","$","R","M","R","BOSS","M","?","?","?","$","R","M","R","T","E","M","?","M","M","R","BOSS","M","?","?","M","$","R","?","?","T","E","M","R","M","?","R","BOSS"],"build_version":"2019-01-23","purchased_purges":4,"victory":false,"max_hp_per_floor":[80,80,80,80,80,80,80,80,80,80,80,80,80,80,80,80,80,80,80,80,80,80,80,80,80,80,80,80,80,80,80,80,80,80,80,80,80,80,80,80,80,80,80,80,80,80,80,80,80,80],"card_choices":[{"not_picked":["Anger","Heavy Blade"],"picked":"Headbutt","floor":1},{"not_picked":["Havoc","Feel No Pain"],"picked":"Clash","floor":2},{"not_picked":["Anger","Flame Barrier"],"picked":"Rampage","floor":3},{"not_picked":["Pommel Strike","Clothesline"],"picked":"Inflame","floor":5},{"not_picked":["Wild Strike","Havoc","Spot Weakness"],"picked":"SKIP","floor":10},{"not_picked":["Anger","Dropkick"],"picked":"Dual Wield","floor":14},{"not_picked":["Bludgeon","Barricade"],"picked":"Double Tap","floor":16},{"not_picked":["Perfected Strike","Wild Strike"],"picked":"Sword Boomerang+1","floor":18},{"not_picked":["Dual Wield","Thunderclap"],"picked":"True Grit","floor":24},{"not_picked":["Uppercut","Heavy Blade"],"picked":"Inflame+1","floor":27},{"not_picked":["Pummel","Evolve"],"picked":"Headbutt+1","floor":28},{"not_picked":["Sever Soul","Heavy Blade"],"picked":"Thunderclap+1","floor":30},{"not_picked":["Perfected Strike","Spot Weakness"],"picked":"Rage","floor":31},{"not_picked":["Barricade","Juggernaut"],"picked":"Immolate","floor":33},{"not_picked":["Clothesline+1","Heavy Blade","Searing Blow"],"picked":"SKIP","floor":35},{"not_picked":["Mind Blast","Forethought"],"picked":"Panacea","floor":36},{"not_picked":["Rage+1","Sentinel+1"],"picked":"Shrug It Off","floor":38},{"not_picked":["Thunderclap","Body Slam"],"picked":"Sword Boomerang+1","floor":41},{"not_picked":["Thunderclap","Rage","Feel No Pain+1"],"picked":"SKIP","floor":44},{"not_picked":["Battle Trance","Clash+1","Corruption+1"],"picked":"SKIP","floor":45},{"not_picked":["Inflame+1","Perfected Strike+1","Carnage"],"picked":"SKIP","floor":47},{"not_picked":["Sever Soul+1","Combust+1"],"picked":"Power Through+1","floor":48}],"player_experience":996777,"relics_obtained":[{"floor":9,"key":"Matryoshka"},{"floor":26,"key":"Tiny Chest"},{"floor":26,"key":"Happy Flower"},{"floor":27,"key":"Pen Nib"},{"floor":43,"key":"Juzu Bracelet"},{"floor":43,"key":"Gremlin Horn"},{"floor":44,"key":"Bottled Flame"},{"floor":48,"key":"Calipers"}],"event_choices":[{"damage_healed":0,"gold_gain":0,"player_choice":"Take Damage","damage_taken":20,"relics_obtained":["Golden Idol"],"max_hp_gain":0,"max_hp_loss":0,"event_name":"Golden Idol","floor":7,"gold_loss":0},{"damage_healed":0,"gold_gain":175,"player_choice":"AGREE","damage_taken":0,"max_hp_gain":0,"max_hp_loss":0,"event_name":"Liars Game","floor":11,"gold_loss":0,"cards_obtained":["Doubt"]},{"damage_healed":0,"gold_gain":0,"player_choice":"Obtained Relic","damage_taken":0,"relics_obtained":["Dream Catcher"],"max_hp_gain":0,"max_hp_loss":0,"event_name":"Addict","floor":19,"gold_loss":85},{"damage_healed":0,"gold_gain":0,"player_choice":"Read","damage_taken":0,"max_hp_gain":0,"max_hp_loss":0,"event_name":"The Library","floor":20,"gold_loss":0,"cards_obtained":["Whirlwind"]},{"damage_healed":0,"gold_gain":0,"player_choice":"Ignored","damage_taken":0,"max_hp_gain":0,"max_hp_loss":0,"event_name":"Ghosts","floor":21,"gold_loss":0},{"damage_healed":0,"gold_gain":0,"cards_transformed":["Strike_R","Strike_R"],"player_choice":"Became Test Subject","damage_taken":0,"max_hp_gain":0,"max_hp_loss":0,"event_name":"Drug Dealer","floor":29,"gold_loss":0,"cards_obtained":["Rupture","Rupture"]},{"damage_healed":0,"gold_gain":0,"player_choice":"Memory 1","damage_taken":0,"max_hp_gain":0,"max_hp_loss":0,"event_name":"SensoryStone","floor":36,"gold_loss":0},{"cards_removed":["Headbutt"],"damage_healed":0,"gold_gain":0,"player_choice":"Removed Attack","damage_taken":0,"max_hp_gain":0,"max_hp_loss":0,"event_name":"Falling","floor":37,"gold_loss":0},{"cards_removed":["Defend_R"],"damage_healed":0,"gold_gain":0,"player_choice":"Card Removal","damage_taken":0,"max_hp_gain":0,"max_hp_loss":0,"event_name":"Wheel of Change","floor":42,"gold_loss":0},{"damage_healed":0,"gold_gain":0,"player_choice":"Fight","damage_taken":0,"max_hp_gain":0,"max_hp_loss":0,"event_name":"MindBloom","floor":48,"gold_loss":0}],"is_beta":false,"boss_relics":[{"not_picked":["Snecko Eye","Ectoplasm"],"picked":"Sozu"},{"not_picked":["Busted Crown","Runic Pyramid"],"picked":"Empty Cage"}],"items_purged_floors":[4,12,22,39],"is_endless":false,"potions_floor_spawned":[2,3,10,14,30,31,33,38,41],"killed_by":"Awakened One","ascension_level":0}