{"gold_per_floor":[113,130,55,74,89,116,116,151,151,166,186,2,22,57,57,158,158,175,195,211,211,229,229,264,14,39,56,56,56,0,0],"floor_reached":31,"playtime":2601,"items_purged":["Strike_R"],"score":402,"play_id":"4201ecb5-05ce-47f8-b41e-709bea24d114","local_time":"20190406225245","is_ascension_mode":true,"campfire_choices":[{"data":"Anger","floor":7,"key":"SMITH"},{"floor":15,"key":"REST"},{"floor":23,"key":"REST"}],"neow_cost":"NONE","seed_source_timestamp":76232828384400,"circlet_count":0,"master_deck":["Strike_R","Defend_R","Defend_R","Defend_R","Defend_R","Bash","Anger+1","Disarm","Dropkick","Barricade","Thunderclap","Metallicize","Inflame","Whirlwind","Immolate","Reaper","Rupture+1","Rampage+1","Clothesline+1","Shrug It Off+1","Entrench"],"relics":["Burning Blood","Happy Flower","Orichalcum","Singing Bowl","Pantograph","Pen Nib","Boot","Astrolabe","Gambling Chip","Pear","Lantern"],"potions_floor_usage":[8,10,13,20,20,20,27],"damage_taken":[{"damage":1,"enemies":"Cultist","floor":1,"turns":3},{"damage":7,"enemies":"Jaw Worm","floor":2,"turns":3},{"damage":2,"enemies":"2 Louse","floor":4,"turns":4},{"damage":1,"enemies":"2 Fungi Beasts","floor":5,"turns":3},{"damage":26,"enemies":"Lagavulin","floor":6,"turns":6},{"damage":16,"enemies":"3 Sentries","floor":8,"turns":8},{"damage":8,"enemies":"Looter","floor":10,"turns":3},{"damage":8,"enemies":"Lots of Slimes","floor":11,"turns":3},{"damage":17,"enemies":"Exordium Thugs","floor":13,"turns":4},{"damage":8,"enemies":"Lagavulin","floor":14,"turns":6},{"damage":33,"enemies":"Slime Boss","floor":16,"turns":8},{"damage":18,"enemies":"Chosen","floor":18,"turns":5},{"damage":20,"enemies":"Spheric Guardian","floor":19,"turns":6},{"damage":29,"enemies":"Centurion and Healer","floor":20,"turns":6},{"damage":35,"enemies":"Snake Plant","floor":22,"turns":7},{"damage":23,"enemies":"Gremlin Leader","floor":24,"turns":8},{"damage":18,"enemies":"Shelled Parasite and Fungi","floor":27,"turns":6},{"damage":25,"enemies":"Snecko","floor":31,"turns":5}],"seed_played":"-7136146936546851180","potions_obtained":[{"floor":2,"key":"LiquidBronze"},{"floor":4,"key":"PowerPotion"},{"floor":8,"key":"BloodPotion"},{"floor":11,"key":"Strength Potion"},{"floor":16,"key":"SpeedPotion"},{"floor":18,"key":"AttackPotion"},{"floor":24,"key":"Block Potion"}],"is_trial":false,"path_per_floor":["M","M","$","M","M","E","R","E","T","M","M","$","M","E","R","B",null,"M","M","M","$","M","R","E","$","T","M","?","?","?","M"],"character_chosen":"IRONCLAD","items_purchased":["Inflame","Pen Nib","Pear"],"campfire_rested":2,"item_purchase_floors":[12,12,25],"current_hp_per_floor":[77,76,76,80,80,60,60,50,50,58,56,56,45,43,67,55,75,65,53,42,42,13,38,29,39,39,35,15,15,15,0],"gold":0,"neow_bonus":"RANDOM_COMMON_RELIC","is_prod":false,"is_daily":false,"chose_seed":false,"campfire_upgraded":1,"win_rate":0,"timestamp":1554583965,"path_taken":["M","M","$","?","M","E","R","E","T","M","M","$","M","E","R","BOSS","M","?","M","$","M","R","E","$","T","M","?","?","?","M"],"build_version":"2019-01-23","purchased_purges":1,"victory":false,"max_hp_per_floor":[80,80,80,80,80,80,80,80,80,82,82,82,82,82,82,82,82,84,86,86,86,86,86,88,98,98,100,105,105,105,105],"card_choices":[{"not_picked":["True Grit","Thunderclap","Hemokinesis"],"picked":"SKIP","floor":1},{"not_picked":["Perfected Strike","Clash"],"picked":"Anger","floor":2},{"not_picked":["True Grit","Wild Strike"],"picked":"Disarm","floor":4},{"not_picked":["Armaments","Shrug It Off"],"picked":"Dropkick","floor":5},{"not_picked":["Combust","Hemokinesis"],"picked":"Barricade","floor":6},{"not_picked":["Clash","Clothesline"],"picked":"Thunderclap","floor":8},{"not_picked":["Armaments","Corruption","Dual Wield"],"picked":"Singing Bowl","floor":10},{"not_picked":["Entrench","Clash"],"picked":"Metallicize","floor":11},{"not_picked":["Sentinel","Pommel Strike"],"picked":"Whirlwind","floor":13},{"not_picked":["Clothesline","Dropkick"],"picked":"Immolate","floor":14},{"not_picked":["Bludgeon","Offering"],"picked":"Reaper","floor":16},{"not_picked":["Carnage","Flex","Twin Strike"],"picked":"Singing Bowl","floor":18},{"not_picked":["Cleave","Thunderclap","Clash"],"picked":"Singing Bowl","floor":19},{"not_picked":["Evolve","Sever Soul+1"],"picked":"Shrug It Off+1","floor":20},{"not_picked":["Iron Wave","Intimidate"],"picked":"Entrench","floor":22},{"not_picked":["Burning Pact+1","Perfected Strike","Rupture"],"picked":"Singing Bowl","floor":24},{"not_picked":["Cleave+1","Havoc","Double Tap"],"picked":"Singing Bowl","floor":27}],"player_experience":557689,"relics_obtained":[{"floor":6,"key":"Orichalcum"},{"floor":8,"key":"Singing Bowl"},{"floor":9,"key":"Pantograph"},{"floor":14,"key":"Boot"},{"floor":24,"key":"Gambling Chip"},{"floor":26,"key":"Lantern"}],"event_choices":[{"damage_healed":0,"gold_gain":0,"player_choice":"Shed Blood","damage_taken":25,"max_hp_gain":5,"max_hp_loss":0,"event_name":"Forgotten Altar","floor":28,"gold_loss":0},{"damage_healed":0,"gold_gain":0,"player_choice":"Ignored","damage_taken":0,"max_hp_gain":0,"max_hp_loss":0,"event_name":"Ghosts","floor":29,"gold_loss":0},{"damage_healed":0,"gold_gain":0,"player_choice":"Paid Fearfully","damage_taken":0,"max_hp_gain":0,"max_hp_loss":0,"event_name":"Masked Bandits","floor":30,"gold_loss":56}],"is_beta":false,"boss_relics":[{"not_picked":["Coffee Dripper","Runic Dome"],"picked":"Astrolabe"}],"items_purged_floors":[3],"is_endless":false,"potions_floor_spawned":[2,4,8,11,16,18,24],"killed_by":"Snecko","ascension_level":7}