{"gold_per_floor":[116,66,66,85,98,132,132,144,171,184,184],"floor_reached":11,"playtime":503,"items_purged":[],"score":86,"play_id":"8d43cae5-3f57-4b32-8f00-9e2f5cebc00f","local_time":"20190301184557","is_ascension_mode":true,"campfire_choices":[{"data":"Dualcast","floor":7.0,"key":"SMITH"}],"neow_cost":"NONE","seed_source_timestamp":0,"circlet_count":0,"master_deck":["Strike_B","Strike_B","Strike_B","Strike_B","Defend_B","Defend_B","Defend_B","Zap+1","Dualcast+1","Conserve Battery","Doom and Gloom","Barrage","Loop","Static Discharge","Ball Lightning"],"special_seed":0,"relics":["Cracked Core","Orichalcum","DataDisk"],"potions_floor_usage":[],"damage_taken":[{"damage":7.0,"enemies":"Jaw Worm","floor":1.0,"turns":2.0},{"damage":1.0,"enemies":"Cultist","floor":4.0,"turns":3.0},{"damage":5.0,"enemies":"Small Slimes","floor":5.0,"turns":2.0},{"damage":23.0,"enemies":"3 Sentries","floor":6.0,"turns":5.0},{"damage":1.0,"enemies":"3 Louse","floor":8.0,"turns":2.0},{"damage":12.0,"enemies":"Looter","floor":10.0,"turns":3.0},{"damage":0,"enemies":"Exordium Thugs","floor":11,"turns":1}],"seed_played":"-5904001808602932313","potions_obtained":[{"floor":5.0,"key":"FearPotion"},{"floor":6.0,"key":"Ancient Potion"},{"floor":10.0,"key":"Regen Potion"}],"is_trial":false,"path_per_floor":["M","?","?","M","M","E","R","M","T","M","M"],"character_chosen":"DEFECT","items_purchased":[],"campfire_rested":0,"item_purchase_floors":[],"current_hp_per_floor":[68,68,68,67,62,39,39,38,38,26,26],"gold":184,"neow_bonus":"UPGRADE_CARD","is_prod":false,"is_daily":false,"chose_seed":false,"campfire_upgraded":1,"win_rate":0,"timestamp":1551487557,"path_taken":["M","?","?","M","M","E","R","?","T","M","M"],"build_version":"2019-01-23","purchased_purges":0,"victory":false,"max_hp_per_floor":[75,75,75,75,75,75,75,75,75,75,75],"card_choices":[{"not_picked":["Sweeping Beam","Compile Driver"],"picked":"Conserve Battery","floor":1.0},{"not_picked":["Go for the Eyes","Conserve Battery"],"picked":"Loop","floor":4.0},{"not_picked":["Gash","Beam Cell"],"picked":"Static Discharge","floor":5.0},{"not_picked":["Beam Cell","Rebound","Skim"],"picked":"SKIP","floor":6.0},{"not_picked":["Go for the Eyes","Barrage","Multi-Cast"],"picked":"SKIP","floor":8.0},{"not_picked":["Hello World","Stack"],"picked":"Ball Lightning","floor":10.0}],"player_experience":228658,"relics_obtained":[{"floor":6.0,"key":"Orichalcum"},{"floor":9.0,"key":"DataDisk"}],"event_choices":[{"cards_removed":["Defend_B"],"damage_healed":0.0,"max_hp_gain":0.0,"max_hp_loss":0.0,"gold_gain":0.0,"event_name":"The Cleric","player_choice":"Card Removal","floor":2.0,"gold_loss":50.0,"damage_taken":0.0},{"damage_healed":0.0,"max_hp_gain":0.0,"max_hp_loss":0.0,"gold_gain":0.0,"event_name":"Match and Keep!","player_choice":"2 cards matched","floor":3.0,"gold_loss":0.0,"damage_taken":0.0,"cards_obtained":["Doom and Gloom","Barrage"]}],"is_beta":false,"boss_relics":[],"items_purged_floors":[],"is_endless":false,"potions_floor_spawned":[5,6,10],"killed_by":"Exordium Thugs","ascension_level":3}