{"gold_per_floor":[111,186,198,214,64,93,110,110,110,129,148,148,148],"floor_reached":13,"playtime":1883,"items_purged":[],"score":126,"play_id":"3e554b83-d570-462a-b0f8-92e72ebdaaad","local_time":"20190422001056","is_ascension_mode":true,"campfire_choices":[{"floor":12,"key":"REST"}],"neow_cost":"NONE","seed_source_timestamp":47699573590500,"circlet_count":0,"master_deck":["Strike_R","Strike_R","Strike_R","Strike_R","Strike_R","Defend_R","Defend_R","Defend_R","Defend_R","Bash","Clothesline","Whirlwind","Sword Boomerang","Juggernaut","Fiend Fire","Dual Wield","Shrug It Off"],"relics":["Burning Blood","Oddly Smooth Stone","Bag of Marbles","Potion Belt"],"potions_floor_usage":[3,10,11,13],"damage_taken":[{"damage":6,"enemies":"2 Louse","floor":1,"turns":5},{"damage":9,"enemies":"Small Slimes","floor":3,"turns":4},{"damage":0,"enemies":"Cultist","floor":4,"turns":4},{"damage":29,"enemies":"Lagavulin","floor":6,"turns":9},{"damage":4,"enemies":"Looter","floor":7,"turns":3},{"damage":12,"enemies":"3 Louse","floor":10,"turns":3},{"damage":22,"enemies":"Exordium Thugs","floor":11,"turns":4},{"damage":57,"enemies":"3 Sentries","floor":13,"turns":7}],"seed_played":"-8865411405939015714","potions_obtained":[{"floor":1,"key":"SkillPotion"},{"floor":4,"key":"GamblersBrew"},{"floor":6,"key":"FearPotion"},{"floor":8,"key":"Poison Potion"},{"floor":8,"key":"EssenceOfSteel"},{"floor":8,"key":"BloodPotion"}],"is_trial":false,"path_per_floor":["M","?","M","M","$","E","M","?","T","M","M","R","E"],"character_chosen":"IRONCLAD","items_purchased":["Juggernaut"],"campfire_rested":1,"item_purchase_floors":[5],"current_hp_per_floor":[72,61,58,64,64,41,43,43,43,45,29,53,0],"gold":148,"neow_bonus":"RANDOM_COMMON_RELIC","is_prod":false,"is_daily":false,"chose_seed":false,"campfire_upgraded":0,"win_rate":0,"timestamp":1555884656,"path_taken":["M","?","M","M","$","E","M","?","T","?","M","R","E"],"build_version":"2019-01-23","purchased_purges":0,"victory":false,"max_hp_per_floor":[80,80,80,80,80,80,80,80,80,80,80,80,80],"card_choices":[{"not_picked":["Ghostly Armor","Flame Barrier"],"picked":"Clothesline","floor":1},{"not_picked":["Perfected Strike","Battle Trance"],"picked":"Whirlwind","floor":3},{"not_picked":["Havoc","Ghostly Armor"],"picked":"Sword Boomerang","floor":4},{"not_picked":["Clothesline","Pummel"],"picked":"Fiend Fire","floor":6},{"not_picked":["Rage","Heavy Blade"],"picked":"Dual Wield","floor":7},{"not_picked":["Clothesline","Second Wind","Flex"],"picked":"SKIP","floor":10},{"not_picked":["Body Slam","Battle Trance"],"picked":"Shrug It Off","floor":11}],"player_experience":680370,"relics_obtained":[{"floor":6,"key":"Bag of Marbles"},{"floor":9,"key":"Potion Belt"}],"event_choices":[{"damage_healed":0,"gold_gain":75,"player_choice":"Gather Gold","damage_taken":11,"max_hp_gain":0,"max_hp_loss":0,"event_name":"World of Goop","floor":2,"gold_loss":0},{"damage_healed":0,"gold_gain":0,"player_choice":"Got Potions","damage_taken":0,"max_hp_gain":0,"max_hp_loss":0,"event_name":"Lab","floor":8,"gold_loss":0}],"is_beta":false,"boss_relics":[],"items_purged_floors":[],"is_endless":false,"potions_floor_spawned":[1,4,6],"killed_by":"3 Sentries","ascension_level":9}