{"gold_per_floor":[110,124,199,199,26,26,51,64,112,136,148,185,215,241,253,364,376,400,424,225,241,255,255,271,281,281,281,281,300,327,51,51,155,155,169,169,19,30,45,45,45],"floor_reached":41,"playtime":4399,"items_purged":["Strike_G","Strike_G","Strike_G","Strike_G"],"score":417,"play_id":"0f3b465a-7e44-4837-967e-e20e5ea49629","local_time":"20190216191806","is_ascension_mode":false,"campfire_choices":[{"floor":6,"key":"REST"},{"data":"Noxious Fumes","floor":11,"key":"SMITH"},{"floor":15,"key":"REST"},{"data":"Prepared","floor":23,"key":"SMITH"},{"data":"Neutralize","floor":27,"key":"SMITH"},{"floor":32,"key":"REST"},{"floor":40,"key":"DIG"}],"neow_cost":"NONE","seed_source_timestamp":316533508994400,"circlet_count":0,"master_deck":["Defend_G","Defend_G","Defend_G","Defend_G","Defend_G","Survivor","Neutralize+1","Caltrops","Backflip","Dodge and Roll+1","Noxious Fumes+1","Deadly Poison","Outmaneuver","Escape Plan","Heel Hook","Malaise","Sucker Punch","Catalyst+1","Well Laid Plans","Terror","Prepared+1","Backflip","Deflect","Reflex+1","Noxious Fumes","Deadly Poison","After Image","Tools of the Trade","Deflect+1","Deflect+1","Finisher+1"],"relics":["Ring of the Snake","Oddly Smooth Stone","Paper Crane","MawBank","Vajra","Sozu","Shovel","War Paint","Eternal Feather","Anchor"],"potions_floor_usage":[7,13,13,30],"damage_taken":[{"damage":0,"enemies":"Cultist","floor":1,"turns":6},{"damage":0,"enemies":"Jaw Worm","floor":2,"turns":5},{"damage":36,"enemies":"Gremlin Nob","floor":7,"turns":5},{"damage":1,"enemies":"2 Louse","floor":8,"turns":3},{"damage":1,"enemies":"Red Slaver","floor":10,"turns":5},{"damage":0,"enemies":"Exordium Wildlife","floor":13,"turns":4},{"damage":15,"enemies":"Gremlin Gang","floor":14,"turns":4},{"damage":12,"enemies":"The Guardian","floor":16,"turns":10},{"damage":0,"enemies":"3 Byrds","floor":18,"turns":4},{"damage":0,"enemies":"Chosen","floor":19,"turns":6},{"damage":6,"enemies":"Snecko","floor":21,"turns":7},{"damage":22,"enemies":"Cultist and Chosen","floor":22,"turns":6},{"damage":4,"enemies":"Snake Plant","floor":24,"turns":4},{"damage":8,"enemies":"Sentry and Sphere","floor":25,"turns":5},{"damage":0,"enemies":"Centurion and Healer","floor":29,"turns":7},{"damage":25,"enemies":"Slavers","floor":30,"turns":5},{"damage":17,"enemies":"Automaton","floor":33,"turns":9},{"damage":26,"enemies":"3 Darklings","floor":35,"turns":5},{"damage":3,"enemies":"Orb Walker","floor":38,"turns":4},{"damage":30,"enemies":"Sphere and 2 Shapes","floor":39,"turns":5},{"damage":35,"enemies":"Reptomancer","floor":41,"turns":2}],"seed_played":"266956579112614797","potions_obtained":[{"floor":1,"key":"Energy Potion"},{"floor":2,"key":"AttackPotion"},{"floor":10,"key":"LiquidBronze"},{"floor":16,"key":"Weak Potion"}],"is_trial":false,"path_per_floor":["M","M","?","?","$","R","E","M","T","M","R","T","M","M","R","B",null,"M","M","$","M","M","R","M","M","T","R","?","M","E","$","R","B",null,"M","?","$","M","M","R","E"],"character_chosen":"THE_SILENT","items_purchased":["Noxious Fumes","Deadly Poison","Well Laid Plans","Terror","After Image"],"campfire_rested":3,"item_purchase_floors":[5,5,20,20,31],"current_hp_per_floor":[70,70,59,41,41,62,26,25,25,24,24,24,24,9,30,18,70,70,70,70,64,42,42,38,30,30,30,35,35,10,10,31,14,70,44,44,44,41,11,29,0],"gold":45,"neow_bonus":"TRANSFORM_CARD","is_prod":false,"is_daily":false,"chose_seed":false,"campfire_upgraded":3,"win_rate":0.0,"timestamp":1550341086,"path_taken":["M","M","?","?","$","R","E","M","T","M","R","?","M","M","R","BOSS","M","M","$","M","M","R","M","?","T","R","?","?","E","$","R","BOSS","M","?","$","?","M","R","E"],"build_version":"2019-01-23","purchased_purges":4,"victory":false,"max_hp_per_floor":[70,70,70,70,70,70,70,70,70,70,70,70,70,70,70,70,70,70,70,70,70,70,70,70,70,70,70,70,70,70,70,70,70,70,70,70,70,70,70,70,70],"card_choices":[{"not_picked":["Choke","Quick Slash"],"picked":"Backflip","floor":1},{"not_picked":["Catalyst","Sucker Punch"],"picked":"Dodge and Roll","floor":2},{"not_picked":["Unload","Slice"],"picked":"Outmaneuver","floor":7},{"not_picked":["Reflex","Dagger Throw"],"picked":"Acrobatics","floor":8},{"not_picked":["Acrobatics","Dagger Throw"],"picked":"Escape Plan","floor":10},{"not_picked":["Accuracy","Cloak And Dagger"],"picked":"Heel Hook","floor":13},{"not_picked":["Slice","Underhanded Strike","Prepared"],"picked":"SKIP","floor":14},{"not_picked":["Phantasmal Killer","Glass Knife"],"picked":"Malaise","floor":16},{"not_picked":["Prepared","Dodge and Roll"],"picked":"Sucker Punch","floor":18},{"not_picked":["Bouncing Flask+1","Tactician+1"],"picked":"Catalyst+1","floor":19},{"not_picked":["Outmaneuver","Flying Knee"],"picked":"Prepared","floor":21},{"not_picked":["All Out Attack","Poisoned Stab"],"picked":"Backflip","floor":22},{"not_picked":["Eviscerate","Dagger Spray"],"picked":"Deflect","floor":24},{"not_picked":["Dagger Spray","Quick Slash+1"],"picked":"Reflex","floor":25},{"not_picked":["Quick Slash+1","Dash"],"picked":"Noxious Fumes","floor":29},{"not_picked":["Finisher","All Out Attack"],"picked":"Deadly Poison","floor":30},{"not_picked":["Burst","A Thousand Cuts"],"picked":"Tools of the Trade","floor":33},{"not_picked":["Flechettes+1","Dagger Throw"],"picked":"Deflect+1","floor":35},{"not_picked":["Prepared","Quick Slash+1","Sucker Punch"],"picked":"SKIP","floor":38},{"not_picked":["Choke","PiercingWail"],"picked":"Finisher+1","floor":39}],"player_experience":127229,"relics_obtained":[{"floor":7,"key":"Paper Crane"},{"floor":9,"key":"MawBank"},{"floor":12,"key":"Vajra"},{"floor":26,"key":"Shovel"},{"floor":30,"key":"War Paint"},{"floor":40,"key":"Anchor"}],"event_choices":[{"damage_healed":0,"gold_gain":75,"player_choice":"Gather Gold","damage_taken":11,"max_hp_gain":0,"max_hp_loss":0,"event_name":"World of Goop","floor":3,"gold_loss":0},{"damage_healed":0,"gold_gain":0,"player_choice":"Success","damage_taken":18,"relics_obtained":["Oddly Smooth Stone"],"max_hp_gain":0,"max_hp_loss":0,"event_name":"Scrap Ooze","floor":4,"gold_loss":0},{"cards_removed":["Acrobatics"],"damage_healed":5,"gold_gain":0,"player_choice":"Offered Common","damage_taken":0,"max_hp_gain":0,"max_hp_loss":0,"event_name":"Bonfire Elementals","floor":28,"gold_loss":0},{"cards_removed":["Acrobatics"],"damage_healed":5,"gold_gain":0,"player_choice":"Offered Special","damage_taken":0,"max_hp_gain":0,"max_hp_loss":0,"event_name":"Bonfire Elementals","floor":28,"gold_loss":0},{"damage_healed":0,"gold_gain":0,"player_choice":"Copied","damage_taken":0,"max_hp_gain":0,"max_hp_loss":0,"event_name":"Duplicator","floor":36,"gold_loss":0,"cards_obtained":["Deflect"]}],"is_beta":false,"boss_relics":[{"not_picked":["Fusion Hammer","Lizard Tail"],"picked":"Sozu"},{"not_picked":["HoveringKite","Tiny House"],"picked":"Eternal Feather"}],"items_purged_floors":[5,20,31,37],"is_endless":false,"potions_floor_spawned":[1,2,10,16,19,21,29,30,33],"killed_by":"Reptomancer","ascension_level":0}