{"gold_per_floor":[110,0,18,37,56,56,89,118,130,142,173,185,215,227,239,353,365,397,428,214,232,250,250,262,262,286,286,211,228,228,245,245,346,346,356,179,198,217,217],"floor_reached":39,"playtime":2240,"items_purged":["Decay","Combust","Injury"],"score":460,"play_id":"d114f247-939f-48b8-a688-725273a75b4d","local_time":"20190221201456","is_ascension_mode":true,"campfire_choices":[{"data":"Havoc","floor":6.0,"key":"SMITH"},{"floor":10.0,"key":"REST"},{"data":"Armaments","floor":12.0,"key":"SMITH"},{"data":"Double Tap","floor":15.0,"key":"SMITH"},{"data":"Heavy Blade","floor":23.0,"key":"SMITH"},{"data":"Demon Form","floor":25.0,"key":"SMITH"},{"floor":32.0,"key":"REST"}],"neow_cost":"CURSE","seed_source_timestamp":0,"circlet_count":0,"master_deck":["Strike_R","Strike_R","Strike_R","Strike_R","Defend_R","Defend_R","Defend_R","Defend_R","Bash","Perfected Strike","Havoc+1","Sword Boomerang","Armaments+1","Double Tap+1","Heavy Blade+1","Carnage","Demon Form+1","Metallicize","Metallicize","Enlightenment","True Grit","Warcry+1","Rupture+1","Body Slam+1","Limit Break","Cleave+1","Pommel Strike","True Grit+1"],"special_seed":0,"relics":["Burning Blood","MawBank","Shuriken","Cursed Key","Juzu Bracelet","Pantograph","Black Star"],"potions_floor_usage":[38],"damage_taken":[{"damage":8.0,"enemies":"Jaw Worm","floor":1.0,"turns":3.0},{"damage":8.0,"enemies":"Cultist","floor":3.0,"turns":5.0},{"damage":8.0,"enemies":"2 Louse","floor":4.0,"turns":3.0},{"damage":27.0,"enemies":"Exordium Thugs","floor":5.0,"turns":5.0},{"damage":40.0,"enemies":"Lagavulin","floor":7.0,"turns":6.0},{"damage":5.0,"enemies":"Looter","floor":8.0,"turns":3.0},{"damage":4.0,"enemies":"Blue Slaver","floor":11.0,"turns":3.0},{"damage":17.0,"enemies":"Exordium Wildlife","floor":13.0,"turns":5.0},{"damage":49.0,"enemies":"Hexaghost","floor":16.0,"turns":11.0},{"damage":19.0,"enemies":"Shell Parasite","floor":18.0,"turns":4.0},{"damage":0.0,"enemies":"Chosen","floor":19.0,"turns":3.0},{"damage":25.0,"enemies":"Sentry and Sphere","floor":21.0,"turns":5.0},{"damage":8.0,"enemies":"3 Cultists","floor":22.0,"turns":5.0},{"damage":17.0,"enemies":"Chosen and Byrds","floor":24.0,"turns":6.0},{"damage":19.0,"enemies":"Snake Plant","floor":29.0,"turns":5.0},{"damage":28.0,"enemies":"3 Cultists","floor":31.0,"turns":7.0},{"damage":43.0,"enemies":"Automaton","floor":33.0,"turns":8.0},{"damage":22,"enemies":"3 Shapes","floor":35,"turns":5},{"damage":11,"enemies":"Orb Walker","floor":37,"turns":4},{"damage":57,"enemies":"Transient","floor":38,"turns":5},{"damage":30,"enemies":"Spire Growth","floor":39,"turns":3}],"seed_played":"-5350541649277145894","potions_obtained":[{"floor":1.0,"key":"SteroidPotion"},{"floor":4.0,"key":"Strength Potion"},{"floor":8.0,"key":"SpeedPotion"},{"floor":13.0,"key":"Poison Potion"},{"floor":22.0,"key":"FearPotion"},{"floor":27.0,"key":"Dexterity Potion"},{"floor":27.0,"key":"SpeedPotion"},{"floor":31.0,"key":"EssenceOfSteel"},{"floor":35,"key":"PowerPotion"},{"floor":38,"key":"Weak Potion"}],"is_trial":false,"path_per_floor":["M","$","M","M","M","R","E","M","T","R","M","R","M","?","R","B",null,"M","M","$","M","M","R","M","R","T","?","?","M","T","M","R","B",null,"M","$","M","M","M"],"character_chosen":"IRONCLAD","items_purchased":["Combust","Metallicize","Enlightenment","Pommel Strike"],"campfire_rested":2,"item_purchase_floors":[2,20,20,36],"current_hp_per_floor":[94,94,92,90,69,69,35,36,36,64,66,66,55,55,55,12,96,83,89,89,70,68,68,57,57,57,57,57,44,44,22,50,38,96,80,80,75,24,0],"gold":217,"neow_bonus":"TWENTY_PERCENT_HP_BONUS","is_prod":false,"is_daily":false,"chose_seed":false,"campfire_upgraded":5,"win_rate":0,"timestamp":1550776496,"path_taken":["M","$","M","M","M","R","E","M","T","R","M","R","M","?","R","BOSS","M","M","$","M","M","R","?","R","T","?","?","M","?","M","R","BOSS","M","$","M","M","M"],"build_version":"2019-01-23","purchased_purges":3,"victory":false,"max_hp_per_floor":[96,96,96,96,96,96,96,96,96,96,96,96,96,96,96,96,96,96,96,96,96,96,96,96,96,96,96,96,96,96,96,96,96,96,96,96,96,96,96],"card_choices":[{"not_picked":["Searing Blow","Flex","Sever Soul"],"picked":"SKIP","floor":1.0},{"not_picked":["Sentinel","Feel No Pain"],"picked":"Perfected Strike","floor":3.0},{"not_picked":["Headbutt","Fire Breathing","Rupture"],"picked":"SKIP","floor":4.0},{"not_picked":["Body Slam","Wild Strike"],"picked":"Havoc","floor":5.0},{"not_picked":["Flame Barrier","Perfected Strike"],"picked":"Sword Boomerang","floor":7.0},{"not_picked":["Anger","Evolve"],"picked":"Armaments","floor":8.0},{"not_picked":["Sword Boomerang","Anger"],"picked":"Double Tap","floor":11.0},{"not_picked":["Twin Strike","Wild Strike"],"picked":"Heavy Blade","floor":13.0},{"not_picked":["Impervious","Exhume"],"picked":"Demon Form","floor":16.0},{"not_picked":["Sword Boomerang","Sentinel"],"picked":"Metallicize","floor":18.0},{"not_picked":["Anger","Havoc","Heavy Blade"],"picked":"SKIP","floor":19.0},{"not_picked":["Twin Strike","Warcry"],"picked":"True Grit","floor":21.0},{"not_picked":["True Grit","Combust"],"picked":"Warcry+1","floor":22.0},{"not_picked":["Hemokinesis+1","Thunderclap"],"picked":"Rupture+1","floor":24.0},{"not_picked":["Flex","Iron Wave"],"picked":"Body Slam+1","floor":29.0},{"not_picked":["Flex+1","Pommel Strike","Armaments+1"],"picked":"SKIP","floor":31.0},{"not_picked":["Impervious","Feed"],"picked":"Limit Break","floor":33.0},{"not_picked":["Ghostly Armor+1","Searing Blow"],"picked":"Cleave+1","floor":35},{"not_picked":["Whirlwind+1","Clothesline"],"picked":"True Grit+1","floor":37},{"not_picked":["Body Slam","Wild Strike","Heavy Blade"],"picked":"SKIP","floor":38}],"player_experience":194004,"relics_obtained":[{"floor":7.0,"key":"MawBank"},{"floor":9.0,"key":"Shuriken"},{"floor":26.0,"key":"Juzu Bracelet"},{"floor":30.0,"key":"Pantograph"}],"event_choices":[{"damage_healed":0.0,"max_hp_gain":0.0,"max_hp_loss":0.0,"gold_gain":0.0,"cards_transformed":["Strike_R"],"event_name":"Transmorgrifier","player_choice":"Transformed","floor":14.0,"gold_loss":0.0,"damage_taken":0.0,"cards_obtained":["Carnage"]},{"damage_healed":0.0,"max_hp_gain":0.0,"max_hp_loss":0.0,"gold_gain":0.0,"event_name":"Lab","player_choice":"Got Potions","floor":27.0,"gold_loss":0.0,"damage_taken":0.0},{"cards_removed":["Normality"],"damage_healed":0.0,"max_hp_gain":0.0,"max_hp_loss":0.0,"gold_gain":0.0,"event_name":"Beggar","player_choice":"Gave Gold","floor":28.0,"gold_loss":75.0,"damage_taken":0.0}],"is_beta":false,"boss_relics":[{"not_picked":["Busted Crown","Mark of Pain"],"picked":"Cursed Key"},{"not_picked":["Tiny House","Snecko Eye"],"picked":"Black Star"}],"items_purged_floors":[2,20,36],"is_endless":false,"potions_floor_spawned":[1,4,8,13,22,29,31,35,38],"killed_by":"Spire Growth","ascension_level":1}