{"gold_per_floor":[114,127,127,141,152,152,167,167,167,167,182,107,139,168,168,272,272,289,289,289,308,328,328],"floor_reached":23,"playtime":748,"items_purged":["Strike_R"],"score":193,"play_id":"e540e8e9-e47b-423a-90b2-6f0835f205cb","local_time":"20190313224102","is_ascension_mode":false,"campfire_choices":[{"data":"Bash","floor":6,"key":"SMITH"},{"data":"Armaments","floor":8,"key":"SMITH"},{"data":"Pommel Strike","floor":10,"key":"SMITH"},{"data":"Disarm","floor":15,"key":"SMITH"}],"neow_cost":"NONE","seed_source_timestamp":1583836433582946,"circlet_count":0,"master_deck":["Strike_R+1","Strike_R","Strike_R","Strike_R","Defend_R","Defend_R","Defend_R+1","Defend_R","Bash+1","Shrug It Off","Pommel Strike+1","Twin Strike","Armaments+1","Disarm+1","Ghostly Armor","Iron Wave","Bludgeon","Warcry+1","Flex","Seeing Red"],"relics":["Burning Blood","Ginger","Odd Mushroom","Runic Dome","Kunai"],"potions_floor_usage":[13],"damage_taken":[{"damage":6,"enemies":"2 Louse","floor":1,"turns":3},{"damage":6,"enemies":"Jaw Worm","floor":2,"turns":3},{"damage":0,"enemies":"Cultist","floor":4,"turns":3},{"damage":2,"enemies":"2 Fungi Beasts","floor":5,"turns":5},{"damage":5,"enemies":"3 Louse","floor":7,"turns":3},{"damage":10,"enemies":"Looter","floor":11,"turns":2},{"damage":21,"enemies":"Lagavulin","floor":13,"turns":5},{"damage":7,"enemies":"The Mushroom Lair","floor":14,"turns":6},{"damage":33,"enemies":"Hexaghost","floor":16,"turns":13},{"damage":2,"enemies":"Chosen","floor":18,"turns":4},{"damage":7,"enemies":"Spheric Guardian","floor":21,"turns":5},{"damage":7,"enemies":"Snake Plant","floor":22,"turns":4},{"damage":0,"enemies":"Slavers","floor":23,"turns":1}],"seed_played":"6263543087840769258","potions_obtained":[{"floor":4,"key":"Strength Potion"},{"floor":11,"key":"FearPotion"},{"floor":13,"key":"GamblersBrew"},{"floor":22,"key":"GamblersBrew"}],"is_trial":false,"path_per_floor":["M","M","?","M","M","R","M","R","T","R","M","$","E","?","R","B",null,"M","?","T","M","M","E"],"character_chosen":"IRONCLAD","items_purchased":[],"campfire_rested":0,"item_purchase_floors":[],"current_hp_per_floor":[88,88,70,76,80,80,81,81,81,81,77,77,62,61,61,34,88,88,71,71,70,69,69],"gold":328,"neow_bonus":"TEN_PERCENT_HP_BONUS","is_prod":false,"is_daily":false,"chose_seed":false,"campfire_upgraded":4,"win_rate":0,"timestamp":1552488062,"path_taken":["M","M","?","M","M","R","M","R","T","R","M","$","E","?","R","BOSS","M","?","?","M","?","E"],"build_version":"2019-01-23","purchased_purges":1,"victory":false,"max_hp_per_floor":[88,88,88,88,88,88,88,88,88,88,88,88,88,88,88,88,88,88,93,93,93,93,93],"card_choices":[{"not_picked":["Warcry","Clash","Shockwave"],"picked":"SKIP","floor":1},{"not_picked":["Dual Wield","Iron Wave"],"picked":"Shrug It Off","floor":2},{"not_picked":["Body Slam","Cleave"],"picked":"Pommel Strike","floor":4},{"not_picked":["Pummel","Rampage"],"picked":"Twin Strike","floor":5},{"not_picked":["Shrug It Off","Carnage"],"picked":"Armaments","floor":7},{"not_picked":["Dropkick","Perfected Strike"],"picked":"Disarm","floor":11},{"not_picked":["Clothesline","Immolate"],"picked":"Ghostly Armor","floor":13},{"not_picked":["Searing Blow","Clothesline"],"picked":"Iron Wave","floor":14},{"not_picked":["Exhume","Impervious"],"picked":"Bludgeon","floor":16},{"not_picked":["Clash","Anger"],"picked":"Warcry+1","floor":18},{"not_picked":["Uppercut","Havoc"],"picked":"Flex","floor":21},{"not_picked":["Body Slam","Twin Strike"],"picked":"Seeing Red","floor":22}],"player_experience":830104,"relics_obtained":[{"floor":13,"key":"Ginger"},{"floor":14,"key":"Odd Mushroom"},{"floor":20,"key":"Kunai"}],"event_choices":[{"damage_healed":0,"gold_gain":0,"player_choice":"Entered Light","damage_taken":18,"max_hp_gain":0,"max_hp_loss":0,"event_name":"Shining Light","floor":3,"gold_loss":0,"cards_upgraded":["Defend_R","Strike_R"]},{"damage_healed":0,"gold_gain":0,"player_choice":"Fought Mushrooms","damage_taken":0,"max_hp_gain":0,"max_hp_loss":0,"event_name":"Mushrooms","floor":14,"gold_loss":0},{"damage_healed":0,"gold_gain":0,"player_choice":"Shed Blood","damage_taken":22,"max_hp_gain":5,"max_hp_loss":0,"event_name":"Forgotten Altar","floor":19,"gold_loss":0}],"is_beta":false,"boss_relics":[{"not_picked":["Orrery","Fusion Hammer"],"picked":"Runic Dome"}],"items_purged_floors":[12],"is_endless":false,"potions_floor_spawned":[4,11,13,22],"killed_by":"Slavers","ascension_level":0}