{"path_per_floor":["M","?","$","M","M","R","?","R","T","R","E","M","?","$","R","B",null,"M","?","?","$","?","R","M","R","T","$","R","M","R","M","R","B",null,"M","?","M","$","M","R","M","?","T","M","M","R","M","M","R"],"character_chosen":"IRONCLAD","items_purchased":["Pommel Strike","Pummel","Thunderclap","Heavy Blade"],"gold_per_floor":[117,117,68,79,89,89,89,89,161,161,195,210,273,198,198,302,302,316,316,216,18,18,18,32,32,32,32,32,47,47,65,65,166,196,216,216,230,51,69,69,79,79,79,98,115,115,130,150,150,150],"floor_reached":50,"campfire_rested":2,"playtime":1990,"current_hp_per_floor":[80,64,64,64,70,70,75,75,75,75,64,54,35,35,60,57,85,79,79,79,79,79,79,83,83,83,83,83,85,85,76,76,70,90,85,85,79,79,83,83,90,90,90,90,80,80,67,72,90,0],"items_purged":["Strike_R","Strike_R","Strike_R"],"gold":150,"score":442,"play_id":"12b34548-f3d1-4157-b75c-d0040ccba026","local_time":"20180326011633","is_prod":false,"is_daily":false,"is_ascension_mode":false,"campfire_upgraded":10,"timestamp":1521998193,"path_taken":["M","?","$","M","M","R","?","R","T","R","E","M","?","$","R","BOSS","M","?","?","$","?","R","M","R","T","$","R","M","R","M","R","BOSS","M","?","M","$","M","R","M","?","T","M","M","R","?","M","R","BOSS"],"build_version":"2018-03-22v2","purchased_purges":3,"victory":false,"master_deck":["Strike_R","Defend_R","Defend_R","Defend_R+1","Bash+1","Cleave","Demon Form+1","Pommel Strike+1","Spot Weakness+1","Rampage+1","Twin Strike","Shrug It Off+1","Ghostly Armor+1","Reaper","Ghostly Armor+1","J.A.X.+1","Pummel+1","Thunderclap","Whirlwind+1","Impervious","Sword Boomerang+1","Heavy Blade+1","Dual Wield+1","Twin Strike"],"max_hp_per_floor":[80,80,80,80,80,80,85,85,85,85,85,85,85,85,85,85,85,85,85,85,85,85,85,85,85,85,85,85,85,85,85,85,85,90,90,90,90,90,90,90,90,90,90,90,90,90,90,90,90,90],"relics":["Burning Blood","Self Forming Clay","Calipers","Mummified Hand","Sozu","Red Skull","Tiny House","Girya"],"card_choices":[{"not_picked":["Sword Boomerang","Flex"],"picked":"Cleave","floor":0},{"not_picked":["Flex","Havoc"],"picked":"Demon Form","floor":1},{"not_picked":["Wild Strike","Hemokinesis"],"picked":"Spot Weakness","floor":4},{"not_picked":["Carnage","Fire Breathing"],"picked":"Rampage","floor":5},{"not_picked":["Sever Soul","Pommel Strike"],"picked":"Twin Strike","floor":11},{"not_picked":["Ghostly Armor","Spot Weakness"],"picked":"Shrug It Off","floor":12},{"not_picked":["Anger","Inflame"],"picked":"Ghostly Armor","floor":13},{"not_picked":["Immolate","Impervious"],"picked":"Reaper","floor":16},{"not_picked":["Flex","Warcry"],"picked":"Ghostly Armor","floor":18},{"not_picked":["Intimidate","Rampage"],"picked":"Whirlwind","floor":24},{"not_picked":["Bludgeon","Dark Embrace"],"picked":"Impervious","floor":33},{"not_picked":["Cleave","True Grit"],"picked":"Sword Boomerang","floor":35},{"not_picked":["Twin Strike","Seeing Red"],"picked":"Dual Wield","floor":44},{"not_picked":["Carnage","Clash"],"picked":"Twin Strike","floor":48}],"player_experience":378903,"potions_floor_usage":[16,48,50],"damage_taken":[{"damage":2,"enemies":"Small Slimes","floor":1,"turns":3},{"damage":6,"enemies":"Jaw Worm","floor":4,"turns":3},{"damage":0,"enemies":"Cultist","floor":5,"turns":3},{"damage":17,"enemies":"Gremlin Nob","floor":11,"turns":4},{"damage":16,"enemies":"Large Slime","floor":12,"turns":6},{"damage":25,"enemies":"Gremlin Nob","floor":13,"turns":5},{"damage":9,"enemies":"Slime Boss","floor":16,"turns":8},{"damage":19,"enemies":"2 Thieves","floor":18,"turns":4},{"damage":2,"enemies":"Shell Parasite","floor":24,"turns":3},{"damage":3,"enemies":"Snecko","floor":29,"turns":3},{"damage":15,"enemies":"Sentry and Sphere","floor":31,"turns":5},{"damage":33,"enemies":"Automaton","floor":33,"turns":7},{"damage":11,"enemies":"3 Darklings","floor":35,"turns":4},{"damage":21,"enemies":"3 Shapes","floor":37,"turns":5},{"damage":2,"enemies":"Maw","floor":39,"turns":5},{"damage":6,"enemies":"4 Shapes","floor":41,"turns":8},{"damage":18,"enemies":"3 Darklings","floor":44,"turns":3},{"damage":19,"enemies":"Maw","floor":45,"turns":6},{"damage":27,"enemies":"Sphere and 2 Shapes","floor":47,"turns":6},{"damage":20,"enemies":"4 Shapes","floor":48,"turns":6},{"damage":102,"enemies":"Donu and Deca","floor":50,"turns":7}],"event_choices":[{"event_name":"Shining Light","player_choice":"Entered Light","floor":2,"damage_taken":0},{"event_name":"Big Fish","player_choice":"Donut","floor":7,"damage_taken":0},{"event_name":"Dead Adventurer","player_choice":"Searched \u00272\u0027 times","floor":13,"damage_taken":0},{"event_name":"Vampires","player_choice":"Ignored","floor":19,"damage_taken":0},{"event_name":"Drug Dealer","player_choice":"Got JAXXED","floor":20,"damage_taken":0},{"event_name":"Back to Basics","player_choice":"Elegance","floor":22,"damage_taken":0},{"event_name":"Mysterious Sphere","player_choice":"Ignore","floor":36,"damage_taken":0}],"boss_relics":[{"not_picked":["Runic Cube","Orrery"],"picked":"Sozu"},{"not_picked":["Calling Bell","Black Star"],"picked":"Tiny House"}],"potions_floor_spawned":[4,13,16,24,33,35,37,39,41],"seed_played":"9143590810981032874","killed_by":"Donu and Deca","ascension_level":0,"is_trial":false}