{"gold_per_floor":[216,226,241,84,95,125,125,135,159,159,171,171,204,279,279,376,376,386,386,404,86,106,106,137,137,137,170,70,83,115,115,115,115],"floor_reached":33,"playtime":1481,"items_purged":["Strike_B","Strike_B"],"score":340,"play_id":"d6d58f30-f04f-4bc0-be31-6ba97081d098","local_time":"20190317194918","is_ascension_mode":false,"campfire_choices":[{"data":"Zap","floor":7,"key":"SMITH"},{"data":"Dualcast","floor":10,"key":"SMITH"},{"data":"Conserve Battery","floor":12,"key":"SMITH"},{"data":"Recycle","floor":15,"key":"SMITH"},{"data":"Creative AI","floor":23,"key":"SMITH"},{"data":"Machine Learning","floor":25,"key":"SMITH"},{"data":"Hologram","floor":32,"key":"SMITH"}],"neow_cost":"NONE","seed_source_timestamp":1918376030745455,"circlet_count":0,"master_deck":["Strike_B+1","Defend_B","Defend_B","Defend_B","Zap+1","Dualcast+1","Conserve Battery+1","Doom and Gloom+1","Melter","Auto Shields","Recycle+1","Self Repair","Coolheaded","Creative AI+1","Machine Learning+1","Go for the Eyes+1","Conserve Battery","Leap","Barrage+1","Go for the Eyes+1","Hologram+1","Reprogram","Heatsinks"],"relics":["Cracked Core","PreservedInsect","Letter Opener","Omamori","Sozu","Mummified Hand","Whetstone","Molten Egg 2","Strawberry"],"potions_floor_usage":[16,33,33],"damage_taken":[{"damage":0,"enemies":"Small Slimes","floor":1,"turns":2},{"damage":0,"enemies":"2 Louse","floor":2,"turns":2},{"damage":6,"enemies":"Jaw Worm","floor":3,"turns":4},{"damage":8,"enemies":"2 Fungi Beasts","floor":5,"turns":3},{"damage":0,"enemies":"Gremlin Nob","floor":6,"turns":3},{"damage":5,"enemies":"Looter","floor":8,"turns":3},{"damage":0,"enemies":"3 Louse","floor":11,"turns":3},{"damage":13,"enemies":"3 Sentries","floor":13,"turns":4},{"damage":21,"enemies":"Slime Boss","floor":16,"turns":8},{"damage":37,"enemies":"3 Byrds","floor":18,"turns":5},{"damage":11,"enemies":"2 Thieves","floor":20,"turns":4},{"damage":31,"enemies":"3 Cultists","floor":22,"turns":5},{"damage":16,"enemies":"Slavers","floor":24,"turns":5},{"damage":15,"enemies":"Book of Stabbing","floor":27,"turns":5},{"damage":4,"enemies":"Snake Plant","floor":29,"turns":5},{"damage":16,"enemies":"Slavers","floor":30,"turns":4},{"damage":44,"enemies":"Automaton","floor":33,"turns":6}],"seed_played":"5139537002172373987","potions_obtained":[{"floor":3,"key":"Ancient Potion"},{"floor":5,"key":"FearPotion"},{"floor":6,"key":"Block Potion"},{"floor":16,"key":"SneckoOil"}],"is_trial":false,"path_per_floor":["M","M","M","$","M","E","R","M","T","R","M","R","E","?","R","B",null,"M","?","M","$","M","R","E","R","T","E","$","M","E","?","R","B"],"character_chosen":"DEFECT","items_purchased":["PreservedInsect","Mummified Hand"],"campfire_rested":0,"item_purchase_floors":[4,21],"current_hp_per_floor":[75,75,69,69,61,61,61,56,56,56,63,63,57,46,46,25,75,45,70,66,66,42,42,33,33,33,32,32,35,26,26,26,0],"gold":115,"neow_bonus":"HUNDRED_GOLD","is_prod":false,"is_daily":false,"chose_seed":false,"campfire_upgraded":7,"win_rate":0,"timestamp":1552823358,"path_taken":["M","M","M","$","M","E","R","M","T","R","M","R","E","?","R","BOSS","M","?","M","$","M","R","E","R","T","E","$","M","E","?","R","BOSS"],"build_version":"2019-01-23","purchased_purges":2,"victory":false,"max_hp_per_floor":[75,75,75,75,75,75,75,75,75,75,75,75,75,75,75,75,75,75,75,75,75,75,75,75,75,75,82,82,82,82,82,82,82],"card_choices":[{"not_picked":["Coolheaded","Redo"],"picked":"Conserve Battery","floor":1},{"not_picked":["Barrage","Steam Power"],"picked":"Doom and Gloom","floor":2},{"not_picked":["Heatsinks","Steam"],"picked":"Melter","floor":3},{"not_picked":["Beam Cell","Rebound"],"picked":"Auto Shields","floor":5},{"not_picked":["Lockon","Gash"],"picked":"Recycle","floor":6},{"not_picked":["Go for the Eyes","Coolheaded"],"picked":"Self Repair","floor":8},{"not_picked":["Double Energy","Barrage"],"picked":"Coolheaded","floor":11},{"not_picked":["Gash","Defragment"],"picked":"Creative AI","floor":13},{"not_picked":["All For One","Reboot"],"picked":"Machine Learning","floor":16},{"not_picked":["Consume+1","Leap"],"picked":"Go for the Eyes+1","floor":18},{"not_picked":["BootSequence","Go for the Eyes"],"picked":"Conserve Battery","floor":20},{"not_picked":["Rebound","Undo+1"],"picked":"Leap","floor":22},{"not_picked":["Stack","Beam Cell","Undo"],"picked":"SKIP","floor":24},{"not_picked":["Double Energy","Rebound+1"],"picked":"Barrage+1","floor":27},{"not_picked":["Redo","Double Energy"],"picked":"Go for the Eyes+1","floor":29},{"not_picked":["Coolheaded","Barrage+1"],"picked":"Hologram","floor":30}],"player_experience":855605,"relics_obtained":[{"floor":6,"key":"Letter Opener"},{"floor":13,"key":"Omamori"},{"floor":24,"key":"Whetstone"},{"floor":26,"key":"Molten Egg 2"},{"floor":27,"key":"Strawberry"}],"event_choices":[{"damage_healed":0,"gold_gain":75,"player_choice":"Gather Gold","damage_taken":11,"max_hp_gain":0,"max_hp_loss":0,"event_name":"World of Goop","floor":14,"gold_loss":0},{"damage_healed":25,"gold_gain":0,"player_choice":"Heal","damage_taken":0,"max_hp_gain":0,"max_hp_loss":0,"event_name":"The Library","floor":19,"gold_loss":0},{"damage_healed":0,"gold_gain":0,"cards_transformed":["Strike_B","Defend_B"],"player_choice":"Became Test Subject","damage_taken":0,"max_hp_gain":0,"max_hp_loss":0,"event_name":"Drug Dealer","floor":31,"gold_loss":0,"cards_obtained":["Reprogram","Heatsinks"]}],"is_beta":false,"boss_relics":[{"not_picked":["Runic Dome","Pandora\u0027s Box"],"picked":"Sozu"}],"items_purged_floors":[21,28],"is_endless":false,"potions_floor_spawned":[3,5,6,16,20,27],"killed_by":"Automaton","ascension_level":0}