{"path_per_floor":["M","M","?","M","?","R","$","R","T","?","R","E","R","M","R","B",null,"M","$","?","M","?","M","?","M","T","M","M","M","?","M","R"],"character_chosen":"IRONCLAD","items_purchased":["Whirlwind","War Paint","Pommel Strike"],"gold_per_floor":[119,139,89,109,184,184,28,28,28,28,28,57,57,70,70,167,167,177,16,16,26,26,36,36,56,56,70,84,100,100,113,113],"floor_reached":33,"campfire_rested":2,"playtime":1293,"current_hp_per_floor":[80,80,80,77,66,66,66,66,66,71,71,49,74,75,75,61,85,85,85,85,85,85,62,62,32,32,33,33,23,23,26,51],"items_purged":["Strike_R"],"gold":113,"score":249,"play_id":"7ace58c6-58bd-447d-8a8a-c356a90e2b83","local_time":"20180317234110","is_prod":false,"is_daily":false,"is_ascension_mode":false,"campfire_upgraded":4,"timestamp":1521301270,"path_taken":["M","M","?","M","?","R","$","R","T","?","R","E","R","M","R","BOSS","M","$","?","M","?","M","?","M","T","?","M","?","?","M","R","BOSS"],"build_version":"2018-03-15v2","purchased_purges":1,"victory":false,"master_deck":["Strike_R","Strike_R","Strike_R","Defend_R+1","Defend_R+1","Defend_R","Defend_R","Bash+1","Impervious","Headbutt","Demon Form+1","Whirlwind+1","Inflame","Intimidate+1","Reaper","Shrug It Off","Pommel Strike","Heavy Blade+1","Shrug It Off","Bloodletting","Rampage+1","Heavy Blade","Seeing Red","Twin Strike+1","Armaments"],"max_hp_per_floor":[80,80,80,80,80,80,80,80,80,85,85,85,85,85,85,85,85,85,85,85,85,85,85,85,85,85,85,85,85,85,85,85],"relics":["Burning Blood","Prayer Wheel","The Courier","Mark of Pain","War Paint","Gremlin Horn"],"card_choices":[{"not_picked":["Intimidate","Rampage"],"picked":"Headbutt"},{"not_picked":["Ghostly Armor","Headbutt"],"picked":"Demon Form"},{"not_picked":["Body Slam","Havoc"],"picked":"Inflame"},{"not_picked":["Inflame","Havoc"],"picked":"Intimidate"},{"not_picked":["Barricade","Bludgeon"],"picked":"Reaper"},{"not_picked":["Headbutt","Inflame"],"picked":"Shrug It Off"},{"not_picked":["Havoc","Flame Barrier"],"picked":"Heavy Blade"},{"not_picked":["Pommel Strike","Anger"],"picked":"Shrug It Off"},{"not_picked":["Cleave","Carnage"],"picked":"Rampage"},{"not_picked":["Shrug It Off","Clothesline"],"picked":"Heavy Blade"},{"not_picked":["Twin Strike","Iron Wave"],"picked":"Seeing Red"},{"not_picked":["Pommel Strike","Dark Embrace"],"picked":"Twin Strike"},{"not_picked":["Pommel Strike","Clothesline"],"picked":"Armaments"}],"player_experience":335701,"potions_floor_usage":[18,27,31,33,33],"damage_taken":[{"damage":4,"enemies":"Small Slimes","floor":1,"turns":4},{"damage":6,"enemies":"Jaw Worm","floor":2,"turns":4},{"damage":9,"enemies":"2 Louse","floor":4,"turns":4},{"damage":28,"enemies":"Gremlin Nob","floor":12,"turns":4},{"damage":5,"enemies":"Looter","floor":14,"turns":3},{"damage":20,"enemies":"The Guardian","floor":16,"turns":10},{"damage":17,"enemies":"2 Thieves","floor":18,"turns":4},{"damage":5,"enemies":"Chosen","floor":21,"turns":4},{"damage":29,"enemies":"Snake Plant","floor":23,"turns":3},{"damage":36,"enemies":"Sentry and Sphere","floor":25,"turns":8},{"damage":21,"enemies":"Cultist and Chosen","floor":27,"turns":5},{"damage":19,"enemies":"Centurion and Healer","floor":28,"turns":5},{"damage":16,"enemies":"Snecko","floor":29,"turns":5},{"damage":3,"enemies":"Snake Plant","floor":31,"turns":4},{"damage":80,"enemies":"Automaton","floor":33,"turns":6}],"event_choices":[{"event_name":"The Cleric","player_choice":"Card Removal","floor":3,"damage_taken":0},{"event_name":"World of Goop","player_choice":"Gather Gold","floor":5,"damage_taken":0},{"event_name":"Big Fish","player_choice":"Donut","floor":10,"damage_taken":0},{"event_name":"The Lab","player_choice":"Got Potions","floor":20,"damage_taken":0},{"event_name":"Drug Dealer","player_choice":"Ignored","floor":22,"damage_taken":0},{"event_name":"The Library","player_choice":"Read","floor":24,"damage_taken":0},{"event_name":"Accursed Blacksmith","player_choice":"Forge","floor":30,"damage_taken":0}],"boss_relics":[{"not_picked":["Eternal Feather","Snecko Eye"],"picked":"Mark of Pain"}],"potions_floor_spawned":[1,12,16,18,23,28],"seed_played":"2616629934066361089","killed_by":"Automaton","ascension_level":0,"is_trial":false}