{"gold_per_floor":[111,122,139,154,167,167,201,201,253,272,272,292,66,77,77,177,177,197,207,132,132,142,142,142,142,142,157,169,18,18],"floor_reached":30,"playtime":1658,"items_purged":["Strike_G","Strike_G"],"score":236,"play_id":"56131dfe-fc7f-43e0-a052-f59857b770f0","local_time":"20190311233936","is_ascension_mode":false,"campfire_choices":[{"data":"Cloak And Dagger","floor":6,"key":"SMITH"},{"data":"Accuracy","floor":8,"key":"SMITH"},{"data":"Cloak And Dagger","floor":11,"key":"SMITH"},{"data":"Dodge and Roll","floor":15,"key":"SMITH"},{"data":"Storm of Steel","floor":23,"key":"SMITH"},{"data":"Blade Dance","floor":25,"key":"SMITH"}],"neow_cost":"NONE","seed_source_timestamp":1413653166434187,"circlet_count":0,"master_deck":["Defend_G","Defend_G","Defend_G","Defend_G","Defend_G","Strike_G","Strike_G","Survivor","Neutralize+1","Backflip","Cloak And Dagger+1","Infinite Blades","Accuracy+1","Dodge and Roll+1","Cloak And Dagger+1","PiercingWail","Backflip","Storm of Steel+1","Acrobatics+1","Blade Dance+1","All Out Attack+1","Finisher+1","Flying Knee+1"],"relics":["Ring of the Snake","Boot","Orichalcum","Regal Pillow","WristBlade","CultistMask"],"potions_floor_usage":[12,16,28],"damage_taken":[{"damage":0,"enemies":"Small Slimes","floor":1,"turns":3},{"damage":2,"enemies":"2 Louse","floor":2,"turns":4},{"damage":0,"enemies":"Cultist","floor":3,"turns":4},{"damage":0,"enemies":"Red Slaver","floor":4,"turns":5},{"damage":2,"enemies":"Looter","floor":5,"turns":4},{"damage":25,"enemies":"3 Sentries","floor":7,"turns":9},{"damage":4,"enemies":"3 Louse","floor":10,"turns":4},{"damage":2,"enemies":"Lots of Slimes","floor":12,"turns":5},{"damage":0,"enemies":"Large Slime","floor":14,"turns":5},{"damage":9,"enemies":"Slime Boss","floor":16,"turns":11},{"damage":12,"enemies":"2 Thieves","floor":18,"turns":4},{"damage":7,"enemies":"3 Byrds","floor":19,"turns":4},{"damage":15,"enemies":"Centurion and Healer","floor":22,"turns":8},{"damage":8,"enemies":"Chosen and Byrds","floor":27,"turns":6},{"damage":12,"enemies":"Snake Plant","floor":28,"turns":3},{"damage":0,"enemies":"Gremlin Leader","floor":30,"turns":2}],"seed_played":"1341584607587593343","potions_obtained":[{"floor":3,"key":"FearPotion"},{"floor":4,"key":"FearPotion"},{"floor":7,"key":"GamblersBrew"},{"floor":10,"key":"Regen Potion"},{"floor":12,"key":"FearPotion"},{"floor":22,"key":"FearPotion"}],"is_trial":false,"path_per_floor":["M","M","M","M","M","R","E","R","T","M","R","M","$","M","R","B",null,"M","M","?","?","M","R","?","R","T","M","M","$","E"],"character_chosen":"THE_SILENT","items_purchased":["Regal Pillow","Block Potion"],"campfire_rested":0,"item_purchase_floors":[13,29],"current_hp_per_floor":[70,68,68,68,66,66,41,41,41,37,37,49,49,49,49,40,70,58,51,51,51,36,36,36,36,36,28,16,16,16],"gold":18,"neow_bonus":"UPGRADE_CARD","is_prod":false,"is_daily":false,"chose_seed":false,"campfire_upgraded":6,"win_rate":0,"timestamp":1552318776,"path_taken":["M","M","M","M","M","R","E","R","T","M","R","M","$","M","R","BOSS","M","M","?","?","M","R","?","R","T","M","?","?","E"],"build_version":"2019-01-23","purchased_purges":2,"victory":false,"max_hp_per_floor":[70,70,70,70,70,70,70,70,70,70,70,70,70,70,70,70,70,70,70,70,70,70,70,70,70,70,70,70,70,70],"card_choices":[{"not_picked":["Blade Dance","Masterful Stab"],"picked":"Backflip","floor":1},{"not_picked":["Outmaneuver","Slice"],"picked":"Cloak And Dagger","floor":2},{"not_picked":["Sucker Punch","Dagger Spray"],"picked":"Infinite Blades","floor":3},{"not_picked":["Deflect","Well Laid Plans"],"picked":"Accuracy","floor":4},{"not_picked":["Quick Slash","Skewer"],"picked":"Dodge and Roll","floor":5},{"not_picked":["Underhanded Strike","Slice","Flechettes"],"picked":"SKIP","floor":7},{"not_picked":["Masterful Stab","Backflip"],"picked":"Cloak And Dagger","floor":10},{"not_picked":["Poisoned Stab","Noxious Fumes"],"picked":"PiercingWail","floor":12},{"not_picked":["Leg Sweep","Poisoned Stab"],"picked":"Backflip","floor":14},{"not_picked":["Phantasmal Killer","Unload"],"picked":"Storm of Steel","floor":16},{"not_picked":["Outmaneuver+1","Bouncing Flask"],"picked":"Acrobatics+1","floor":18},{"not_picked":["Dagger Spray","Cloak And Dagger"],"picked":"Blade Dance","floor":19},{"not_picked":["Outmaneuver+1","Poisoned Stab+1"],"picked":"All Out Attack+1","floor":22},{"not_picked":["Prepared","Bouncing Flask"],"picked":"Finisher+1","floor":27},{"not_picked":["Bouncing Flask","Distraction+1"],"picked":"Flying Knee+1","floor":28}],"player_experience":812873,"relics_obtained":[{"floor":7,"key":"Boot"},{"floor":9,"key":"Orichalcum"}],"event_choices":[{"cards_removed":["Strike_G"],"damage_healed":0,"gold_gain":0,"player_choice":"Gave Gold","damage_taken":0,"max_hp_gain":0,"max_hp_loss":0,"event_name":"Beggar","floor":20,"gold_loss":75},{"damage_healed":0,"gold_gain":0,"player_choice":"Ignored","damage_taken":0,"max_hp_gain":0,"max_hp_loss":0,"event_name":"Ghosts","floor":21,"gold_loss":0},{"damage_healed":0,"gold_gain":0,"player_choice":"Trade","damage_taken":0,"relics_obtained":["CultistMask"],"max_hp_gain":0,"max_hp_loss":0,"event_name":"FaceTrader","floor":24,"gold_loss":0}],"is_beta":false,"boss_relics":[{"not_picked":["Black Star","Calling Bell"],"picked":"WristBlade"}],"items_purged_floors":[13,29],"is_endless":false,"potions_floor_spawned":[3,4,7,10,12,22],"killed_by":"Gremlin Leader","ascension_level":0}