{"gold_per_floor":[116,65,84,97,16,16,41,41,67,67,67,97,97,111,111,188,188,200,200,219,9,9,9,37,37,37,49,49,64,84,95,95,169,169,183,283,283,283,297,297,297,315,315,329,329,18,35,51,51,51],"floor_reached":50,"playtime":2535,"items_purged":["Strike_B","Strike_B"],"score":898,"play_id":"cff46e72-4d67-4cd6-8459-65d73b38c909","local_time":"20190202194648","is_ascension_mode":true,"campfire_choices":[{"data":"Zap","floor":6,"key":"SMITH"},{"data":"Dualcast","floor":8,"key":"SMITH"},{"data":"Loop","floor":10,"key":"SMITH"},{"data":"Rainbow","floor":13,"key":"SMITH"},{"floor":15,"key":"REST"},{"data":"Loop","floor":23,"key":"SMITH"},{"floor":25,"key":"REST"},{"data":"Coolheaded","floor":28,"key":"SMITH"},{"floor":32,"key":"REST"},{"floor":41,"key":"REST"},{"floor":45,"key":"REST"},{"floor":49,"key":"REST"}],"neow_cost":"NONE","seed_source_timestamp":790266612635100,"circlet_count":0,"master_deck":["AscendersBane","Strike_B","Strike_B+1","Defend_B","Defend_B","Defend_B","Defend_B","Zap+1","Dualcast+1","Rainbow+1","Loop+1","Cold Snap","BootSequence","Glacier","Ball Lightning","Fission+1","FTL","Glacier","Loop+1","Blizzard+1","Leap","Coolheaded+1","Melter+1","Fusion+1","Reboot","Redo+1","Master of Strategy","Madness","Madness","Consume","Rebound","Defragment","Hologram","Steam"],"relics":["FrozenCore","Omamori","Strawberry","Oddly Smooth Stone","Art of War","Cursed Key","Happy Flower","Whetstone","Mango","Bag of Preparation"],"potions_floor_usage":[7,12,16,30,33,50,50],"damage_taken":[{"damage":2,"enemies":"Jaw Worm","floor":1,"turns":4},{"damage":0,"enemies":"Cultist","floor":3,"turns":4},{"damage":8,"enemies":"Small Slimes","floor":4,"turns":3},{"damage":19,"enemies":"3 Sentries","floor":7,"turns":7},{"damage":13,"enemies":"Lagavulin","floor":12,"turns":5},{"damage":0,"enemies":"Red Slaver","floor":14,"turns":4},{"damage":18,"enemies":"Slime Boss","floor":16,"turns":5},{"damage":15,"enemies":"Shell Parasite","floor":18,"turns":6},{"damage":0,"enemies":"Spheric Guardian","floor":20,"turns":5},{"damage":26,"enemies":"Gremlin Leader","floor":24,"turns":8},{"damage":6,"enemies":"Snecko","floor":27,"turns":6},{"damage":8,"enemies":"Centurion and Healer","floor":29,"turns":5},{"damage":18,"enemies":"Cultist and Chosen","floor":30,"turns":7},{"damage":2,"enemies":"Snake Plant","floor":31,"turns":4},{"damage":26,"enemies":"Collector","floor":33,"turns":11},{"damage":0,"enemies":"3 Shapes","floor":35,"turns":7},{"damage":0,"enemies":"Mind Bloom Boss Battle","floor":36,"turns":7},{"damage":13,"enemies":"3 Darklings","floor":39,"turns":5},{"damage":38,"enemies":"Spire Growth","floor":42,"turns":6},{"damage":31,"enemies":"Writhing Mass","floor":44,"turns":7},{"damage":0,"enemies":"4 Shapes","floor":47,"turns":6},{"damage":28,"enemies":"Spire Growth","floor":48,"turns":5},{"damage":36,"enemies":"Awakened One","floor":50,"turns":4}],"seed_played":"-5803341466466376808","potions_obtained":[{"floor":3,"key":"Explosive Potion"},{"floor":4,"key":"Poison Potion"},{"floor":7,"key":"SkillPotion"},{"floor":18,"key":"Energy Potion"},{"floor":20,"key":"EssenceOfSteel"},{"floor":31,"key":"LiquidBronze"},{"floor":36,"key":"FocusPotion"},{"floor":42,"key":"Dexterity Potion"}],"is_trial":false,"path_per_floor":["M","?","M","M","$","R","E","R","T","R","$","E","R","M","R","B",null,"M","?","M","$","?","R","E","R","T","M","R","M","M","M","R","B",null,"M","?","?","?","M","?","R","M","T","M","R","$","M","M","R","B"],"character_chosen":"DEFECT","items_purchased":["BootSequence","Blizzard","Leap","Defragment","FocusPotion","Hologram"],"campfire_rested":6,"item_purchase_floors":[5,21,21,46,46,46],"current_hp_per_floor":[62,62,62,54,54,54,42,42,42,42,42,29,29,29,52,34,67,52,52,52,52,52,52,26,49,49,43,43,35,17,15,38,12,62,62,76,76,76,63,46,73,35,35,4,31,31,31,3,30,0],"gold":51,"neow_bonus":"ONE_RANDOM_RARE_CARD","is_prod":false,"is_daily":false,"chose_seed":false,"campfire_upgraded":6,"win_rate":0,"timestamp":1549133208,"path_taken":["M","?","M","M","?","R","E","R","T","R","$","E","R","M","R","BOSS","M","?","?","$","?","R","E","R","T","M","R","M","?","M","R","BOSS","M","?","?","?","M","?","R","M","T","?","R","$","M","M","R","BOSS"],"build_version":"2019-01-23","purchased_purges":2,"victory":false,"max_hp_per_floor":[71,71,71,71,71,71,78,78,78,78,78,78,78,78,78,78,78,78,78,78,78,78,78,78,78,78,78,78,78,78,78,78,78,78,78,92,92,92,92,92,92,92,92,92,92,92,92,92,92,92],"card_choices":[{"not_picked":["Conserve Battery","Cold Snap"],"picked":"Loop","floor":1},{"not_picked":["Chaos","Hologram","Streamline"],"picked":"SKIP","floor":3},{"not_picked":["Double Energy","Gash"],"picked":"Cold Snap","floor":4},{"not_picked":["Recycle","Chaos","Hologram"],"picked":"SKIP","floor":7},{"not_picked":["Go for the Eyes","Sweeping Beam"],"picked":"Glacier","floor":12},{"not_picked":["Gash","Hologram"],"picked":"Ball Lightning","floor":14},{"not_picked":["Rainbow","Buffer"],"picked":"Fission","floor":16},{"not_picked":["Blizzard","Fusion"],"picked":"FTL","floor":18},{"not_picked":["Turbo","Ball Lightning+1"],"picked":"Loop","floor":20},{"not_picked":["Hello World","Rebound"],"picked":"Coolheaded","floor":24},{"not_picked":["Streamline","Chill"],"picked":"Melter+1","floor":27},{"not_picked":["Recycle","Scrape","Sweeping Beam"],"picked":"SKIP","floor":29},{"not_picked":["Scrape","Buffer"],"picked":"Fusion+1","floor":30},{"not_picked":["Darkness","Redo","Streamline+1"],"picked":"SKIP","floor":31},{"not_picked":["Creative AI","Rainbow"],"picked":"Reboot","floor":33},{"not_picked":["Tempest","Sweeping Beam","Recycle+1"],"picked":"SKIP","floor":35},{"not_picked":["Hologram","Chaos"],"picked":"Redo+1","floor":36},{"not_picked":["Sadistic Nature","Swift Strike"],"picked":"Master of Strategy","floor":37},{"not_picked":["Barrage","Redo","Genetic Algorithm"],"picked":"SKIP","floor":39},{"not_picked":["Coolheaded","Streamline"],"picked":"Consume","floor":42},{"not_picked":["Turbo","Thunder Strike"],"picked":"Rebound","floor":44},{"not_picked":["Darkness","Force Field"],"picked":"Steam","floor":47},{"not_picked":["White Noise","Conserve Battery","Skim"],"picked":"SKIP","floor":48}],"player_experience":441897,"relics_obtained":[{"floor":7,"key":"Strawberry"},{"floor":9,"key":"Oddly Smooth Stone"},{"floor":12,"key":"Art of War"},{"floor":24,"key":"Happy Flower"},{"floor":26,"key":"Whetstone"},{"floor":36,"key":"Mango"},{"floor":43,"key":"Bag of Preparation"}],"event_choices":[{"damage_healed":0,"gold_gain":0,"player_choice":"Paid Gold","damage_taken":0,"relics_obtained":["Omamori"],"max_hp_gain":0,"max_hp_loss":0,"event_name":"WeMeetAgain","floor":2,"gold_loss":51},{"damage_healed":0,"gold_gain":0,"player_choice":"Copied","damage_taken":0,"max_hp_gain":0,"max_hp_loss":0,"event_name":"Duplicator","floor":19,"gold_loss":0,"cards_obtained":["Glacier"]},{"damage_healed":0,"gold_gain":0,"player_choice":"Forge","damage_taken":0,"max_hp_gain":0,"max_hp_loss":0,"event_name":"Accursed Blacksmith","floor":22,"gold_loss":0,"cards_upgraded":["Fission"]},{"damage_healed":0,"gold_gain":0,"player_choice":"Fight","damage_taken":0,"max_hp_gain":0,"max_hp_loss":0,"event_name":"MindBloom","floor":36,"gold_loss":0},{"damage_healed":0,"gold_gain":0,"player_choice":"Memory 1","damage_taken":0,"max_hp_gain":0,"max_hp_loss":0,"event_name":"SensoryStone","floor":37,"gold_loss":0},{"damage_healed":0,"gold_gain":0,"player_choice":"Ignored","damage_taken":0,"max_hp_gain":0,"max_hp_loss":0,"event_name":"Tomb of Lord Red Mask","floor":38,"gold_loss":0},{"damage_healed":0,"gold_gain":0,"player_choice":"Embrace Madness","damage_taken":17,"max_hp_gain":0,"max_hp_loss":0,"event_name":"Winding Halls","floor":40,"gold_loss":0,"cards_obtained":["Madness","Madness"]}],"is_beta":false,"boss_relics":[{"not_picked":["Lizard Tail","Inserter"],"picked":"Cursed Key"},{"not_picked":["Sozu","Orrery"],"picked":"FrozenCore"}],"items_purged_floors":[21,46],"is_endless":false,"potions_floor_spawned":[3,4,7,18,20,24,31,36,42,47],"killed_by":"Awakened One","ascension_level":17}