{"gold_per_floor":[115,115,135,205,219,252,265,265,265,265,280,280,310,374,374,475,475,485,535,585,83,64,93,93,113,113,181,181,83,103,103],"floor_reached":31,"playtime":8731,"items_purged":["Strike_R"],"score":426,"play_id":"8a1efdaa-0ae7-4f1f-9256-ac1b9276e96c","local_time":"20190415015801","is_ascension_mode":true,"campfire_choices":[{"data":"Uppercut","floor":8,"key":"SMITH"},{"data":"Anger","floor":10,"key":"SMITH"},{"data":"Shrug It Off","floor":12,"key":"SMITH"},{"floor":15,"key":"REST"},{"floor":24,"key":"REST"},{"floor":28,"key":"REST"}],"neow_cost":"NONE","seed_source_timestamp":11947801732100,"circlet_count":0,"master_deck":["Strike_R","Defend_R","Defend_R","Defend_R","Defend_R","Bash+1","Pommel Strike","Uppercut+1","Anger+1","Flex","Shrug It Off+1","Disarm","Cleave","Demon Form+1","Pommel Strike+1","Exhume+1","Limit Break+1","Iron Wave","Fire Breathing+1","Heavy Blade+1","Rampage","Metallicize+1","Spot Weakness"],"relics":["Burning Blood","SsserpentHead","Lantern","Gremlin Horn","Frozen Egg 2","Astrolabe","MawBank","Oddly Smooth Stone","Lee\u0027s Waffle","Vajra","Ornamental Fan"],"potions_floor_usage":[6,7,13,23,27],"damage_taken":[{"damage":8,"enemies":"2 Louse","floor":1,"turns":4},{"damage":1,"enemies":"Cultist","floor":3,"turns":3},{"damage":9,"enemies":"Jaw Worm","floor":4,"turns":2},{"damage":12,"enemies":"Looter","floor":5,"turns":3},{"damage":25,"enemies":"Lagavulin","floor":6,"turns":4},{"damage":11,"enemies":"Exordium Thugs","floor":7,"turns":4},{"damage":5,"enemies":"Red Slaver","floor":11,"turns":2},{"damage":27,"enemies":"3 Sentries","floor":13,"turns":7},{"damage":9,"enemies":"Gremlin Gang","floor":14,"turns":4},{"damage":18,"enemies":"The Guardian","floor":16,"turns":9},{"damage":19,"enemies":"Spheric Guardian","floor":18,"turns":4},{"damage":20,"enemies":"2 Thieves","floor":22,"turns":4},{"damage":48,"enemies":"Gremlin Leader","floor":23,"turns":5},{"damage":33,"enemies":"Cultist and Chosen","floor":25,"turns":8},{"damage":16,"enemies":"3 Cultists","floor":27,"turns":6},{"damage":42,"enemies":"Shelled Parasite and Fungi","floor":30,"turns":6},{"damage":11,"enemies":"Centurion and Healer","floor":31,"turns":2}],"seed_played":"6589622588297376634","potions_obtained":[{"floor":3,"key":"Energy Potion"},{"floor":4,"key":"Poison Potion"},{"floor":5,"key":"Explosive Potion"},{"floor":14,"key":"FearPotion"},{"floor":22,"key":"Fire Potion"},{"floor":23,"key":"Dexterity Potion"},{"floor":27,"key":"Ancient Potion"}],"is_trial":false,"path_per_floor":["M","?","M","M","M","E","M","R","T","R","M","R","E","M","R","B",null,"M","?","?","$","M","E","R","M","T","M","R","$","M","M"],"character_chosen":"IRONCLAD","items_purchased":["Oddly Smooth Stone","Lee\u0027s Waffle","Fire Breathing+1","Metallicize+1","Spot Weakness"],"campfire_rested":3,"item_purchase_floors":[21,21,21,29,29],"current_hp_per_floor":[70,70,75,72,66,47,42,42,42,42,43,43,22,19,43,31,68,55,55,55,87,73,31,57,30,30,20,46,46,10,0],"gold":103,"neow_bonus":"UPGRADE_CARD","is_prod":false,"is_daily":false,"chose_seed":false,"campfire_upgraded":3,"win_rate":0,"timestamp":1555286281,"path_taken":["M","?","M","?","M","E","M","R","T","R","M","R","E","?","R","BOSS","M","?","?","$","M","E","R","M","T","?","R","?","M","M"],"build_version":"2019-01-23","purchased_purges":1,"victory":false,"max_hp_per_floor":[80,80,80,80,80,80,80,80,80,80,80,80,80,80,80,80,80,80,80,80,87,87,87,87,87,87,87,87,87,87,87],"card_choices":[{"not_picked":["Combust","Evolve"],"picked":"Pommel Strike","floor":1},{"not_picked":["Seeing Red","Heavy Blade"],"picked":"Uppercut","floor":3},{"not_picked":["Infernal Blade","Perfected Strike"],"picked":"Anger","floor":4},{"not_picked":["Combust","Feel No Pain"],"picked":"Flex","floor":5},{"not_picked":["Flex","Rage"],"picked":"Shrug It Off","floor":6},{"not_picked":["Warcry","Searing Blow"],"picked":"Disarm","floor":7},{"not_picked":["Corruption","Wild Strike","Blood for Blood"],"picked":"SKIP","floor":11},{"not_picked":["Headbutt","Warcry"],"picked":"Cleave","floor":13},{"not_picked":["Pummel","Heavy Blade","Sword Boomerang"],"picked":"SKIP","floor":14},{"not_picked":["Double Tap","Berserk+1"],"picked":"Demon Form+1","floor":16},{"not_picked":["Body Slam","Warcry"],"picked":"Iron Wave","floor":18},{"not_picked":["Shrug It Off","Perfected Strike"],"picked":"Heavy Blade+1","floor":22},{"not_picked":["Armaments+1","Sword Boomerang","Rage"],"picked":"SKIP","floor":23},{"not_picked":["Twin Strike","Corruption+1","Thunderclap"],"picked":"SKIP","floor":25},{"not_picked":["True Grit","Body Slam+1"],"picked":"Rampage","floor":27},{"not_picked":["Uppercut","Flex","Carnage"],"picked":"SKIP","floor":30}],"player_experience":638165,"relics_obtained":[{"floor":6,"key":"Lantern"},{"floor":9,"key":"Gremlin Horn"},{"floor":13,"key":"Frozen Egg 2"},{"floor":23,"key":"Vajra"},{"floor":26,"key":"Ornamental Fan"}],"event_choices":[{"damage_healed":0,"gold_gain":0,"player_choice":"Trade","damage_taken":0,"relics_obtained":["SsserpentHead"],"max_hp_gain":0,"max_hp_loss":0,"event_name":"FaceTrader","floor":2,"gold_loss":0},{"damage_healed":0,"gold_gain":0,"player_choice":"Ignored","damage_taken":0,"max_hp_gain":0,"max_hp_loss":0,"event_name":"Ghosts","floor":19,"gold_loss":0},{"damage_healed":0,"gold_gain":0,"player_choice":"Gave Potion","damage_taken":0,"relics_obtained":["MawBank"],"max_hp_gain":0,"max_hp_loss":0,"event_name":"WeMeetAgain","floor":20,"gold_loss":0}],"is_beta":false,"boss_relics":[{"not_picked":["Tiny House","Runic Pyramid"],"picked":"Astrolabe"}],"items_purged_floors":[21],"is_endless":false,"potions_floor_spawned":[3,4,5,14,22,23,27],"killed_by":"Centurion and Healer","ascension_level":9}